4032 6070
383 549 454 620 262
838 539 1395 604 nsosrsnsutuon.

384 694 580 762 communis
611 705 726 760 autent
753 713 919 760 numerus
946 691 1090 769 dieitur,
1123 692 1184 778 qui
1207 691 1382 776 singulare
1405 704 1439 756 et
1460 692 1594 780 plurale
1615 713 1745 758 nomen
1768 713 1856 760 oon-

382 801 493 865 tinere
524 798 714 875 invenitur,
742 809 782 862 ut
807 808 908 885 puta:
942 795 1050 871 dies,
1073 793 1226 872 nubes,
1251 795 1365 858 acies
1388 807 1422 859 et
1445 807 1559 860 cetera
1580 795 1673 862 talia.
1696 795 1795 881 Quae
1814 799 1857 881 Ι’)

381 901 515 966 scilicet
545 901 589 966 ad
612 901 652 982 ”)
683 899 894 984 singularem
925 911 959 962 et
987 898 1032 963 ad
1052 891 1093 979 ¹³)
1121 895 1291 982 pluralem
1313 916 1495 960 numerum
1521 899 1731 985 respondere
1753 921 1856 985 repe-

381 1005 533 1080 riuntur,
564 1005 650 1068 haec
680 1002 874 1068 communis
903 1000 1042 1064 numeri
1071 1019 1145 1064 esse
1169 991 1209 1082 ¹⁶)
1232 1000 1512 1085 pronuntiamur.
1543 999 1634 1064 Sane
1658 1001 1761 1064 etiam
1784 1003 1855 1065 boc

380 1127 582 1182 monemus,
612 1104 708 1190 quod
736 1105 822 1168 haec
849 1103 992 1167 nomina
1020 1121 1092 1166 non
1120 1099 1309 1165 secundum
1338 1121 1558 1166 communem
1582 1122 1765 1166 numerum
1788 1123 1855 1189 per

380 1229 501 1272 omnes
525 1228 623 1272 casus
644 1217 884 1292 perseverant;
908 1205 1040 1270 scilicet
1063 1205 1229 1290 quoniam
1257 1199 1297 1286 ¹⁵)
1320 1205 1349 1268 si
1372 1217 1423 1268 est
1447 1205 1538 1269 dies
1569 1207 1765 1270 communis
1787 1226 1854 1269 nu·

380 1311 485 1386 meri,
509 1309 597 1374 diei
619 1321 733 1374 autem
757 1307 957 1393 singularis,
981 1308 1140 1371 dierum
1162 1327 1247 1371 ¹vero
1269 1305 1429 1392 pluralis,
1454 1319 1488 1370 et
1510 1307 1601 1384 ideo,
1624 1320 1663 1372 ut
1685 1309 1853 1385 diximus,

379 1409 465 1478 baec
486 1413 630 1476 nomina
650 1432 715 1497 per
737 1431 836 1475 casus
858 1410 1048 1474 secundum
1072 1429 1171 1474 suum
1194 1428 1378 1472 numerum
1402 1421 1482 1474 sunt
1504 1409 1772 1494 pronuntianda.

466 1517 537 1580 l'll.
559 1513 623 1577 DE
638 1511 874 1578 ACCENTU.
897 1513 951 1576 De
974 1510 1174 1578 accentibus
1192 1503 1233 1593 ¹⁶)
1256 1523 1392 1586 antem,
1425 1512 1506 1597 quia
1528 1530 1600 1576 uon
1622 1509 1738 1576 brevis
1761 1513 1852 1576 ratio

378 1627 447 1692 est,
471 1615 507 1678 in
530 1615 649 1679 metris
672 1635 751 1679 oum
781 1613 921 1698 syllabis
952 1627 1192 1700 competenter
1212 1613 1437 1678 tractabimus
1454 1617 1504 1698 ¹²).
1536 1615 1640 1678 Nune
1663 1615 1853 1700 quoniam,

377 1737 467 1803 quae
490 1717 652 1781 accidunt
670 1711 708 1802 ¹⁸)
731 1717 868 1781 nomini
890 1736 936 1780 ex
956 1716 1080 1788 ordina
1100 1717 1263 1780 universa
1285 1718 1326 1798 ¹⁹)
1354 1715 1590 1792 tractavimus,
1620 1727 1654 1780 et
1676 1716 1756 1780 ideo
1778 1717 1849 1779 iam

378 1817 547 1884 ablativus
564 1821 607 1902 ²⁰)
628 1838 727 1884 casus
749 1819 886 1882 numeri
908 1817 1094 1904 singularis
1117 1817 1243 1905 quibus
1265 1817 1322 1882 vel
1345 1831 1430 1904 quot
1452 1819 1577 1882 litteris
1599 1818 1853 1901 deliniatur²'),

377 1920 573 1987 doceamus.

463 2027 534 2088 172.
557 2021 622 2086 DE
641 2021 883 2088 ABLA'rtvo
911 2021 1042 2088 CASU.
1073 2021 1255 2088 Ablativus
1284 2041 1382 2088 casus
1409 2023 1546 2086 numeri
1574 2022 1758 2107 singularis
1781 2021 1851 2084 vlt
1921 2106 1922 2109 Ἴ

375 2125 428 2188 lais
450 2123 591 2202 litteris,
606 2124 769 2188 definitur
797 2117 947 2200 tantum,
979 2125 1047 2188 hoc
1069 2137 1121 2190 est
1141 2125 1321 2190 vocalibus
1350 2125 1384 2186 V
1408 2124 1458 2187 ·Λ·
1481 2123 1533 2186 ·Ε·
1557 2124 1596 2187 ·1·
1619 2124 1678 2189 ·0·
1701 2125 1772 2200 ·1J·;
1795 2145 1851 2188 se·

373 2224 604 2290 mivooalibus
632 2226 765 2291 duabus
795 2226 855 2291 ·Μ·
886 2225 945 2292 ·5·.
975 2226 1106 2290 Harum
1136 2227 1352 2312 singularum
1385 2227 1555 2292 rationem
1587 2225 1777 2291 subicimus
1796 2230 1852 2310 ²¹),

374 2347 444 2412 qua
471 2327 698 2393 dinoscantur
727 2329 887 2404 nomina,
917 2328 1210 2414 quemadmodum
1245 2328 1437 2394 secundum
1468 2327 1596 2392 formas
1628 2322 1764 2414 suas²³)
1786 2349 1854 2414 per

374 2449 472 2492 casus
495 2428 724 2494 declinentur.

461 2532 532 2596 173.
554 2531 620 2594 ΒΕ
641 2530 693 2593 ul·
720 2521 772 2614 ³⁴).
802 2531 854 2596 ·ll·
884 2532 999 2596 littera
1021 2522 1063 2614 ²⁵)
1094 2531 1264 2598 ablativus
1288 2551 1386 2594 casus
1409 2531 1545 2594 numeri
1570 2531 1755 2616 singularis
1778 2543 1851 2596 ter-

372 2632 523 2696 minatus
546 2651 674 2716 genera
696 2632 783 2696 baec
805 2634 872 2697 tria
895 2635 1050 2698 continet
1067 2647 1218 2699 tantum:
1242 2632 1485 2708 masculinnm,
1510 2631 1727 2710 femininum,
1751 2653 1851 2699 com-

372 2753 489 2800 mune.
740 2777 743 2783 ,

461 2835 609 2903 1741)ss
623 2833 814 2901 GENERE
829 2835 1121 2903 MASCULINO.
1136 2837 1323 2904 Masonlini
1334 2837 1471 2924 generis
1484 2837 1638 2914 nomina,
1654 2857 1743 2922 quae
1754 2835 1853 2901 abla-

371 2937 445 3002 tivo
469 2957 550 3003 casn
570 2937 708 3002 numeri
730 2939 915 3023 singularis
938 2939 990 3004 ·Λ·
1012 2938 1126 3004 littera
1148 2942 1396 3017 terminantur,
1421 2941 1506 3003 haec
1525 2939 1742 3003 nominativo
1767 2959 1851 3003 casu

338 3053 342 3060 '
370 3039 508 3104 numeri
537 3038 722 3126 singularis
745 3039 796 3104 lV
818 3041 872 3105 his
896 3031 939 3123 ¹⁶)
968 3041 1088 3108 lormis
1116 3043 1329 3108 definiuntur
1351 3043 1392 3126 ¹⁷)
1416 3053 1567 3106 tantum:
1598 3041 1649 3106 ·Α·
1673 3041 1743 3105 ·ΙΑ·
1767 3041 1850 3106 ·Αδ·

459 3247 530 3312 175.
552 3243 618 3308 DE
641 3243 703 3308 ·A·.
735 3243 986 3332 Quaecumque
1013 3247 1157 3310 nomina
1191 3246 1328 3330 generis
1357 3245 1541 3310 masculini
1570 3243 1723 3310 ablativo
1752 3263 1848 3320 casn,

265 3377 295 3426 v,
314 3377 362 3426 ,ω
371 3345 509 3408 numeri
531 3345 716 3430 singularis
739 3345 791 3410 ·Α·
813 3346 926 3412 littera
948 3349 1194 3424 terminantur,
1218 3360 1252 3412 at
1272 3349 1490 3412 nominativo
1514 3367 1595 3411 casu
1617 3347 1753 3409 numeri
1773 3347 1846 3410 sin-

262 3436 502 3544 '‘gfffflfllfll·
525 3447 576 3510 ·Α·
600 3447 715 3512 littera
735 3460 816 3535 post
839 3463 1090 3514 consonantem
1114 3449 1336 3525 deliniuntur,
1359 3449 1536 3534 lutputa:
1561 3448 1610 3512 ab
1632 3450 1712 3513 boe
1734 3447 1846 3512 Cati-

371 3547 466 3612 lina
481 3539 542 3631 ²⁴),
565 3549 638 3613 hic
661 3547 875 3626 Catilina,
899 3554 984 3616 lraec
1006 3552 1051 3616 ad
1073 3554 1140 3616 hoc
1164 3553 1362 3637 exemplum
1387 3545 1622 3615 declinantur:

455 3649 602 3714 Numeri
626 3651 884 3737 singularis’⁹):
908 3655 975 3717 hic
1000 3653 1203 3730 Catilina,
1232 3655 1355 3718 huius
1379 3652 1613 3729 Catilinae,
1643 3651 1745 3714 huic
1769 3647 1844 3714 Ca-

371 3752 539 3831 tilinae,
567 3755 678 3818 huuc
705 3752 958 3829 Catilinam,
986 3775 1008 3818 o
1038 3753 1243 3831 Catilina,
1275 3755 1325 3820 ab
1358 3757 1434 3820 hoc
1467 3753 1665 3820 Catilina.
1694 3751 1843 3816 Numeri

370 3852 515 3939 pluralis
533 3847 594 3936 3“);
618 3855 661 3918 hi
685 3852 917 3932 Catilinae,
940 3858 1086 3921 horum
1112 3855 1409 3934 Catilinarum,
1433 3859 1497 3922 his
1520 3855 1744 3931 Catilinis,
1769 3856 1848 3918 hoa

372 3953 614 4030 Catilinas,
637 3975 659 4019 o
683 3953 917 4032 Catilinae,
939 3957 987 4022 ab
1010 3959 1076 4022 his
1101 3957 1313 4024 Catilinis.

457 4054 517 4120 Sic
539 4068 574 4121 et
595 4056 662 4121 alia
684 4057 822 4142 generis
844 4059 1027 4124 masculini
1049 4061 1203 4138 nomina,
1228 4081 1317 4146 quae
1340 4061 1491 4128 ablativo
1515 4079 1597 4126 casu
1618 4055 1756 4123 numeri
1771 4057 1844 4122 sin·

415 4413 451 4482 ¹¹)
478 4409 558 4486 Quae
579 4411 615 4468 V.
630 4414 668 4467 A.
686 4441 723 4458 -
740 4433 793 4487 qua
811 4416 844 4471 Β.
874 4417 910 4487 ”)
928 4412 965 4467 ad
983 4416 1020 4472 V.
1038 4414 1075 4469 A.
1094 4439 1131 4466 =
1148 4417 1180 4470 B.
1209 4419 1243 4490 '.³l
1263 4413 1298 4468 ad
1316 4417 1341 4469 B
1368 4417 1404 4471 V.
1420 4418 1451 4470 P.
1470 4439 1508 4466 =
1524 4416 1561 4470 A.
1585 4416 1618 4486 ¹⁴)
1637 4431 1698 4467 esse
1716 4413 1797 4470 B·V.
1812 4414 1843 4467 P.

475 4522 511 4550 =
528 4501 567 4554 A.
589 4501 623 4571 ¹⁵)
643 4501 770 4574 quoniam
790 4503 821 4557 Β.
832 4503 868 4556 V.
881 4504 918 4556 A.
937 4523 973 4553 =
990 4504 1021 4556 Ρ.
1044 4504 1080 4572 ¹⁵)
1100 4501 1260 4556 accentibus
1279 4507 1311 4559 B.
1332 4506 1367 4560 V.
1384 4506 1416 4559 P.
1437 4533 1467 4546 -
1488 4511 1604 4556 accentu
1621 4502 1659 4557 A.
1689 4505 1724 4571 ¹⁷)
1743 4509 1845 4554 tracta·

476 4587 568 4642 bimus
588 4589 624 4646 V.
643 4619 678 4630 -
697 4590 871 4643 bacurimua
890 4590 922 4644 Β.
935 4592 972 4646 A.
1002 4592 1037 4662 ¹⁸)
1055 4587 1189 4644 accidunt
1215 4592 1252 4648 V.
1265 4595 1295 4646 A
1316 4594 1349 4649 Β.
1369 4611 1404 4646 ex
1422 4611 1522 4662 enapr.
1541 4609 1578 4645 m.
1595 4621 1632 4632 —
1650 4585 1790 4642 accedunt
1807 4589 1841 4643 tt.

476 4696 494 4730 a
512 4696 554 4748 pr.
574 4695 609 4730 m.
632 4679 667 4750 ¹⁹)
687 4678 812 4730 universa
829 4677 863 4731 Β.
881 4677 912 4732 V
911 4714 917 4728 ·
933 4677 970 4732 A.
988 4707 1025 4720 ·-
1042 4677 1168 4732 univerae
1187 4679 1218 4733 P.
1240 4683 1275 4750 ¹⁰)
1295 4676 1430 4734 ablativus
1449 4681 1482 4734 Β.
1500 4708 1537 4722 -
1554 4675 1688 4731 ablativos
1713 4675 1748 4732 V.
1761 4674 1845 4729 A.-

476 4763 587 4818 ablativi
604 4765 637 4818 1³.
663 4765 701 4836 ²¹)
721 4762 866 4817 deliniatur
883 4765 915 4819 Β.
934 4795 970 4806 -
988 4762 1155 4820 deliniantur
1172 4767 1208 4823 V.
1224 4768 1260 4821 A.
1287 4768 1325 4839 ²³)
1344 4766 1496 4822 subicimus
1515 4767 1550 4820 A.
1569 4797 1604 4807 -
1622 4761 1786 4818 eubiieimaa
1805 4763 1838 4820 Β.

479 4851 515 4906 V.
535 4866 620 4905 comt.
634 4853 685 4922 esr.
700 4853 824 4906 Lindem.
845 4853 883 4906 ad
901 4854 994 4924 Poutp.
1013 4872 1041 4924 p.
1060 4856 1104 4912 75.
1124 4857 1160 4924 ¹⁸)
1178 4871 1243 4909 suaa
1261 4855 1293 4910 Β.
1314 4856 1350 4910 V.
1364 4856 1395 4909 Ρ.
1413 4877 1450 4907 ·.-.
1467 4855 1503 4910 A.
1525 4855 1560 4924 ²⁴)
1580 4853 1624 4908 Da
1643 4853 1684 4906 ·Δ·
1704 4853 1736 4907 Β.
1755 4852 1792 4908 V·
1808 4883 1844 4893 ·-

476 4969 510 4982 -
530 4935 565 4989 da
585 4941 624 4990 ·Δ·
643 4937 735 4992 littera
752 4940 792 4996 A.
813 4941 848 5012 ⁸⁵)
869 4941 908 4994 ·Δ·
927 4938 1020 4995 littera
1037 4941 1071 4996 Β.
1081 4941 1170 4996 V..—
1190 4946 1231 4994 ·Α·
1251 4941 1410 5015 (=littera)
1430 4944 1461 4996 P.
1476 4967 1512 4993 =
1528 4942 1564 4995 A.
1585 4943 1621 5010 ¹⁸)
1640 4937 1684 4994 bia
1702 4940 1735 4997 Β.
1752 4940 1788 4993 V.
1806 4969 1843 4980 ·-

476 5023 511 5076 its
529 5025 565 5076 A.
594 5026 632 5096 ¹⁷)
653 5023 822 5082 deliniuntur
838 5027 870 5082 Β.
889 5029 926 5085 V.
944 5030 974 5083 Ρ.
990 5061 1027 5072 -
1045 5026 1210 5086 deliniantur
1227 5032 1263 5084 A.
1287 5031 1327 5101 ³¹)
1356 5029 1475 5084 Catilina
1494 5031 1530 5085 V.
1544 5029 1582 5084 A.
1601 5058 1637 5071 -
1656 5025 1788 5082 Catillina
1805 5027 1839 5082 B.

477 5123 562 5161 comt.
587 5117 622 5179 ²⁹)
646 5113 752 5166 numeri
777 5114 923 5186 singularis
947 5119 980 5173 B.
1005 5149 1042 5160 -·
1066 5134 1179 5172 numero
1204 5116 1336 5190 singulari
1362 5119 1397 5173 V.
1423 5145 1456 5160 -
1481 5133 1610 5170 uumerus
1635 5111 1782 5188 singrdaria
1803 5114 1843 5169 A.

477 5198 513 5262 ³⁰)
533 5195 646 5251 Numeri
664 5197 777 5270 pluralia
794 5203 829 5257 Β.
848 5233 882 5246 -
900 5219 1014 5261 numero
1033 5204 1133 5280 plurali
1152 5207 1188 5266 V.
1208 5239 1242 5252 -·
1260 5222 1390 5262 numerus
1409 5204 1524 5280 pluralia
1541 5207 1578 5264 A.
