4032 6070
394 527 465 602 κ.)
855 517 1413 577 nsosssusuruon.

397 673 432 736 in
463 669 580 736 dativo
608 669 665 736 rel
694 665 847 736 ablativo
879 687 961 734 casu
990 667 1128 734 numeri
1156 666 1301 754 pluralia
1330 679 1410 734 ante
1437 669 1596 734 ultimam
1618 677 1869 734 consonantem

394 793 458 862 per
480 773 565 838 dues
589 773 626 836 ·1·
658 772 790 836 litteras
818 771 1016 836 scribantur
1039 764 1091 854 5ο).
1122 769 1196 834 Hac
1219 768 1261 834 dc
1285 789 1405 849 causa,
1437 773 1603 858 qnoniam
1627 788 1869 856 quaecumque

393 877 538 940 nomina
566 874 718 940 ablativo
740 875 829 938 'casu
857 873 994 968 numeri
1026 870 1210 955 singularis
1241 871 1291 936 Ἀ·
1314 872 1429 937 littera
1449 865 1490 960 55)
1513 873 1759 948 terminantur,
1784 875 1869 938 baec

394 979 430 1042 in
452 977 569 1044 dativo
592 977 648 1042 vel
663 967 704 1060 ⁵¹)
728 975 879 1042 ablativo
903 995 986 1040 casu
1008 974 1145 1038 numeri
1166 973 1311 1058 pluralis
1334 995 1413 1038 cum
1437 974 1560 1039 eodem
1576 974 1693 1039 dativo
1717 988 1752 1038 et
1773 973 1868 1038 abla-

285 1087 314 1134 v.
336 1081 466 1152 stativo
490 1071 531 1162 ⁵³)
559 1097 641 1144 casu
669 1078 807 1144 numeri
838 1077 1023 1162 singularis
1051 1076 1128 1162 pari
1159 1095 1305 1140 numero
1324 1069 1368 1158 55)
1391 1075 1600 1159 syllabarum
1623 1089 1764 1164 oportet
1785 1095 1868 1162 pro·

392 1182 556 1246 nuntiari.
1548 1241 1555 1247 .

480 1287 552 1350 180.
577 1282 663 1346 Item
688 1280 791 1344 etiam
812 1281 881 1346 boc
900 1299 1081 1344 monemus
1094 1280 1131 1344 in
1148 1281 1213 1344 hac
1228 1277 1339 1343 forma
1354 1281 1491 1363 generis
1507 1279 1704 1357 masculini,
1728 1299 1799 1366 qua
1814 1277 1868 1346 di·

391 1387 508 1451 ximus
533 1383 683 1450 ablatiso
708 1401 790 1446 casu
813 1382 950 1446 numeri
968 1380 1153 1466 singularis
1173 1381 1316 1446 nomina
1340 1382 1391 1445 al·
1409 1381 1524 1446 littera
1549 1372 1591 1464 55)
1610 1381 1809 1458 terminari,
1833 1395 1867 1446 et

263 1497 266 1502 '
391 1487 607 1553 nominativo
637 1505 718 1550 casn
745 1485 883 1548 numeri
913 1483 1099 1574 singularis
1129 1483 1198 1548 ln·
1226 1483 1351 1548 litteris
1381 1483 1517 1548 deliniri
1539 1475 1600 1567 55),
1629 1483 1726 1569 qnod
1756 1503 1866 1548 exea

390 1588 594 1676 plusquam
617 1586 749 1652 XXXll
772 1585 867 1664 soni,
895 1586 963 1650 boc
989 1597 1053 1663 est,
1081 1584 1213 1648 xxxtl
1241 1585 1385 1650 nomina
1408 1580 1451 1669 ⁵7)
1476 1603 1546 1649 non
1580 1585 1717 1672 possint
1736 1577 1780 1668 ⁵')
1803 1605 1867 1649 ex-

390 1691 503 1757 hiberi
519 1686 574 1774 55).

474 1793 529 1856 Ι)ο
549 1791 660 1856 forma
680 1789 817 1876 generis
845 1788 1044 1865 masculini,
1068 1807 1136 1874 qua
1158 1781 1200 1868 5·’)
1228 1785 1382 1852 ablativo
1408 1807 1490 1852 casu
1515 1791 1653 1852 numeri
1679 1789 1866 1874 singularis

389 1893 532 1958 nomina
555 1893 606 1957 ·A·
625 1892 741 1957 littera
757 1885 802 1974 5“·)
833 1891 1081 1966 terminantur,
1119 1902 1153 1954 et
1177 1889 1393 1954 nominativo
1417 1910 1499 1954 casn
1518 1891 1655 1954 numeri
1680 1891 1867 1975 singularis

389 1993 809 2073 ·1A·litteris,non·lA‘
834 1991 983 2075 syllaba,
1016 1991 1244 2068 deliniuntur,
1274 2004 1442 2077 quantum
1469 1993 1558 2056 ratio
1577 1992 1764 2078 poscebat,
1795 2005 1865 2057 tra·

389 2098 556 2162 ctavimus
573 2090 630 2181 55’).

476 2203 547 2266 181.
568 2199 633 2262 DE
649 2196 736 2262 ·AS·.
756 2195 1007 2292 Quaecumque
1024 2195 1168 2260 nomina
1182 2196 1320 2281 generis
1337 2195 1521 2260 masculini
1533 2194 1685 2262 ablativo
1702 2216 1786 2262 casu
1801 2217 1866 2260 uu-

389 2301 476 2366 meri
493 2300 677 2386 singularis
700 2298 885 2364 ⁸1l·littcra
905 2296 1147 2372 terminantur,
1170 2309 1205 2359 et
1220 2297 1437 2362 nominativo
1459 2317 1540 2362 casu
1557 2297 1693 2362 numeri
1712 2297 1868 2383 singula-

294 2402 364 2454 0⁰¹·b·
390 2397 497 2486 riam)
520 2401 597 2468 uis·
623 2401 749 2466 litteris
772 2400 1001 2473 deliniuntur,
1024 2397 1040 2429 ⁸
1061 2411 1099 2463 ut
1117 2409 1218 2484 puta:
1243 2397 1292 2462 ab
1314 2401 1393 2464 boc
1414 2399 1569 2476 Aenea,
1593 2400 1664 2464 bic
1684 2399 1866 2479 Aeneas,

391 2506 476 2568 baec
499 2504 542 2566 ad
564 2487 637 2567 hod
655 2501 855 2588 exemplum
878 2501 1097 2566 declinantur
1115 2494 1175 2585 55);

475 2605 556 2668 llio
576 2604 760 2678 Aeneas,
789 2603 918 2667 huius
939 2602 1125 2681 Aeneae,
1155 2603 1256 2668 huic
1276 2600 1464 2680 Aeneae,
1496 2605 1608 2670 bunc
1627 2602 1820 2682 Aenean,
1844 2625 1867 2669 o

389 2707 549 2782 Aenea,
572 2703 624 2768 ab
646 2706 727 2769 boc
748 2705 899 2768 Aenea.
1403 2757 1407 2767 .

477 2810 549 2873 182.
571 2807 665 2870 llaec
683 2825 866 2869 nnmerum
882 2804 1052 2891 pluralem
1063 2825 1137 2870 non
1152 2805 1340 2872 admittunt
1351 2797 1408 2889 55),
1429 2805 1563 2873 scilicet
1576 2807 1742 2892 quoniam
1759 2825 1869 2892 quse·

389 2929 538 2995 cumque
559 2908 704 2972 nomina
725 2907 831 2971 latina
853 2905 1035 2972 dumtaxat
1056 2900 1100 2989 555)
1119 2909 1257 2992 generis
1277 2907 1461 2972 masculini
1482 2909 1682 2973 accusativo
1704 2927 1788 2972 casu
1800 2929 1867 2974 nu·

387 3011 476 3074 meri
496 3008 682 3098 singularis
707 3008 791 3072 ·AN·
813 3007 938 3072 litteris
959 3007 1186 3087 definiuntur,
1214 3012 1301 3075 haec
1320 3009 1492 3095 pluralem
1510 3029 1634 3074 sonum
1654 3009 1768 3076 lacere
1783 3032 1869 3098 pro-

387 3111 561 3176 bibentur.
586 3109 656 3174 Sed
677 3130 747 3195 qua
769 3109 813 3174 de
838 3129 941 3174 causa
964 3110 1050 3174 baec
1072 3123 1388 3197 supramemoratae
1406 3105 1451 3197 5ῑ)
1478 3112 1610 3177 lormae
1618 3111 1771 3176 nomina
1785 3113 1868 3199 pln-

389 3211 495 3276 ralem
511 3231 635 3276 sonum
650 3212 762 3276 lacere
776 3209 1029 3300 prohibeantur
1043 3203 1105 3296 55),
1128 3211 1170 3276 bi
1190 3212 1359 3278 Aeneae
1371 3206 1432 3299 ⁰⁹),
1460 3215 1498 3278 in
1521 3215 1642 3280 metris
1662 3227 1869 3302 competen-

387 3325 442 3378 ter
464 3313 688 3386 tractabimus
709 3314 761 3397 55).

475 3417 547 3482 183.
569 3415 674 3482 Nunc
690 3418 758 3480 hoc
772 3435 971 3492 monemus,
995 3414 1091 3501 quod
1104 3414 1141 3480 iu
1157 3416 1223 3480 bac
1237 3414 1349 3481 lorma
1362 3418 1404 3499 7’)
1423 3417 1562 3501 generis
1576 3418 1771 3493 masculini,
1795 3439 1867 3504 qna

387 3513 540 3580 diximus
561 3515 713 3582 ablativo
735 3536 817 3581 casu
840 3517 977 3581 numeri
1002 3516 1187 3600 singularis
1205 3519 1349 3581 nomina
1364 3517 1414 3581 Ἀ·
1437 3517 1552 3583 littera
1571 3519 1749 3582 terminari
1767 3523 1810 3604 Ρ)
1831 3532 1868 3582 et

387 3619 603 3682 nominativo
622 3638 704 3683 casu
715 3620 853 3683 numeri
873 3618 1057 3704 singularis
1075 3616 1152 3682 uls·
1167 3617 1291 3682 litteris
1312 3618 1448 3683 deliniri
1461 3611 1521 3704 ⁷³),
1546 3620 1641 3706 quod
1660 3639 1706 3684 ex
1728 3640 1768 3685 ea
1785 3620 1867 3707 plus

431 3853 468 3923 ⁸0)
491 3849 574 3904 Nunc
592 3851 622 3903 in
639 3847 705 3904 bac.
715 3887 722 3904 .
733 3889 741 3906 .
751 3887 758 3904 .
769 3849 940 3913 scribantur,
958 3863 1045 3904 tctsus
1060 3849 1132 3904 bans
1145 3855 1387 3923 interrogationem
1404 3871 1441 3904 =
1457 3850 1494 3905 A.
1516 3852 1562 3923 (Ρ.
1580 3850 1686 3924 babet).
1706 3851 1744 3924 ⁸⁸)
1765 3853 1805 3904 ·Α·
1820 3849 1870 3906 lit·

495 3947 553 3992 tera
571 3938 604 3993 Β.
622 3967 659 3978 -
677 3937 731 3990 ·ΙΑ·
749 3935 850 3991 litteris
870 3938 906 3992 V.
922 3939 951 3992 A
980 3938 1017 4006 5’)
1041 3935 1085 3990 rel
1103 3939 1135 3991 B.
1154 3969 1190 3980 -
1209 3948 1237 3992 et
1256 3940 1291 3994 V.
1303 3939 1341 3991 A.
1365 3940 1401 4009 ⁸³)
1427 3955 1490 3990 cum
1508 3935 1608 3992 sedeas
1626 3935 1718 3992 dativo
1737 3945 1767 3992 st
1784 3935 1867 3990 abla-

495 4024 552 4078 tivo
570 4055 606 4067 -
624 4041 690 4076 cum
713 4041 746 4078 eo
766 4021 857 4078 dativo
877 4033 906 4078 et
931 4021 1051 4078 ablativo
1068 4027 1100 4078 Ρ.
1119 4055 1155 4066 ·-
1173 4043 1236 4078 cum
1262 4021 1359 4078 eodem
1378 4022 1497 4078 ablativo
1515 4027 1549 4081 B.
1572 4026 1608 4080 V.
1627 4057 1662 4071 —
1682 4043 1744 4078 cusu
1763 4023 1869 4080 Mem

496 4108 616 4166 ablativo
635 4127 700 4163 casa
718 4113 825 4165 numeri
842 4109 956 4182 pluralis
976 4129 1038 4164 cum
1056 4109 1154 4165 eodeni
1172 4110 1292 4168 ablativo
1309 4113 1347 4164 A.
1368 4112 1403 4181 55)
1422 4129 1535 4166 nurnero
1555 4113 1592 4168 V.
1611 4115 1816 4169 A.-ssonsero
1832 4115 1872 4172 B.

495 4198 532 4267 55)
553 4199 592 4250 ·Δ·
610 4197 702 4251 littera
720 4229 755 4244 -
776 4199 828 4251 ·lA·
846 4195 948 4250 litteris
968 4199 1004 4254 V.
1019 4200 1057 4252 A.
1077 4201 1114 4272 55)
1134 4197 1253 4255 ablativo
1267 4200 1460 4254 essu...·1s·
1473 4197 1574 4254 littaris
1594 4197 1701 4253 deliniri
1721 4201 1758 4256 V.
1774 4201 1814 4254 A.
1829 4223 1870 4254 =

493 4285 527 4340 B.
555 4285 591 4354 ⁸⁷)
609 4281 664 4336 boc
682 4293 725 4340 est
751 4283 857 4339 xxxlt
876 4285 986 4338 nemius
1003 4286 1038 4341 B.
1059 4287 1095 4342 V.
1114 4288 1145 4344 P.
1163 4311 1201 4338 =
1217 4287 1253 4342 A.
1281 4289 1317 4359 55)
1336 4289 1447 4360 possint
1465 4289 1497 4342 Β.
1514 4288 1549 4344 V.
1567 4289 1600 4341 P.
1617 4311 1654 4340 =
1671 4286 1707 4341 A.
1727 4289 1764 4358 ⁵⁸)
1785 4285 1870 4342 exbi-

493 4369 555 4424 beri
573 4370 656 4427 m.
675 4403 710 4414 -
728 4369 832 4426 exiberi
852 4373 884 4427 B.
911 4374 947 4442 55)
967 4391 1020 4444 qua
1039 4375 1076 4429 V.
1095 4405 1131 4416 -
1154 4391 1224 4446 quae
1241 4375 1280 4428 A.
1306 4377 1342 4446 ⁸¹)
1362 4377 1401 4428 ·Δ·
1419 4373 1512 4428 littera
1529 4403 1565 4418 --
1584 4375 1637 4428 ·1A·
1656 4373 1758 4430 litteris
1778 4375 1817 4430 V.
1830 4377 1870 4430 A.

494 4460 530 4527 ⁸¹)
550 4459 593 4512 De
612 4460 697 4514 forma
707 4499 714 4512 .
724 4495 732 4512 .
743 4497 749 4512 .
759 4496 766 4511 .
778 4461 952 4514 tractavimus
973 4459 1056 4515 ΚΑ.
1072 4461 1177 4516 Lucam
1188 4467 1227 4514 sic
1243 4463 1380 4518 conuulsis
1398 4464 1437 4517 Β.·
1457 4463 1519 4524 „De
1537 4462 1623 4516 forma
1641 4460 1712 4525 lrac,
1729 4471 1872 4533 quamam

494 4548 563 4600 ratio
582 4543 717 4618 poscebat
735 4549 938 4602 tractavimus.“
958 4549 995 4619 ⁸³)
1014 4550 1055 4600 Ἀ·
1074 4545 1175 4601 littera.
1185 4585 1193 4602 .
1204 4585 1210 4602 .
1221 4587 1228 4602 .
1239 4551 1344 4603 numeri
1362 4547 1508 4620 singulsris
1525 4551 1558 4604 Β.
1570 4549 1606 4604 V.
1622 4551 1656 4604 Ρ.
1673 4572 1710 4600 =
1724 4548 1760 4603 A.
1778 4551 1819 4618 55)
1835 4550 1874 4604 In

492 4637 521 4694 A
536 4635 726 4708 paradigmati
740 4636 902 4708 praefigitur
919 4638 1075 4705 inscriptio:
1093 4651 1208 4690 numero
1227 4635 1372 4708 singulari,
1390 4657 1474 4709 quassu
1489 4639 1519 4691 Β.
1534 4651 1560 4690 et
1576 4639 1613 4692 V.
1630 4656 1687 4692 acu
1700 4651 1876 4708 agnoscunt.

494 4724 530 4794 55)
555 4723 631 4776 llaec
655 4738 797 4776 numerum
823 4723 974 4792 (conseram
989 4723 1037 4794 B.)
1063 4719 1197 4794 pluralem
1223 4741 1279 4778 uon
1297 4723 1448 4778 admittunt
1466 4726 1497 4779 B.
1519 4726 1555 4780 V.
1573 4757 1609 4767 ·-
1627 4743 1739 4778 numero
1759 4722 1872 4794 plurali

493 4825 550 4862 uon
569 4808 724 4862 declinatur
750 4809 935 4877 (declinantur
949 4811 992 4878 Ρ.)
1013 4803 1056 4864 Ἀ.
1076 4811 1107 4864 Ρ.
1134 4811 1171 4883 55)
1191 4809 1331 4866 dumtaxat
1349 4814 1378 4866 ΒΙ
1399 4814 1435 4866 V.
1454 4843 1490 4854 -
1509 4809 1641 4877 duulust
1658 4813 1695 4868 A.
1721 4813 1759 4878 57)
1777 4829 1873 4884 supra

492 4905 656 4950 memoratae
683 4897 716 4952 Β.
743 4897 778 4950 V.
795 4899 824 4952 Ρ.
852 4927 888 4940 -
912 4894 1088 4968 supradictae
1114 4899 1151 4952 A.
1179 4899 1216 4968 55)
1243 4895 1442 4972 prohibeantur
1465 4901 1496 4953 Β.
1519 4931 1554 4942 -
1572 4895 1755 4970 prohibentur
1775 4899 1871 4954 ΚΑ.

493 4985 530 5048 59)
548 4979 579 5036 li
596 4986 702 5036 Aeneae
721 4984 755 5039 Β.
773 5007 811 5034 .-.
829 4985 866 5038 V.
875 4985 913 5039 A.
943 4985 979 5054 ²⁶)
999 4982 1179 5040 tractabimus
1198 4987 1234 5042 V.
1253 5017 1289 5032 -
1307 4987 1480 5040 tractavimus
1499 4987 1531 5040 Β.
1544 4985 1581 5040 Α.
1610 4991 1646 5058 ²¹)
1666 4983 1740 5060 qaod
1761 4986 1791 5038 iu
1813 4987 1873 5041 bac

493 5067 577 5119 torma
595 5070 673 5122 Β.-
691 5072 720 5124 in
740 5067 791 5123 bac
808 5069 894 5122 forma
913 5072 950 5126 V.
969 5095 1005 5124 =
1022 5074 1059 5126 A.
1085 5077 1121 5144 7’)
1142 5074 1280 5130 terminari
1300 5075 1376 5132 ΚΡ.
1394 5105 1431 5118 -
1450 5071 1558 5130 deliniri
1577 5075 1613 5130 A.
1636 5079 1672 5149 Ι’5)
1689 5073 1792 5128 litteris
1816 5073 1874 5130 de·

494 5151 565 5206 liniri
585 5153 617 5207 V
615 5192 622 5206 .
642 5157 673 5210 Ρ.
692 5187 728 5202 -
746 5153 851 5212 litteras
870 5159 931 5230 (sic)
952 5160 1091 5216 terminari
1108 5163 1146 5217 A.
