4022 6068
24 757 26 900 l

73 903 112 974 ’λ
156 956 615 1048 unumunurn
669 959 1168 1053 eremmon
1213 909 1265 1052 ic
1310 965 1615 1054 namo

675 1098 1097 1197 unumunurn.

231 1361 260 1422 1.
277 1357 435 1426 *Littera
451 1363 621 1448 quidest?
642 1365 802 1450 figuratio
817 1367 987 1454 quaedam
1002 1387 1071 1455 qua
1081 1387 1159 1432 cum
1175 1369 1252 1433 aliis
1262 1369 1398 1434 adnexa
1409 1388 1481 1434 uox
1494 1370 1618 1432 emissa
1628 1397 1696 1448 ης,

158 1463 466 1545 comprehenditur.

228 1565 261 1626 2.
294 1563 366 1647 Qui
393 1567 500 1651 primi
525 1567 718 1633 litterarum
746 1571 945 1634 inventores
978 1572 1090 1636 llrisse
1112 1571 1324 1635 traduntur?
1356 1571 1550 1636 Phoenices
1575 1574 1618 1655 ');

156 1666 306 1744 turamuis
319 1666 378 1750 alii
392 1668 551 1750 Assyrios
566 1671 607 1752 ³),
631 1671 689 1734 alii
703 1671 916 1737 Mercurium
931 1673 1024 1759 apud
1040 1673 1230 1758 Aegyptios
1246 1673 1425 1750 adserunt;
1454 1675 1489 1738 in
1510 1673 1619 1757 Grae-

155 1763 234 1827 ciam
260 1781 353 1831 certe
371 1768 541 1834 Cadmum
557 1793 608 1836 en⁴
616 1773 791 1838 Phoenice
814 1770 842 1857 3)
861 1775 895 1857 ⁶)
917 1776 999 1839 XVI
1012 1775 1177 1839 'attulisse
1201 1787 1345 1850 constat,
1371 1797 1456 1861 quas
1478 1779 1543 1840 Ao
1558 1784 1585 1837 Γ
1594 1782 1623 1837 Δ

155 1870 181 1924 Ε
191 1874 208 1926 1
218 1875 251 1928 Κ
259 1877 291 1930 A
306 1878 345 1930 M
357 1876 421 1934 ΝΞ
436 1882 465 1932 Π
478 1881 547 1934 ΡΣ
563 1881 590 1936 Τ
603 1881 652 1950 Ω,
683 1877 802 1960 eisque
825 1877 979 1944 Troiano
1002 1877 1095 1941 bello
1120 1877 1339 1942 Palamedem
1370 1879 1543 1942 addidisse
1569 1877 1620 1941 lv

155 1973 179 2024 ll
191 1973 267 2030 ΨΧ
286 1973 367 2053 4⁵⁶).
391 1975 465 2038 Hae
487 1988 645 2052 auctore,
673 1989 719 2040 ut·
740 1979 880 2062 quidam
909 1979 1032 2042 volunt
1054 1979 1236 2058 Evandro,
1270 1993 1307 2043 ut
1329 1980 1388 2043 alii
1411 1979 1561 2044 Hercule
1583 1980 1620 2042 in

156 2067 283 2134 ltaliam
307 2095 327 2136 a
349 2073 504 2161 Pelasgis
526 2078 660 2142 allatae.

235 2176 267 2240 3.
299 2175 396 2260 Quot
424 2199 478 2242 res
507 2180 670 2243 accidunt
689 2169 718 2264 ⁴)
751 2181 939 2266 unicuique
961 2182 1120 2245 litterae?
1146 2181 1212 2246 111:
1236 2201 1380 2257 nomen,
1405 2181 1533 2266 ligura,
1556 2201 1621 2268 po-

156 2284 264 2338 testas.
284 2277 423 2342 Nomen
446 2279 579 2344 litterae
599 2279 647 2364 ⁸),
672 2302 741 2367 quo
765 2283 979 2368 appellatur,
1000 2297 1039 2348 ut
1062 2285 1124 2348 ·Λ·.

233 2379 263 2442 al.
288 2378 369 2463 Quo
392 2401 520 2464 genere
543 2381 705 2446 ellertur?
727 2397 862 2460 neutro,
885 2398 927 2448 ut'
940 2387 1081 2470 quidem
1105 2391 1226 2452 omues
1248 2387 1394 2460 litterae,
1418 2386 1526 2450 veluti
1541 2405 1629 2456 cum,

157 2475 311 2543 dicimus:
335 2482 493 2548 Deesse
515 2503 639 2548 unum
664 2486 726 2562 ·A·‚
749 2487 817 2550 vel
840 2507 967 2550 uuum
992 2489 1052 2553 ·B·.

233 2587 263 2645 5.
287 2581 417 2667 Figura
439 2585 586 2662 litterae,
611 2606 700 2672 quae
723 2592 794 2652 est?
816 2609 885 2672 qua
907 2589 1057 2654 notatur.

234 2683 264 2748 6.
288 2684 383 2767 Quid
405 2693 577 2772 potestas?
600 2710 668 2774 qna
691 2673 727 2752 in
750 2691 884 2756 ratione
907 2693 1051 2756 metrica
1074 2694 1164 2758 ualet
1187 2711 1265 2760 oum
1290 2705 1348 2757 aut
1371 2704 1531 2778 correpta
1558 2703 1619 2768 cst,

159 2797 211 2848 aut
228 2789 409 2872 producta.

237 2893 267 2954 7.
289 2891 500 2956 Litterarum
524 2893 657 2979 species
680 2907 767 2980 quot
789 2899 889 2960 sunt?
911 2895 1009 2962 duae.

236 2993 266 3056 8.
290 2992 388 3075 Quae
412 2999 514 3058 sunt?
536 2997 673 3061 vocales
697 3011 731 3060 et
754 3013 995 3064 consonantes.
1463 3065 1466 3072 ,

235 3095 263 3160 9.
286 3095 437 3160 Vocales
464 3117 553 3183 quae
583 3103 684 3164 sunt?
712 3121 800 3186 olnae
829 3117 894 3188 per
921 3123 962 3165 se
982 3099 1208 3188 proferuntur
1238 3113 1272 3165 et
1300 3120 1363 3185 per
1390 3121 1426 3163 ce
1454 3098 1618 3180 syllabam

160 3189 289 3260 iaciunt.
1300 3261 1304 3266 .

239 3301 284 3361 10.
310 3299 405 3382 Quid
428 3315 479 3366 est
500 3324 564 3389 per
586 3323 622 3368 sc
644 3303 712 3368 nisi
735 3303 808 3368 sine
831 3303 972 3368 alterius
999 3303 1225 3370 amminiculo
1249 3305 1301 3386 ·),
1333 3305 1463 3390 quippe
1493 3303 1543 3368 ·B·
1567 3303 1619 3368 ·C·

161 3409 354 3486 ceteraeque
377 3404 565 3482 eiusmodi,
588 3405 655 3469 uisi
680 3425 833 3470 consona
850 3401 880 3489 ⁵)
903 3406 1053 3492 proferri
1075 3418 1262 3491 nequeunt.
1354 3427 1356 3432 ·

241 3506 287 3567 ll.
310 3505 460 3569 Vooales
484 3521 570 3591 quot
592 3511 691 3572 aunt?
713 3509 757 3572 V.

241 3607 287 3670 12.
312 3606 410 3689 Quae
434 3613 535 3672 sunt?
557 3609 608 3671 Ἀ·
631 3609 682 3671 ·E·
706 3609 743 3672 ·1·
768 3608 824 3674 ·0·
849 3609 912 3672 ·U·.

241 3709 286 3770 13.
312 3707 411 3790 Quae
434 3713 556 3773 harum
581 3713 847 3775 consonantium
869 3712 950 3774 loco
972 3723 1153 3796 ponuntur
1168 3703 1221 3794 ⁶)?
1243 3712 1279 3774 ·l·
1303 3725 1337 3775 et
1360 3711 1412 3774 ·U·

240 3811 287 3873 lt.
312 3810 483 3892 Quando?
505 3833 584 3876 cum
607 3825 665 3876 aut
688 3815 782 3898 ipsae
799 3814 828 3895 ⁷)
851 3814 942 3876 inter
964 3835 999 3878 se
1022 3815 1252 3898 geminantur,
1277 3826 1335 3876 aut
1358 3833 1436 3876 cum
1460 3813 1535 3876 aliis
1558 3834 1620 3878 vo-

163 3907 281 3974 calibus
297 3913 498 4010 iunguntur,
522 3929 561 3980 ut
574 3928 658 4001 puta
671 3911 701 3998 ⁸)
725 3917 754 3979 si
777 3915 821 3978 ait
844 3916 1012 4001 incapite
1037 3917 1090 3978 ·V·
1106 3919 1150 4000 ⁹):
1173 3937 1336 3993 versus,
1359 3918 1476 3980 virus
1497 3918 1548 3999 ¹⁰),
1563 3928 1622 3980 aut

212 4168 230 4237 Ι)
253 4163 404 4221 Phoenices
422 4201 458 4212 ·-
476 4171 598 4224 foenices
619 4171 688 4225 cod.
709 4173 735 4244 ¹)
755 4171 882 4240 Assyrios
900 4202 936 4213 —
955 4172 1059 4240 asyrios
1081 4173 1147 4225 θοι).
1164 4172 1186 4241 ³)
1198 4190 1230 4222 en
1248 4169 1387 4224 Phoenice
1407 4200 1442 4212 -
1462 4189 1494 4222 ex
1512 4170 1621 4224 scenice

260 4257 328 4310 cod.
349 4259 373 4328 ι)
394 4256 576 4310 accidunt-
596 4257 733 4310 accedunt
754 4261 821 4314 eod.
843 4261 871 4331 5)
888 4277 1008 4310 consona
1031 4259 1097 4312 coel.
1118 4279 1152 4312 ex
1170 4279 1218 4312 em.
1241 4279 1282 4330 pr.
1300 4279 1335 4312 m.
1356 4276 1492 4311 consonae
1518 4259 1584 4311 Cod.
1604 4279 1622 4312 a

255 4363 296 4414 pr.
316 4363 350 4396 m.
380 4346 403 4414 ο)
428 4356 570 4418 ponuntur
596 4367 629 4400 e:
654 4367 703 4400 em.
728 4367 770 4419 pr.
797 4367 831 4400 m.
849 4347 1001 4416 funguutur
1022 4347 1089 4401 Cod.
1107 4369 1124 4400 a
1142 4368 1185 4418 pr.
1205 4367 1239 4400 m.
1269 4350 1292 4418 ⁷)
1321 4345 1397 4418 iprae
1416 4377 1451 4388 -
1469 4348 1529 4418 ipse
1550 4348 1618 4400 Cod.

257 4433 279 4504 ι)
305 4441 338 4485 ut
363 4445 432 4504 puta
449 4465 485 4478 -
503 4445 601 4508 utpote
622 4437 690 4490 cod.
716 4455 751 4489 err
768 4455 818 4488 em.
837 4455 879 4506 pr.
907 4455 941 4486 m.
969 4443 1066 4506 utpute
1088 4435 1154 4490 cod.
1176 4456 1193 4488 a
1211 4455 1253 4505 pr·
1271 4455 1306 4487 m.
1343 4439 1365 4504 ⁹)
1387 4433 1621 4505 ·V·1tarupple·

257 4539 315 4574 mur
340 4541 402 4574 eum
425 4525 548 4576 Lindem.
567 4524 604 4576 ad
622 4526 702 4578 Mox.
723 4525 855 4579 Victorio-
874 4543 902 4596 p·
921 4529 984 4582 277.
1006 4526 1040 4595 ¹⁰)
1061 4525 1148 4592 tiru13
1168 4543 1183 4578 e
1201 4525 1280 4576 Man
1301 4523 1443 4578 Victorino
1461 4525 1481 4576 l.
1501 4543 1523 4575 c.
1543 4527 1621 4575 reati-

258 4615 358 4662 tut'mus
375 4631 428 4682 pro
445 4625 575 4684 corrupto
593 4613 705 4683 peintus
727 4613 793 4665 cod.

204 4715 229 4782 a)
247 4713 324 4789 Quae
342 4713 613 4790 lrica'equuuluruuo
630 4727 723 4770 tenore
733 4735 795 4770 curn
809 4713 1038 4770 antecedentibus
1049 4714 1200 4788 eademque
1215 4713 1414 4768 ruuuuinCod.
1434 4713 1622 4786 scriptaruut,

259 4812 286 4856 et
303 4801 338 4856 ab
358 4805 411 4868 iis,
435 4825 503 4877 quae
522 4803 597 4878 apud
615 4805 685 4858 Men.
711 4805 885 4859 Victorinum
904 4827 931 4879 p.
950 4812 1014 4866 276.
1033 4824 1090 4877 seq.
1110 4805 1141 4858 L.
1160 4803 1298 4874 leguntur,
1317 4822 1374 4856 uou
1393 4801 1542 4866 differunt,
1567 4804 1622 4857 uiri

259 4891 334 4963 quud
361 4894 392 4944 iu
411 4901 506 4947 noelro
534 4896 710 4948 erotematice
737 4904 917 4966 exponuntur.
947 4896 977 4967 b)
995 4895 1066 4948 Man.
1088 4893 1247 4947 Victorinus
1265 4889 1328 4945 l.'e.
1340 4892 1500 4946 Phoenicem
1519 4911 1569 4963 pro
1588 4911 1622 4946 ex

260 4981 402 5035 Phoenice.
422 4979 641 5052 0)Additlt1ax.
661 4983 837 5036 Victorinus:
857 4986 922 5036 Post
941 5001 1003 5035 eum
1018 4983 1183 5035 Simonidem
1199 4981 1434 5068 Elegumtotidem
1453 4981 1487 5046 T,
1502 4985 1533 5046 Z,
1542 4983 1576 5046 0,
1585 4985 1621 5037 Θ.

258 5070 286 5140 d)
304 5067 450 5122 Excidisec
468 5068 577 5124 videtur
595 5071 772 5143 iuterrogatio
792 5070 999 5142 et‘legeudnm:
1018 5071 1127 5126 Nomen
1143 5073 1251 5124 litterae
1265 5071 1403 5142 quidest?
1422 5089 1476 5143 qrto
1496 5072 1622 5141 appella·

260 5170 312 5214 tter.
333 5160 358 5229 e)
377 5159 476 5214 Nonne
495 5158 655 5230 legendum:
683 5162 760 5233 Quid
778 5173 813 5216 eat
830 5181 880 5231 per
895 5161 944 5214 re?
969 5162 1027 5214 cine
1045 5161 1159 5215 alteriue
1174 5161 1364 5226 aneminiculm·
1384 5157 1485 5212 omisso
1505 5157 1544 5232 τῷ
1561 5165 1621 5214 nisi.
