4050 6064
418 559 624 618 usxauus
653 559 935 618 vroromucs
962 561 1019 616 nu
1047 561 1296 624 rruamrus.
1527 571 1595 646 ιω

130 714 258 790 beutur,
281 721 319 775 ut
342 705 481 774 semel.
505 707 605 792 Quae
629 705 689 772 ·Μ·
713 719 747 772 et
769 707 823 774 ·N·
847 718 882 773 et
897 707 951 774 ·R·
974 710 1205 776 terminantur
1220 713 1263 797 ⁹),
1286 711 1405 778 brevia
1420 733 1494 778 esse
1509 734 1594 779 con-

129 827 205 891 stat,
227 825 267 878 ιιι
289 813 467 888 cursim,
492 810 701 888 forsitan,
725 809 905 900 fortiter
922 812 965 895 ¹⁰)
981 815 1022 895 ⁶).
1055 810 1155 895 Quae
1185 811 1233 878 ·S·
1257 814 1489 880 terminantur
1510 829 1594 882 tunc

128 929 253 981 tantum
275 915 448 1002 producta
469 924 560 988 suut,
584 922 761 976 comante
784 932 859 976 carn
876 914 926 977 ni·
946 913 1141 993 habuerint,
1165 926 1203 979 ut
1226 915 1345 1000 foras
1365 919 1405 1001 ¹¹)
1423 916 1467 1001 ’).
1493 918 1593 1002 Quae

127 1019 172 1086 ·C·
193 1019 379 1093 liniuntur,
402 1015 574 1102 producta
597 1026 692 1090 sunt,
716 1026 755 1078 ut
777 1013 885 1080 illac
904 1018 956 1099 ¹²).

202 1123 255 1188 20.
277 1120 342 1185 DE
358 1113 632 1184 PARTlClPlO
652 1109 703 1198 ¹³).
721 1114 893 1181 Omnium
910 1119 1145 1182 nominativus
1162 1121 1430 1207 participiorum
1449 1113 1490 1207 Ι4)
1512 1121 1592 1187 bre-

124 1225 170 1288 vis
191 1235 243 1287 est
264 1223 302 1286 in
324 1241 470 1284 numero
494 1217 682 1303 singulari,
711 1230 750 1281 ut
772 1218 987 1296 lecturus,
1018 1233 1166 1306 excepto
1190 1225 1377 1310 participio
1399 1227 1592 1311 praesentis

124 1325 305 1412 temporis,
335 1337 374 1388 ut
396 1341 539 1388 amans
560 1315 612 1403 ¹⁵).
650 1318 842 1384 Genetivus
865 1333 899 1385 et
922 1322 1058 1387 dativus
1082 1323 1267 1408 singularis
1289 1319 1329 1410 ¹⁰)
1358 1327 1592 1412 productione

122 1430 286 1514 gaudent,
308 1439 348 1491 ut
369 1425 550 1500 lecturi,
573 1422 747 1488 lecturo
768 1424 826 1506 17)ι
849 1437 997 1510 excepto
1020 1426 1206 1514 participio
1225 1423 1266 1511 ⁸⁸)
1288 1431 1480 1516 praesentis
1504 1443 1592 1494 tam-

121 1531 230 1618 puris,
260 1527 357 1616 quod
388 1527 424 1591 in
455 1528 618 1611 genetivo
642 1525 849 1610 corripitur,
881 1538 920 1589 ut
942 1528 1127 1592 amantis
1147 1531 1198 1612 ¹⁹).
1221 1528 1447 1596 Accusativus
1470 1532 1591 1616 singu-

121 1633 196 1698 laris
220 1649 256 1699 et
278 1630 459 1697 vocativus
478 1630 522 1712 ²⁰)
545 1627 668 1692 breves
691 1628 854 1710 suut²‘),
876 1626 1175 1711 dilecturum,
1199 1632 1378 1700 lecture.
1409 1633 1590 1700 Ablativus

120 1735 301 1820 singularis
325 1747 408 1798 tunc
429 1741 565 1794 tantum
583 1730 782 1816 corripitur,
806 1748 884 1793 cum
909 1729 961 1793 ·E·
985 1729 1088 1794 luerit
1107 1735 1322 1812 terminatus,
1346 1747 1384 1802 ut
1405 1734 1449 1800 ab
1465 1737 1532 1802 hoc
1547 1739 1590 1820 ”)

120 1837 310 1924 legente.
341 1833 588 1900 Nominativus
612 1824 674 1915 ²³),
703 1831 918 1896 accusativus
948 1843 983 1895 et
1003 1833 1183 1900 vocativus
1204 1837 1349 1924 pluralis
1374 1831 1418 1922 ¹²)
1442 1839 1531 1903 sicut
1553 1837 1591 1902 iu

119 1939 301 2005 masculini
323 1949 358 2002 et
380 1935 540 2001 feminini
561 1935 699 2020 generis
721 1933 916 2021 participiis
938 1933 1182 2021 producuntur
1195 1931 1250 2019 ²⁵),
1274 1952 1312 2002 ut
1334 1939 1509 2016 lecturi,
1533 1940 1590 2003 le-

119 2053 289 2117 cturas,
311 2040 527 2116 lecturos,
550 2037 742 2101 lecturas
759 2031 823 2119 ²⁶),
847 2037 953 2118 ita²⁷)
976 2037 1214 2123 corripiuntur
1236 2039 1274 2102 in
1294 2043 1444 2116 neutris,
1474 2054 1512 2106 ut
1534 2041 1591 2105 le-

118 2154 244 2210 ctura.
269 2141 459 2209 Genetivus
482 2138 626 2225 pluralis
648 2135 763 2202 brevis
787 2151 855 2214 est,
886 2149 925 2201 ut
947 2138 1231 2206 lecturorum.
1261 2140 1409 2208 Dativus
1439 2155 1472 2206 et
1494 2142 1590 2206 abla-

117 2245 222 2324 tivus,
247 2245 276 2312 si
299 2243 363 2309 ·ls·
381 2237 425 2326 ²⁸)
448 2240 697 2318 terminantur,
721 2239 819 2324 longi
842 2253 939 2317 suut,
962 2253 1001 2303 ut
1023 2239 1229 2318 lecturis;
1253 2241 1282 2304 si
1306 2242 1435 2322 ·BUS·,
1466 2241 1589 2308 breves

117 2361 191 2416 sunt
212 2350 275 2433 ²⁹),
298 2359 337 2412 ut
358 2340 609 2410 amantibus
630 2333 683 2424 ὀ).
1520 2361 1523 2372 ’

194 2431 251 2517 2'1.
275 2449 291 2482 ⁴
304 2447 369 2511 DE
387 2442 757 2510 CONIUNCTIONE
774 2435 826 2526 ⁵¹).
851 2443 1080 2532 Copulativae
1104 2459 1154 2524 et,
1175 2447 1404 2522 disiunctivae
1419 2429 1512 2524 ιιιι,Ι
1525 2453 1697 2564 ers-fulta.

110 2551 262 2650 pletivae
286 2547 486 2635 equidem
510 2545 776 2620 coniunctiones
797 2543 921 2610 breves
945 2561 1025 2612 sunt
1044 2541 1098 2631 ³²).
1129 2549 1184 2612 De
1208 2549 1402 2615 causalibus
1426 2563 1460 2614 et
1483 2553 1590 2616 ratio·
1613 2529 1683 2564 Μ’

113 2653 248 2719 nulibus
264 2637 327 2736 ²³),
351 2670 439 2736 quae
463 2649 514 2712 ul·
539 2649 790 2726 terminantur,
813 2650 970 2735 exceptis
994 2650 1096 2736 quia
1119 2650 1257 2729 etita,
1281 2652 1406 2738 longae
1430 2665 1527 2730 sunt,
1551 2663 1591 2718 ut

160 2919 186 2988 ’'
216 2914 310 3058 92¹1
330 2909 422 3071 iii*
439 2908 534 3050 fl
558 2909 602 3050 ai-
622 2909 867 3051 {ilidii
884 2911 922 3049 i·
952 2909 1120 3070 ..filil
1139 2907 1173 3051 ..i
1189 2911 1290 3070 iii.
1309 2909 1589 3070 illiti-..ll

218 3088 312 3142 forsan
330 3105 365 3141 ea
383 3104 434 3140 em.
454 3104 497 3156 pr.
516 3087 563 3155 ιιι.)
589 3083 698 3136 fortiter
715 3085 747 3138 Β.
771 3114 806 3128 -
832 3093 942 3138 constat
960 3092 991 3137 ut
1010 3103 1058 3137 cur
1075 3085 1120 3137 siu
1147 3085 1263 3138 forsitan
1281 3085 1391 3140 fortiter
1410 3089 1447 3143 V.
1468 3117 1500 3130 -
1522 3105 1589 3140 con·

220 3184 296 3231 stant
315 3183 347 3228 ut
365 3173 466 3228 cursim
483 3170 599 3225 forsitan
618 3178 647 3223 et
664 3169 774 3224 fortiter
791 3173 829 3226 A.
847 3202 883 3215 -
903 3175 1013 3226 conslat
1031 3179 1063 3225 ut
1081 3172 1182 3224 cursim
1199 3172 1293 3225 forsan
1312 3172 1421 3241 agiliter
1438 3176 1469 3228 1².
1492 3180 1527 3245 ¹⁸)
1545 3174 1589 3226 fo-

217 3283 262 3318 ras
280 3265 313 3320 B.
332 3265 368 3317 A.
390 3261 426 3318 V·
444 3257 570 3312 -foras
588 3254 655 3309 alias
675 3273 734 3309 cras
743 3259 776 3315 P.
799 3261 834 3332 ¹¹)
853 3257 918 3314 illac
935 3261 968 3313 Β.
989 3289 1024 3300 -
1041 3257 1109 3312 illuc
1128 3258 1250 3314 V.A.P.
1273 3262 1307 3330 ¹³)
1326 3261 1369 3316 De
1388 3261 1537 3333 participio
1555 3263 1587 3316 B.

214 3353 249 3410 P.
267 3381 305 3396 -ι
322 3350 365 3403 De
384 3345 539 3420 participiis
565 3344 600 3400 V.
620 3345 656 3400 A.
686 3348 727 3414 (irs
745 3363 834 3420 marg.
854 3350 905 3402 litt.
925 3349 1044 3419 minist.)
1067 3347 1102 3419 ¹⁴)
1121 3346 1307 3402 nominativus
1325 3349 1536 3423 participiorum
1553 3351 1587 3404 Β.

214 3442 249 3496 Ρ,
268 3470 303 3482 -
329 3433 540 3508 participiorum
565 3431 749 3487 nominativus
769 3435 806 3490 V.
825 3435 861 3488 A.
891 3437 925 3506 ¹⁵)
954 3444 1070 3506 excepto
1089 3466 1125 3478 -
1143 3451 1235 3488 amans
1262 3437 1296 3489 Β.
1318 3435 1482 3508 (interlin.)
1502 3439 1533 3491 Ρ.
1551 3459 1589 3488 =

219 3525 256 3583 V.
274 3523 312 3579 A.
334 3523 370 3595 Ιθ)
388 3517 533 3591 singularis
554 3521 583 3575 B.
604 3521 640 3576 V.
659 3521 691 3574 Ρ.
711 3551 747 3566 -
764 3520 917 3594 singulares
935 3524 973 3577 A.
996 3527 1031 3593 ¹⁷)
1048 3520 1149 3575 lecturi
1166 3519 1274 3576 lecturo
1295 3523 1332 3578 V.
1351 3525 1428 3579 A.P.
1444 3521 1589 3578 -lecturi

216 3633 248 3668 ro
267 3609 321 3686 (eri
337 3613 445 3680 rosere
463 3611 556 3682 eraso)
574 3609 607 3662 Β.
629 3609 664 3680 ”)
683 3609 831 3680 participio
850 3610 883 3663 Β.
903 3611 934 3663 P.
953 3634 989 3660 =
1008 3611 1045 3666 V.
1065 3609 1100 3664 A.
1124 3615 1158 3680 ¹⁹)
1181 3611 1296 3662 amantis
1315 3611 1348 3665 Β.
1368 3611 1399 3665 Ρ.
1419 3643 1453 3654 -
1472 3611 1588 3666 amantis

218 3697 346 3755 docentis
365 3695 482 3768 legentis
494 3697 524 3750 P.
545 3699 581 3768 ¹⁹)
599 3695 778 3751 Accusativus
798 3697 944 3768 singularis
964 3707 993 3753 et
1009 3697 1150 3752 vocativus
1169 3697 1202 3752 Β.
1212 3699 1473 3752 P.-Aecusativus
1492 3708 1522 3753 et
1539 3716 1588 3753 so-

220 3789 325 3846 eativua
343 3784 488 3858 singularis
511 3785 547 3840 V.
566 3785 603 3839 A.
631 3787 668 3856 ¹¹)
687 3781 785 3839 breves
809 3793 876 3839 sunt
892 3786 925 3839 Β.
945 3787 976 3839 P.
995 3815 1030 3828 —
1049 3783 1147 3838 breves
1165 3793 1231 3838 suut
1257 3802 1366 3858 semper
1384 3787 1418 3842 V
1416 3823 1423 3838 .
1441 3818 1477 3828 -
1494 3783 1586 3843 brevis

219 3885 262 3933 est
280 3893 391 3947 semper
408 3873 445 3929 A.
466 3873 501 3944 ¹²)
520 3870 555 3925 ab
575 3870 630 3926 boc
647 3873 680 3928 Β.
699 3871 735 3927 A.
755 3874 792 3929 V.
802 3898 838 3924 =
852 3874 884 3927 Ρ.
902 3877 937 3945 ”)
955 3873 1146 3928 Nominativus
1165 3873 1197 3927 Β.
1208 3873 1240 3930 V
1238 3911 1244 3926 .
1255 3876 1287 3929 P.
1307 3903 1340 3916 -
1358 3875 1543 3929 nominativus
1559 3881 1588 3928 el

217 3964 254 4020 A.
274 3967 310 4032 ἰ)
329 3960 445 4036 pluralis
465 3961 501 4016 V.
520 3993 556 4003 -
573 3960 633 4034 pltt.
653 3961 685 4016 Β.
704 3993 741 4002 --
758 3959 878 4033 plurales
897 3964 933 4017 A.
952 3964 984 4017 Ρ.
1004 3963 1040 4031 ’5)
1057 3957 1131 4014 sicut
1144 3961 1172 4012 in
1193 3963 1253 4036 (sed
1265 3976 1327 4034 post
1340 3965 1368 4015 iu
1382 3968 1411 4017 iss
1424 3963 1458 4016 Β.
1473 3966 1586 4034 rasura)

216 4050 362 4106 mascoliui
389 4059 418 4104 et
441 4047 567 4104 feminini
590 4049 697 4119 generis
717 4050 872 4124 participiis
897 4047 1090 4122 producuntur
1107 4050 1140 4102 Β.
1160 4051 1192 4104 Ρ.
1211 4081 1247 4090 -
1271 4053 1295 4104 si
1314 4049 1459 4103 masculini
1478 4051 1586 4120 generis

218 4139 321 4194 luerint
347 4135 540 4211 producuntur
558 4138 594 4193 V.
614 4138 692 4190 -si
718 4137 862 4191 masculini
879 4136 923 4193 vel
941 4138 1066 4191 feminini
1086 4137 1193 4208 generis
1212 4137 1315 4192 fuerint
1338 4136 1531 4209 producuntur
1547 4139 1584 4194 A.

218 4229 257 4300 ¹⁶)
274 4225 374 4280 lecturi
392 4223 529 4289 lecturas,
546 4223 668 4282 lecturos
689 4243 731 4278 ras
749 4227 783 4280 Β.
804 4257 839 4268 -
857 4225 956 4280 lecturi
969 4223 1091 4279 lecturae
1107 4224 1228 4278 lecturos
1245 4224 1365 4281 lecturas
1383 4227 1416 4280 P.
1434 4224 1587 4280 -lecturi

217 4313 339 4370 lecturos
365 4312 488 4368 lecturas
506 4310 625 4368 lecturas
645 4311 683 4366 V.
701 4343 737 4354 -
754 4310 855 4366 lecturi
874 4329 919 4366 ros
938 4331 967 4367 re
986 4331 1029 4366 ras
1047 4315 1084 4368 A.
1112 4313 1150 4385 ¹⁷)
1168 4314 1207 4368 ita
1225 4315 1257 4367 Β.
1278 4315 1308 4368 Ρ.
1327 4338 1364 4366 =
1383 4315 1420 4370 V.
1440 4314 1475 4368 A.
1504 4315 1540 4386 ²¹)
1561 4315 1585 4368 si

219 4401 273 4457 ·1s·
295 4401 328 4456 B.
354 4403 385 4455 Ρ.
405 4401 442 4457 V.
463 4431 495 4444 -
515 4399 588 4454 siin
607 4399 660 4454 ·lS·
680 4401 717 4454 A.
744 4404 780 4472 ἰ)
799 4409 865 4454 sunt
882 4403 916 4456 Β.
935 4403 972 4456 A.
993 4403 1031 4466 V.
1050 4424 1086 4452 =
1103 4401 1136 4456 P.
1164 4405 1200 4472 ³⁸)
1218 4400 1372 4457 amantibus
1392 4403 1422 4458 B.
1441 4403 1473 4456 P.
1493 4434 1528 4445 -
1545 4399 1586 4456 le-

216 4486 346 4564 gentibus
366 4490 403 4546 V.
422 4487 460 4543 A.
480 4491 517 4558 ⁸¹)
537 4488 580 4540 lle
601 4487 796 4541 coniunctione
815 4489 848 4542 Β.
868 4489 897 4542 Ρ.
918 4491 954 4543 A.
976 4493 1016 4560 (ia
1032 4510 1122 4562 marg.
1142 4491 1194 4542 litt.
1215 4493 1333 4560 minias.)
1352 4521 1387 4531 -
1407 4490 1449 4542 lle
1470 4489 1586 4542 coninu-

218 4575 359 4634 ctionibus
386 4577 423 4633 V.
451 4578 486 4646 ”)
508 4571 687 4646 copulativae
707 4582 735 4626 et
759 4572 941 4629 disiunctivao
960 4585 1008 4630 aut
1026 4575 1178 4650 expletivae
1204 4575 1331 4650 equidem
1350 4578 1396 4647 (ex
1417 4597 1468 4630 em.
1486 4595 1528 4648 pr.
1547 4595 1585 4632 m.

216 4663 362 4742 aequidem
380 4686 397 4718 a
415 4685 457 4737 pr.
477 4665 524 4736 m.)
553 4663 763 4716 coniunctiones
782 4659 880 4717 breves
898 4673 964 4718 sont
981 4665 1014 4718 Β.
1034 4695 1069 4709 -
1095 4662 1275 4736 copulativae
1294 4671 1323 4716 et
1341 4660 1523 4717 disiunctivae
1540 4662 1585 4718 rel

217 4754 368 4829 expletivae
387 4749 499 4826 quidem
518 4751 728 4806 coniunctiones
747 4749 844 4805 breves
864 4759 929 4805 suut
947 4753 979 4805 P.
999 4782 1034 4796 -
1054 4749 1234 4824 copulativae
1252 4761 1281 4805 et
1295 4749 1477 4803 disiunctivae
1496 4760 1525 4805 et
1537 4767 1584 4804 es-

215 4843 334 4918 pletivas
366 4849 398 4894 nt
421 4835 534 4912 quidem
564 4839 773 4894 coniunctiones
805 4837 902 4894 breves
929 4847 995 4892 aunt
1019 4840 1055 4895 V.
1081 4869 1118 4882 -
1146 4836 1309 4910 Copulative
1334 4845 1366 4890 ut
1383 4853 1415 4889 ac
1433 4845 1461 4890 ιι
1479 4846 1508 4891 et
1526 4835 1584 4890 dia-

217 4933 337 4989 iunctise
356 4940 387 4984 nt
405 4936 452 4982 ant
470 4926 513 4982 vel
531 4935 561 4981 et
578 4926 713 5000 expletive
732 4935 763 4981 ut
782 4925 894 5000 quidem
912 4927 1125 4980 coniunctiones
1143 4924 1240 4981 breves
1259 4934 1325 4980 sunt
1342 4924 1379 4979 A.
1407 4929 1442 4996 Ι’)
1463 4926 1505 4979 De
1520 4943 1582 4979 can·

215 5019 321 5076 salibus
340 5029 369 5074 et
386 5013 566 5072 rationalibus
584 5017 617 5072 Β.
628 5013 665 5072 V.
683 5017 716 5080 P.
733 5044 770 5064 --
787 5015 832 5069 De
852 5011 1008 5070 causalibus
1022 5012 1204 5070 rationalibus
1222 5015 1260 5071 A.
1278 5015 1335 5070 Sed
1348 5013 1502 5070 ιιοιιιιιᾰιιιιι
1513 5013 1582 5070 inae

217 5132 258 5166 νν.
277 5115 307 5165 irs
325 5110 356 5164 P.
374 5127 426 5178 pro
445 5108 525 5162 titulo
542 5105 646 5160 baberi.

165 5239 193 5310 a)
210 5239 336 5306 sortiter.
355 5227 477 5286 Additur
494 5247 509 5282 a
528 5225 694 5301 glossatore:
714 5229 831 5300 agiliter.
852 5227 880 5298 b)
889 5230 987 5299 sorae.
1006 5225 1127 5283 Additur
1145 5246 1160 5281 a
1178 5225 1345 5298 glossatore:
1365 5227 1454 5289 elles,
1474 5244 1543 5280 cras.
