4050 6064
597 521 1157 580 rnoersnsnruon.
1542 527 1609 596 423

36 689 38 714 ι
146 667 305 833 emittput
327 677 363 732 et
384 663 505 732 ·UN'1'·
528 665 660 734 litteraa
682 670 859 758 accipiunt
881 683 915 736 et
937 671 1072 736 tertiam
1095 689 1286 758 personam
1305 673 1442 736 nunteri
1464 673 1609 761 pluralis

144 779 236 832 osten
261 779 335 836 unt.

223 873 300 938 818.
332 871 539 955 Quaeritur,
563 869 639 958 qua¹
654 875 697 939 de
720 895 823 940 causa
845 895 984 962 coquo
1015 889 1049 942 et
1070 895 1142 940 non
1166 895 1273 940 coco
1296 876 1454 956 dicatum.
1478 849 1544 944 hac
1566 878 1609 943 de

35 1037 36 1050 ,
146 992 254 1048 causa,
279 975 445 1058 quoniam
477 993 718 1062 quaecumque
739 981 882 1043 nomina
905 980 1042 1064 generis
1065 978 1248 1042 masculini
1277 980 1312 1042 iu
1337 979 1493 1064 quolibet
1516 999 1609 1054 casu,

147 1076 170 1138 si
191 1077 230 1138 in
247 1070 290 1157 ³·)
321 1075 444 1140 ultima
466 1077 598 1158 syllaba
622 1079 678 1163 ·Q·
710 1079 862 1145 litteram
886 1081 1015 1146 habent
1043 1081 1265 1144 constitutam
1289 1091 1389 1144 etex
1411 1102 1472 1146 sua
1494 1083 1611 1166 specie

34 1241 36 1256 ,
145 1178 246 1242 verba
270 1178 382 1242 lacere
404 1193 550 1265 possunt
570 1175 630 1263 ³²),
655 1184 739 1246 baec
758 1177 802 1266 44)
824 1203 869 1246 ex
890 1183 1106 1247 nominativo
1129 1201 1211 1246 casu
1232 1183 1369 1246 numeri
1392 1183 1535 1268 pluralis
1557 1182 1612 1246 ul-

146 1279 262 1344 timam
285 1279 434 1346 litteram
459 1283 496 1344 iu
519 1281 576 1346 ·0·
601 1297 828 1358 convertunt,
861 1297 894 1347 et
916 1284 1110 1349 indicativo
1130 1283 1234 1348 modo
1259 1287 1426 1371 temporis
1448 1305 1613 1372 praesen·

146 1381 182 1446 tis
206 1383 358 1470 primam
388 1403 575 1470 personam
598 1385 735 1448 numeri
760 1385 945 1471 singularis
968 1387 1165 1452 ostendunt.
1194 1386 1301 1451 Nunc
1326 1407 1406 1452 curn
1429 1389 1524 1452 dicat
1544 1387 1613 1450 Te-

147 1485 275 1550 rentius
295 1521 340 1534 —
361 1485 499 1571 coqui·
514 1485 701 1552 lartores
717 1478 760 1572 ³⁴)
776 1489 807 1573 ¹)
827 1525 868 1538 -
891 1501 925 1554 et
942 1502 1067 1568 cetera,
1089 1489 1211 1574 utique
1230 1489 1298 1553 iam
1322 1509 1465 1576 coquo
1479 1509 1552 1553 non
1572 1482 1618 1572 ³⁵)

147 1605 248 1652 coco
273 1587 385 1652 iacere
407 1589 648 1674 pronuntiavit
668 1579 721 1672 ³⁶).

224 1693 300 1758 819.
325 1689 523 1773 Quaeritur,
548 1711 618 1775 qua
640 1691 683 1755 de
706 1711 809 1756 causa
825 1691 1003 1776 Vergilius
1020 1684 1063 1776 ³⁷)
1087 1691 1224 1778 iugite
1239 1685 1286 1778 ³⁸)
1299 1692 1333 1776 4)
1356 1705 1515 1778 correpte
1531 1713 1615 1779 pro

147 1794 329 1869 nuntiarit3
353 1795 418 1856 hac
440 1793 484 1856 de
506 1813 628 1868 causa,
652 1795 817 1878 quoniam
841 1795 959 1859 omnia
981 1795 1087 1858 verba
1109 1796 1230 1860 tertiae
1258 1795 1514 1880 coniugationis
1538 1815 1616 1859 cor·-

148 1907 262 1980 reptae
284 1895 390 1959 modo
422 1895 630 1980 imperativo
652 1899 821 1982 temporis
843 1899 1034 1985 praesentis
1057 1897 1243 1962 secundam
1271 1917 1456 1984 personam
1478 1897 1618 1960 numeri

147 1995 287 2082 pluralis
309 1997 504 2082 corripiunt
526 1991 579 2081 ³⁹).

225 2102 303 2164 820.
335 2099 544 2182 Quaeritur,
575 2119 644 2184 qua
674 2100 717 2164 de
741 2121 844 2166 causa
865 2101 1042 2186 Vergilius
1068 2093 1111 2184 4ο)
1139 2102 1355 2186 potitust)
1388 2113 1555 2184 correpte
1571 2090 1619 2182 ⁴¹)

148 2201 379 2286 pronuntiarit
401 2193 463 2282 4’);
495 2201 576 2286 quia
607 2223 850 2288 quaecumque
879 2203 986 2268 uerba
1015 2203 1121 2266 modo
1158 2203 1347 2268 indicativo
1372 2194 1415 2285 ⁴³)
1446 2202 1615 2287 temporis
1700 2242 1710 2261 .

147 2301 335 2388 praesentis
350 2294 394 2384 44)
416 2303 453 2364 in
476 2304 626 2367 secunda
648 2325 798 2389 persona
813 2305 949 2369 numeri
972 2305 1156 2388 singularis
1176 2305 1347 2390 producto
1371 2317 1516 2368 accentu
1533 2323 1616 2388 pro-

148 2405 365 2480 nuntiantur,
388 2406 474 2468 baec
498 2417 532 2469 et
553 2406 591 2468 in
614 2408 715 2471 tertia
727 2427 877 2493 persona
890 2407 1044 2470 eiusdem
1067 2408 1205 2470 numeri
1228 2407 1351 2471 eodem
1373 2418 1621 2490 accentupro-

148 2508 348 2570 nuntiantur
363 2497 416 2590 44).
439 2505 455 2538 4
472 2505 542 2572 Sed
565 2509 648 2593 quia
670 2511 756 2573 baec
778 2509 868 2574 ratio
890 2529 1055 2573 sonorum
1080 2521 1150 2584 est,
1172 2509 1260 2574 baec
1275 2500 1325 2592 44)
1343 2510 1380 2572 in
1403 2507 1499 2572 souis
1521 2525 1619 2571 com-
1640 2519 1713 2572 ests.

148 2621 303 2696 patenter
324 2607 548 2674 tractabimus
564 2600 619 2694 47).

229 2715 305 2777 821.
330 2712 530 2796 Quaeritur,
554 2733 623 2798 qua
646 2714 689 2778 de
713 2731 815 2778 causa
838 2711 980 2776 ridere
1002 2712 1175 2798 producto
1192 2725 1338 2776 accentu
1355 2710 1621 2798 pronuntietur;

151 2814 211 2879 bac
234 2815 278 2878 de
301 2835 416 2892 causa,
440 2815 606 2900 quoniam
624 2815 743 2878 omnia
757 2813 864 2879 verba
883 2815 1054 2879 secundae
1071 2815 1327 2898 coniugationis
1348 2833 1511 2899 praesens
1534 2825 1622 2875 tent·

149 2937 209 3002 pus
227 2907 273 3000 44)
298 2917 394 2980 modi
417 2917 563 2994 infiniti,
597 2929 632 2980 et
654 2918 787 3003 species
811 2916 1033 3002 imperfectas
1055 2909 1099 3000 ⁴⁹)
1129 2917 1226 2980 modi
1249 2917 1395 3002 optativi
1418 2927 1451 2979 et
1475 2913 1621 2978 coniun-

151 3019 229 3083 ctivi
244 3013 289 3101 ⁵⁰)
311 3039 452 3082 necesse
475 3031 526 3082 est
547 3031 586 3082 ut
606 3019 804 3104 producant
821 3009 874 3101 ⁵¹).

228 3124 304 3186 822.
328 3121 526 3204 Quaeritur,
551 3141 620 3206 qua
644 3119 686 3183 de
709 3140 812 3184 causa
841 3120 979 3185 infinito
1001 3120 1108 3185 modo
1131 3141 1363 3204 suggerere
1379 3110 1435 3201 44)
1453 3130 1486 3182 et
1508 3118 1619 3180 inse-

151 3241 241 3287 rere
264 3223 419 3300 dioatur;
442 3224 508 3286 hac
530 3223 573 3286 de
597 3243 711 3298 causa,
735 3223 900 3307 quoniam
921 3221 1025 3287 verba
1048 3223 1160 3286 activa
1182 3222 1254 3286 sive
1277 3219 1446 3284 neutralia
1468 3221 1619 3304 impera-

149 3323 217 3388 tivo
236 3324 341 3388 modo
354 3325 520 3410 temporis
534 3325 726 3410 praesentis
742 3324 778 3388 iu
794 3324 945 3388 secunda
963 3345 1113 3410 persona
1129 3325 1266 3389 numeri
1281 3322 1466 3408 singularis
1481 3315 1620 3404 ·1tu·⁵³)

149 3425 312 3507 syllabam
336 3427 514 3512 accipiunt
536 3439 570 3488 et
592 3425 764 3489 infinitum
790 3426 932 3490 modum
961 3427 1129 3511 temporis
1150 3425 1345 3512 praesentis
1366 3444 1446 3488 suae
1468 3413 1512 3507 44)
1535 3443 1622 3507 qua·

148 3527 252 3593 litatis
272 3529 470 3594 ostendunt.
493 3527 597 3592 Nunc
619 3547 700 3592 cum
724 3528 816 3592 dicat
838 3528 1015 3612 Vergilius
1032 3519 1075 3611 ⁵⁵)
1098 3523 1435 3615 imperativomodo
1457 3563 1500 3574 —
1517 3525 1620 3608 Sug-

195 3849 230 3918 4“)
255 3845 279 3900 si
298 3847 328 3900 iu
347 3847 384 3904 V.
402 3879 439 3892 -
455 3848 485 3902 iu
504 3849 534 3903 Ρ.
554 3848 602 3920 (·.=
620 3847 659 3920 si)
678 3871 714 3898 =
731 3848 763 3902 Β.
783 3847 820 3904 A.
850 3851 885 3915 ⁸²)
906 3855 1023 3920 possunt
1040 3849 1072 3902 Β.
1093 3848 1129 3904 V.
1149 3850 1181 3904 Ρ.
1199 3879 1236 3892 -
1253 3846 1364 3920 possint
1377 3845 1419 3902 ·A.
1446 3845 1482 3908 44)
1500 3841 1569 3898 baec
1587 3845 1618 3900 B.

251 3935 290 3989 V.
310 3936 342 3990 Ρ.
360 3919 451 3991 ὲἈ.
479 3937 514 4006 44)
534 3936 650 3990 sartores
670 3937 706 3991 V.
725 3937 762 3990 A.
781 3936 814 3990 B.
835 3955 913 4006 apr.
940 3956 975 3988 m.
994 3966 1029 3978 -
1053 3936 1186 3990 iuratores
1204 3937 1236 3990 B.
1257 3955 1291 3989 ex
1318 3953 1386 3988 corr.
1414 3953 1465 3986 see.
1492 3951 1565 3986 man.
1584 3961 1621 3976 -

253 4023 374 4076 fautores
392 4023 424 4078 Ρ.
452 4025 488 4091 44)
506 4041 562 4078 usu
580 4024 614 4078 Β.
635 4024 670 4078 V.
686 4026 718 4077 P.
738 4055 774 4066 -
793 4031 821 4076 ct
838 4040 894 4074 uou
913 4025 949 4076 A.
970 4025 1005 4090 44)
1025 4023 1215 4096 pronuntiarit
1233 4023 1270 4078 V.
1289 4023 1321 4075 P.
1339 4023 1374 4080 B.
1392 4040 1426 4073 aa
1444 4037 1496 4074 sm.
1514 4039 1556 4090 pr.
1575 4037 1611 4072 m.

253 4139 288 4156 -
305 4111 501 4182 pronuntiatur
517 4112 554 4165 A.
574 4112 606 4167 Β.
617 4131 635 4164 a
651 4131 695 4184 pr.
715 4131 752 4164 m.
772 4113 809 4184 ¹⁷)
829 4109 966 4182 Vergilius
984 4113 1017 4165 Β.
1038 4111 1074 4166 V.
1093 4113 1126 4165 P.
1144 4133 1181 4161 =
1198 4111 1234 4164 A.
1254 4111 1290 4179 44)
1307 4109 1393 4178 fugite
1411 4109 1443 4161 Β.
1462 4107 1622 4175 A.-iugit

256 4199 292 4252 V.
321 4200 356 4268 44)
377 4198 527 4272 Quaeritur
544 4236 553 4253 .
573 4237 580 4252 .
600 4237 607 4252 .
628 4237 635 4252 .
662 4199 817 4272 corripiunt
834 4201 867 4252 B.
887 4200 925 4254 V.
944 4199 981 4253 A.
999 4221 1036 4248 =
1052 4199 1085 4255 Ρ.
1112 4199 1147 4269 44)
1166 4196 1306 4269 Vergilius
1325 4199 1357 4251 Β.
1378 4196 1414 4252 V.
1433 4225 1470 4238 -
1488 4193 1620 4267 Virgilius

253 4289 284 4340 Ρ.
304 4309 341 4336 =
358 4292 395 4342 A.
415 4288 452 4357 ⁴¹)
472 4295 598 4359 correpte
618 4288 654 4342 V.
673 4288 709 4341 A.
729 4317 765 4330 -
784 4295 929 4358 correptae
946 4287 979 4340 B.
1005 4287 1041 4360 ⁴’)
1060 4287 1248 4359 pronuntiarit
1271 4287 1303 4340 tt.
1324 4285 1361 4340 V.
1379 4317 1415 4326 -
1433 4281 1622 4358 pronuntiarit

252 4374 290 4428 A.
310 4375 346 4446 44)
365 4371 449 4428 modo
468 4373 619 4431 indicativo
638 4377 670 4430 B.
691 4377 727 4430 V.
746 4409 782 4417 —
799 4375 1006 4447 pronuntiative
1025 4375 1082 4428 sire
1100 4373 1251 4428 indicativo
1275 4370 1360 4426 modo
1378 4372 1414 4426 A.
1435 4372 1470 4443 44)
1488 4386 1620 4442 praeseu-

253 4462 289 4515 tis
308 4463 341 4516 Β.
362 4464 399 4518 V.
418 4494 456 4506 -
479 4465 633 4537 praesentis
652 4465 709 4516 sive
728 4463 858 4517 instantis
883 4463 921 4518 A.
940 4463 980 4533 44)
997 4461 1066 4515 baec
1084 4471 1114 4516 et
1131 4499 1140 4516 .
1159 4501 1168 4518 .
1186 4505 1194 4520 .
1215 4499 1222 4514 .
1247 4461 1462 4536 pronuntiantur
1479 4459 1511 4512 B:
1531 4459 1568 4513 V·
1589 4457 1618 4511 Ρ.

250 4549 312 4619 (aad
328 4573 366 4600 =
384 4553 424 4622 et)
441 4575 478 4602 =
495 4551 531 4605 A.
563 4551 599 4622 44)
618 4548 686 4604 baec
703 4554 735 4606 B.
765 4551 802 4604 A.
821 4547 928 4604 —boc
947 4550 983 4604 V·
1006 4551 1044 4622 ⁴7)
1070 4548 1248 4606 tractabimus
1277 4549 1314 4603 V.
1333 4549 1370 4604 As
1390 4575 1426 4591 -
1444 4544 1619 4598 tractavimus

251 4638 284 4692 Β.
302 4639 335 4691 Ρ.
355 4639 392 4711 44)
411 4655 540 4710 praeseus
560 4649 668 4712 tempus
686 4641 719 4693 Β.
737 4641 770 4693 Ρ.
790 4669 825 4682 -
851 4638 988 4710 praeacuti
1008 4646 1133 4708 tempore
1152 4639 1188 4692 V.
1215 4634 1377 4688 -scilicet
1401 4647 1532 4704 praeseus
1550 4639 1618 4682 tem-

252 4743 305 4798 pus
324 4726 360 4780 A.
389 4728 425 4796 44)
444 4727 554 4798 species
571 4727 747 4799 imperfectas
765 4729 797 4780 B.
817 4757 852 4768 -
872 4725 967 4796 specie
985 4724 1146 4796 imperfecta
1166 4725 1202 4778 V.
1224 4725 1258 4776 A·
1273 4753 1309 4763 -
1328 4719 1421 4792 specie
1440 4717 1618 4789 imperfectae

251 4815 284 4868 Ρ.
303 4814 339 4882 ⁸⁶)
359 4823 388 4869 st
407 4815 575 4870 couiuuctiri
595 4817 632 4870 V.
653 4817 689 4868 A.
708 4837 746 4864 =
763 4815 794 4867 Β.
815 4815 851 4880 44)
870 4807 1028 4882 producant
1046 4813 1076 4864 B.
1095 4841 1131 4856 -
1148 4809 1338 4882 producantur
1357 4809 1394 4862 V.
1413 4807 1449 4860 A.
1467 4808 1502 4874 ⁵¹)
1522 4821 1619 4874 sugge-

255 4917 313 4954 tere
331 4903 364 4955 Β.
384 4903 420 4958 A·
442 4935 476 4944 -
493 4920 609 4973 suggero
628 4904 665 4957 V.
686 4905 723 4973 44)
742 4901 808 4956 RB·
828 4901 859 4956 Β.
881 4900 916 4956 V.
936 4899 972 4952 A.
991 4929 1027 4940 -
1046 4897 1133 4952 ·llES·
1153 4901 1184 4951 Ρ.
1204 4899 1240 4968 44)
1259 4913 1324 4950 astas
1343 4929 1377 4940 -
1396 4895 1453 4948 sire
1473 4895 1505 4948 B.
1526 4893 1557 4948 V
1556 4931 1562 4944 .
1581 4891 1617 4945 A.

255 4989 291 5060 44)
309 4988 449 5062 Vergilius
467 4993 498 5045 Β.
521 4992 557 5046 V.
576 5023 612 5033 -·
630 4989 763 5062 Virgffius
783 4990 812 5043 Ρ.
832 5012 868 5039 =
886 4987 921 5042 Α.

185 5112 227 5178 .s)
262 5113 373 5168 Terent.
399 5111 525 5169 Eunucb.
553 5113 589 5168 ll.
616 5119 650 5177 2,
676 5116 719 5172 28
748 5113 774 5182 ὁ)
805 5111 880 5183 Virg.
908 5113 974 5164 Asu.
1002 5109 1050 5164 ΙΙΙ.
1077 5109 1139 5168 639.
1167 5117 1195 5162 ct
1223 5105 1285 5162 Vll.
1314 5111 1374 5166 202.
1403 5105 1431 5177 c)
1458 5103 1532 5174 Virg.
1553 5101 1618 5154 deu.

252 5199 301 5256 ttt.
319 5203 364 5262 66.
