4020 6068
422 505 465 574 rs
872 475 917 550 ir.
946 477 1124 550 cssuul
1161 491 1457 552 sicennorrs

504 644 654 710 Futuro:
687 636 899 716 scribam,
931 637 1118 714 scribes,
1143 637 1324 718 scribet,
1353 638 1622 716 scribemus,
1645 641 1889 726 scribetis,

418 748 628 814 scribent.

503 847 713 936 lmperativo
730 844 935 931 praesentis:
965 841 1138 920 scribe,
1168 841 1359 918 scribat,
1382 841 1651 920 scribamus,
1680 846 1889 919 scribite.

416 951 626 1018 scribant.

503 1052 653 1116 Futuro:
682 1046 872 1110 scribito
901 1059 967 1120 tu,
1003 1042 1191 1110 scribito
1223 1043 1305 1110 ills
1328 1043 1588 1122 velscribat,
1622 1046 1888 1128 scribamus,

416 1152 675 1225 scribitote,
699 1147 963 1215 scribimino
984 1149 1028 1230 ⁶),
1060 1145 1266 1211 scribant
1292 1147 1348 1212 vel
1373 1146 1604 1212 scribente
1629 1146 1668 1230 ⁵).

501 1253 670 1340 Optativo
706 1251 880 1335 praesenti
919 1263 954 1313 et
982 1250 1169 1336 praeterito
1199 1247 1415 1335 inperfecto:
1459 1249 1591 1314 utinam
1621 1250 1886 1322 scriberem.

417 1355 670 1430 scriberes,
699 1351 949 1430 scriberet,
971 1352 1104 1416 utinam
1122 1350 1455 1429 scriberemus,
1479 1349 1751 1432 scriberetis,
1781 1360 1887 1422 scri-

411 1457 575 1522 berent
1519 1463 1523 1471 '

498 1559 691 1622 Praeterito
715 1556 894 1644 perfecto:
925 1557 1058 1620 utinam
1091 1552 1372 1632 scribserim,
1404 1551 1663 1634 scribseris,
1693 1561 1886 1628 scribss.

416 1661 487 1738 rit,
518 1661 853 1735 scribserimus,
900 1657 1202 1746 scribseritis,
1240 1654 1519 1720 scribserint.

496 1761 688 1828 Praeterito
705 1760 1064 1848 plusquamperfecto:
1080 1761 1213 1824 utinam
1230 1757 1445 1842 scripsiss
1458 1778 1475 1820 e
1486 1778 1521 1820 m
1536 1747 1583 1840 ⁰),
1601 1761 1790 1848 scripsis
1806 1785 1884 1842 ses,

411 1865 687 1950 scripsisset,
719 1863 1088 1948 scripsissemus,
1122 1860 1492 1946 scripsissetis7),
1518 1863 1828 1949 scripsissent.

495 1965 643 2030 Futuro:
667 1968 799 2030 utinam
825 1964 1033 2041 scribam,
1065 1961 1256 2041 scribas,
1281 1959 1471 2040 scribat,
1490 1963 1748 2046 scribamus,
1773 1972 1881 2034 scri-

411 2065 548 2145 batis,
580 2068 794 2133 scribant.

493 2169 603 2234 Modo
633 2170 878 2246 subiunctivo,
911 2168 1100 2256 praesenti:
1133 2185 1212 2230 cum
1240 2164 1455 2244 scribam,
1486 2166 1670 2247 scribas,
1703 2172 1879 2250 scribat,

413 2291 501 2334 cnm
525 2273 783 2349 scribamus,
807 2271 1034 2346 scribatis,
1062 2267 1265 2333 scribant.

496 2372 688 2438 Praeterito
720 2373 935 2460 inperfecto:
965 2390 1044 2434 cum
1077 2366 1335 2444 scriberem,
1361 2367 1609 2450 scriberes,
1638 2376 1881 2453 scriberet,

411 2475 823 2550 cumscriberemue,
848 2471 1129 2549 scriberetis,
1154 2468 1424 2535 scriberent.
1492 2535 1495 2542 ,

489 2573 681 2639 Praeterito
718 2575 895 2661 perfecto:
931 2593 1010 2638 cum
1037 2572 1325 2648 scribserim,
1366 2568 1635 2652 scribseris,
1681 2578 1880 2644 scribse-

411 2677 490 2754 rit,
514 2677 944 2762 cumscripserimus,
976 2673 1274 2748 scribseritis,
1303 2672 1588 2757 scripserint.

489 2777 681 2843 Praeterito
726 2777 1091 2864 plusquamperfecto:
1122 2795 1201 2840 cum
1240 2775 1547 2860 scripsissem,
1590 2778 1875 2862 scripsisses,

406 2880 689 2964 scripsisset,
714 2900 793 2944 cum
815 2880 1172 2965 scripsissemus,
1203 2876 1526 2962 scripsissetis,
1563 2880 1872 2966 scripsissent.

488 2981 620 3048 Futum
648 2983 764 3066 specie
792 2983 967 3046 ulteriori:
995 3001 1074 3044 cum
1103 2978 1351 3056 scribsero,
1378 2979 1646 3059 scribseris,
1683 2983 1872 3048 scribse-

406 3083 480 3160 rit,
504 3084 835 3160 scribserimus,
859 3082 1155 3156 scribseritis,
1179 3079 1462 3145 scribserint.

488 3185 627 3256 lnfinito
644 3186 767 3262 modo,
781 3205 945 3262 numero,
968 3185 1127 3271 personis
1151 3183 1305 3262 incertis,
1318 3196 1475 3270 tempore
1488 3188 1664 3271 praesenti
1680 3199 1715 3250 et
1731 3201 1867 3274 praete-

405 3285 472 3350 rito
497 3287 708 3372 inperfecto:
740 3288 951 3352 scribere.

486 3387 677 3456 Praeterito
701 3389 855 3476 perfecto
887 3402 921 3455 et
946 3386 1287 3475 plusquamperfecto
1305 3379 1349 3472 ⁸):
1380 3387 1638 3456 scribsisse.
1676 3389 1868 3474 Futuro⁹):

404 3489 616 3554 scribtum
642 3493 723 3568 ire,
748 3492 997 3573 scribtum‘)
1021 3492 1119 3555 isse.

481 3591 671 3682 Perticipia
686 3597 892 3682 praesentis:
905 3595 963 3658 hic
978 3607 1012 3658 et
1021 3596 1106 3658 haec
1118 3605 1152 3656 et
1159 3595 1227 3656 hoc
1248 3591 1463 3670 scribens,
1478 3593 1515 3659 bi
1532 3605 1566 3658 et
1581 3596 1647 3656 bae
1666 3594 1788 3658 scrib
1799 3615 1817 3658 e
1827 3615 1869 3657 n·

397 3696 877 3762 tesethaecscribentia.

482 3795 626 3861 Futuri:
673 3799 954 3882 scripturus,
995 3795 1243 3880 scriptura,
1283 3795 1587 3882 scripturum,
1633 3801 1867 3888 scripturi,

397 3899 677 3982 scripturae,
702 3900 935 3984 scriptura.

480 3997 805 4083 lnpersonaliasive
823 4000 966 4083 supina:
991 3996 1233 4074 scribendi,
1254 3999 1517 4078 scribendo,
1542 4002 1837 4070 scribendum.

479 4102 531 4166 49.
556 4099 771 4163 EIVSDEM
797 4099 1098 4180 PASSIVUM¹⁰).
1125 4099 1328 4180 Scribor,
1357 4103 1592 4184 scriberis,
1621 4109 1866 4187 scribitur,

394 4200 646 4278 scribimur,
677 4202 958 4280 scribimini,
983 4199 1254 4265 scribuntur.

479 4302 672 4368 Praeterito
705 4305 922 4390 inperfecto:
957 4304 1204 4380 scribebar,
1237 4304 1516 4388 scribebaris,
1549 4311 1855 4390 scribebatur,

348 4395 353 4406 ¹
394 4404 702 4484 scribebamus,
726 4407 1059 4484 scribebamini,
1083 4406 1396 4475 scribebantur.

475 4505 668 4574 Praeterito
697 4512 878 4596 perfecto:
911 4515 1103 4599 scriptus
1140 4533 1249 4589 sum,
1275 4535 1340 4589 es,
1382 4526 1474 4592 est,
1509 4515 1676 4582 scribti
1705 4537 1862 4596 sumus,

391 4611 517 4690 estis,
546 4628 666 4694 sunt,
693 4616 774 4693 fui,
801 4616 945 4696 fuisti,
975 4619 1080 4694 fuit,
1107 4615 1286 4694 fuimus,
1307 4617 1476 4697 fuistis,
1498 4617 1861 4697 fuere,fuerunt.

426 4885 450 4954 ⁰)
469 4887 691 4958 scripsissem-
711 4888 875 4960 scripsesetn
890 4891 957 4946 Cori.
977 4891 1000 4959 ⁷)
1019 4887 1428 4962 scripsissetis-scripsssetis
1449 4895 1518 4950 Cocl-
1537 4890 1721 4966 ’ipraeterito
1734 4893 1858 4968 perfecto

493 4981 522 5027 et
538 4973 807 5048 plusquamperfecto
821 5011 857 5023 -
875 4993 961 5052 praet.
980 4983 1050 5054 perf.
1071 4989 1099 5033 et
1121 4977 1195 5050 plus.
1222 4977 1339 5049 perfecti
1366 4981 1435 5048 Qccl.
1464 4987 1487 5056 ⁰)
1511 4985 1609 5038 futuro
1628 5014 1665 5028 -
1678 4984 1764 5038 futuri
1789 4985 1856 5038 eod.

496 5061 532 5132 ¹⁰)
551 5062 683 5120 Eiusdem
701 5068 854 5138 passivum,
872 5073 969 5124 literae
985 5073 1193 5126 minusculaein
1204 5070 1312 5124 Codice.

421 5150 451 5218 a)
472 5149 528 5204 Cfr·
549 5169 630 5222 supr·
652 5173 680 5224 p·
695 5160 728 5212 tt
747 5165 804 5210 not.
819 5177 845 5210 e.
861 5188 897 5200 -
917 5160 946 5232 b)
960 5157 1100 5216 scribente
1113 5200 1121 5226 ,
1136 5163 1177 5215 sic
1188 5161 1255 5215 Ccd.
1271 5157 1384 5212 diserte.
1401 5159 1428 5226 ο)
1448 5155 1489 5210 Its
1511 5160 1631 5234 Coclpro
1647 5161 1819 5216 scribentum.
