4020 6068
619 551 1164 616 natartrto
1560 559 1627 616 m

151 655 213 748 Ex
230 661 314 747 hoc
329 660 425 746 loco
440 679 555 776 patet
577 658 765 746 Probum
785 683 1002 747 tractatum
1020 663 1229 778 scripsisse
1245 657 1300 750 de
1318 662 1509 778 syllabis,
1539 697 1626 752 tne-

151 798 220 882 tris
248 819 293 881 et
310 793 570 898 accentibus,
590 789 740 880 eadem
754 795 878 908 igitur
897 797 982 880 lere
1001 800 1307 903 concinentem,
1340 829 1451 915 quae
1468 800 1626 904 haben-

151 955 215 1016 tur
244 931 289 1015 in
317 929 473 1014 Donati
498 927 609 1012 libro
638 930 790 1044 primo.
826 929 892 1014 Ex
917 960 968 1015 eo
997 953 1159 1035 autem,
1190 927 1310 1047 quod
1341 931 1442 1018 dicit
1462 933 1627 1020 Probus

152 1063 557 1171 „tractabimus,“
585 1091 672 1148 non
692 1085 782 1148 tuto
801 1093 895 1148 cum
914 1065 1017 1150 Viro
1040 1061 1205 1151 erudito
1222 1061 1411 1181 quodam
1430 1065 1626 1179 colligen-

152 1195 255 1284 dum
275 1183 472 1312 putamus
492 1225 589 1280 enm
611 1196 723 1281 hunc
750 1220 967 1283 tractatum
991 1194 1183 1282 nondum
1203 1199 1425 1314 scripsisse,
1444 1197 1520 1283 sed
1537 1224 1626 1284 tan-

152 1355 239 1418 tum
262 1327 513 1442 significasse
531 1329 639 1416 velle
660 1329 834 1416 seillum
855 1331 1056 1439 scribere,
1086 1332 1218 1417 immo
1245 1361 1346 1418 vero
1378 1331 1627 1418 arbitramur

150 1465 338 1550 Probum
357 1461 550 1549 ordinem
566 1463 707 1579 potius
728 1460 910 1549 docendi
928 1465 1064 1549 laturo
1081 1466 1164 1550 hoo
1179 1465 1408 1581 exprimere
1428 1465 1624 1572 voluisse,

151 1621 192 1684 et
219 1619 438 1684 tractatum
467 1597 580 1682 huno
603 1622 765 1714 partem
788 1598 1072 1686 institutorum
1093 1599 1243 1686 artium
1264 1600 1624 1713 grammaticarum

153 1726 468 1848 deperditorum
483 1732 759 1818 constituisse.

263 1869 307 1950 5.
337 1864 535 1950 Everbis
560 1865 690 1952 Probi
716 1864 758 1949 iu
790 1887 864 1950 art
880 1864 983 1950 min.
1002 1878 1040 1969 S.
1069 1871 1175 1973 457:
1208 1867 1334 1972 „hoc
1353 1894 1632 1954 monemus

153 2022 206 2085 nt
374 2000 473 2084 hoc
506 1998 559 2081 in
598 1999 958 2115 orthographia
994 2021 1366 2115 competenter
1397 2023 1624 2086 tractare

153 2130 465 2220 debeamus“
496 2128 681 2248 denique
715 2163 811 2218 eunt
833 2133 958 2220 etiam
987 2130 1042 2218 de
1060 2134 1351 2249 orthographia
1373 2133 1622 2238 tractavisse,

154 2289 338 2355 constare
355 2263 534 2352 videtur.
557 2265 710 2352 Nonne
734 2267 817 2352 huc
833 2264 1051 2354 reserenda
1069 2289 1165 2352 sunt
1189 2297 1261 2373 ea,
1292 2296 1402 2385 quae
1430 2264 1625 2378 leguntur

154 2403 192 2486 in
212 2396 445 2518 appendice
461 2395 517 2484 ad
534 2399 662 2486 Probi
683 2423 813 2484 artem
837 2399 1044 2486 minorem
1061 2413 1100 2504 §-
1120 2404 1190 2488 58.
1208 2399 1276 2487 ed.
1297 2401 1490 2486 nostrae?

264 2535 322 2620 X.
350 2533 512 2618 Maxim
530 2532 754 2618 V1cron1nt
771 2560 1095 2620 consumunmt
1110 2565 1326 2622 sucunnnu
1347 2565 1399 2618 nn
1417 2560 1623 2616 rtnmtuus

153 2699 386 2754 samonum
417 2668 542 2752 Hunc
561 2664 728 2750 titulum
744 2667 916 2754 fecimus
934 2699 1029 2753 oum
1048 2669 1265 2754 Parrhasio
1284 2681 1513 2770 (Gramato
1531 2691 1622 2750 vett.

153 2813 212 2887 ed.
229 2811 391 2888 Mediol.
415 2807 538 2898 1504.
555 2816 654 2908 sign.
674 2813 736 2898 D)
756 2802 956 2906 tractatui,
977 2804 1052 2920 qui
1064 2803 1214 2916 legitur
1232 2798 1343 2887 cod.
1359 2799 1624 2885 Bobiensis

151 2937 279 3024 nostri
291 2935 375 3020 No.
394 2935 513 3021 XVI.
536 2932 606 3020 lol.
628 2940 680 3032 46
698 2964 738 3019 v.
757 2932 835 3019 ool.
853 2965 947 3018 0-
964 2955 1015 3043 47
1030 2966 1070 3022 v.
1089 2936 1167 3022 col.
1182 2965 1218 3020 a.
1238 2936 1321 3022 sub·
1334 2935 1620 3050 inscriptione:

152 3067 366 3184 „Incipit
392 3065 455 3152 de
481 3067 743 3152 finalibus
771 3070 1042 3154 metrorii.“
1087 3069 1246 3185 Scripta
1277 3091 1375 3154 sunt
1404 3065 1490 3152 duo
1520 3069 1624 3150 haec

103 3191 105 3196 ¹
151 3203 244 3288 lolia
265 3201 358 3286 Sec.
378 3202 481 3288 Vlll
492 3201 560 3286 vel
570 3202 645 3306 IX,
667 3201 899 3320 glossisque
911 3203 1244 3290 interlinearibus
1259 3203 1448 3320 plurimis
1459 3224 1500 3287 et
1517 3228 1625 3285 mar·-

151 3337 356 3450 ginalibus
374 3335 586 3421 nonnullis
611 3335 666 3420 ab
690 3333 841 3422 eadem
862 3336 931 3422 vel
944 3337 1094 3438 saltem
1121 3369 1145 3421 a
1163 3367 1317 3422 coaeva
1338 3367 1466 3421 manu
1486 3363 1624 3418 exara·

151 3473 198 3556 tis
221 3470 385 3574 referta,
407 3499 586 3585 quarum
607 3470 759 3555 multas
772 3471 1009 3556 Parrhasius
1026 3472 1069 3555 in
1089 3494 1244 3554 textum
1261 3470 1429 3583 recepit.
1460 3469 1624 3552 Primus

150 3605 258 3690 hunc
278 3625 499 3688 tractatum
522 3601 602 3688 sub
632 3603 773 3689 titulo:
812 3603 1054 3690 Metrorii
1076 3603 1339 3688 Maximini
1362 3599 1422 3686 de
1443 3599 1623 3720 longis

152 3761 198 3824 et
217 3735 479 3824 brevibus
492 3734 626 3822 edidit
639 3737 845 3824 Illustriss.
857 3739 955 3824 Mai
975 3738 1027 3822 A.
1044 3741 1168 3824 1851.
1181 3737 1223 3821 in
1236 3737 1390 3842 classic.
1405 3757 1621 3819 auctorum

152 3903 172 3958 e
188 3871 456 3958 Vaticanis
476 3869 616 3958 Codd.
631 3871 840 3958 editorum
857 3885 974 3959 Tomo
983 3885 1104 3980 III.p.
1125 3877 1223 3969 bol..
1239 3905 1361 3983 seqq.,
1373 3869 1502 3984 quise
1522 3897 1624 3950 eun·

152 4002 246 4092 dem
270 4007 314 4089 in
334 4005 465 4090 tribus
489 4003 706 4092 codicibus
719 4008 914 4093 vaticanis
931 4003 1046 4092 haud
1060 4002 1182 4092 valde
1201 4004 1383 4120 antiquis
1402 4026 1444 4086 et
1463 4001 1505 4084 in
1522 4029 1622 4084 nea·

146 4141 332 4254 politano
354 4139 447 4225 Sec.
480 4139 557 4225 XI.
584 4139 731 4253 legisse
754 4139 868 4226 dicit.
891 4140 1091 4228 Ceterum
1107 4140 1265 4224 nnllam
1285 4136 1474 4222 lectionis
1491 4133 1623 4218 varie·

151 4294 277 4358 tatem
297 4305 346 4358 ex
363 4273 427 4358 his
448 4295 630 4391 quatuor
644 4269 860 4362 codicibus
882 4276 1019 4361 attulit
1033 4275 1110 4361 Vir
1132 4269 1436 4358 eruditissimus
1457 4292 1498 4353 et
1514 4264 1622 4350 obli-

154 4429 216 4492 tus
244 4429 308 4492 est
328 4405 530 4493 adnotare
550 4431 768 4493 tractatum
790 4410 903 4494 huno
922 4440 1019 4495 cum
1040 4407 1204 4493 Servii
1231 4402 1291 4490 de
1323 4404 1522 4488 ratione
1550 4397 1622 4486 ul-

153 4540 390 4626 timarum
411 4541 739 4655 syllabarum
763 4540 827 4629 ad
844 4543 1142 4661 Aquilinum
1162 4539 1322 4641 libro,
1351 4537 1426 4652 qui
1443 4534 1623 4619 hahetur

152 4673 262 4790 apud
289 4675 530 4760 Pntschmm
556 4677 607 4760 II.
636 4674 716 4761 ool.
749 4707 858 4794 1799
881 4707 1024 4795 seqq.,
1052 4677 1138 4761 lere
1157 4669 1204 4758 iu
1224 4665 1356 4758 totum
1385 4667 1620 4754 convenire.

149 4809 236 4896 Nos
252 4808 408 4896 illume
429 4808 538 4896 Cod.
554 4836 696 4898 nostro
719 4811 960 4899 Bobiensi
974 4832 1229 4928 pervetusto,
1253 4803 1405 4892 additis
1423 4803 1546 4888 variis
1561 4798 1621 4888 le·

150 4943 357 5030 ctionibus
374 4975 397 5028 e
413 4943 523 5032 Co'd.
540 4946 637 5031 Vin
648 4942 677 5033 d
688 4945 936 5034 obonensi
953 4945 1035 5033 No.
1049 4952 1175 5035 5250.
1190 4944 1280 5030 Sec.
1293 4941 1378 5027 XV
1394 4935 1624 5058 (descripto

152 5075 525 5167 abEndliohero
543 5081 584 5164 in
602 5080 805 5195 Catalogo
816 5082 980 5197 saepius
1002 5078 1172 5166 laudato
1189 5110 1231 5195 p.
1247 5074 1348 5193 aab)
1370 5097 1411 5160 et
1432 5105 1481 5157 ex
1503 5066 1620 5156 editt.

151 5211 417 5302 Parrhasiam
445 5239 486 5303 et
512 5217 772 5323 Pntschiana,
794 5217 945 5304 iterum
963 5211 1177 5304 edendum
1205 5211 1449 5302 curavimus.
1480 5203 1621 5292 Ratio·
