<?xml version="1.0" encoding="UTF-8"?>
<!DOCTYPE html PUBLIC "-//W3C//DTD XHTML 1.0 Transitional//EN"
    "http://www.w3.org/TR/xhtml1/DTD/xhtml1-transitional.dtd">
<html xmlns="http://www.w3.org/1999/xhtml" xml:lang="en" lang="en">
 <head>
  <title>
</title>
<meta http-equiv="Content-Type" content="text/html;charset=utf-8" />
  <meta name='ocr-system' content='tesseract 3.04.00' />
  <meta name='ocr-capabilities' content='ocr_page ocr_carea ocr_par ocr_line ocrx_word'/>
</head>
<body>
  <div class='ocr_page' id='page_1' title='image "./analectagrammat00eichgoog_0022.png"; bbox 0 0 4020 6068; ppageno 0'>
   <div class='ocr_carea' id='block_1_1' title="bbox 641 583 1640 662">
    <p class='ocr_par' dir='ltr' id='par_1_1' title="bbox 641 583 1640 662">
     <span class='ocr_line' id='line_1_1' title="bbox 641 583 1640 662; baseline 0.014 -28"><span class='ocrx_word' id='word_1_1' title='bbox 641 583 1166 642; x_wconf 77' lang='lat' dir='ltr'><strong>rutrrtr1o</strong></span> <span class='ocrx_word' id='word_1_2' title='bbox 1569 595 1640 662; x_wconf 69' lang='lat' dir='ltr'><strong>mr</strong></span> 
     </span>
    </p>
   </div>
   <div class='ocr_carea' id='block_1_2' title="bbox 144 673 1640 5365">
    <p class='ocr_par' dir='ltr' id='par_1_2' title="bbox 169 673 1640 1752">
     <span class='ocr_line' id='line_1_2' title="bbox 172 673 1640 804; baseline 0.008 -26"><span class='ocrx_word' id='word_1_3' title='bbox 172 703 229 778; x_wconf 81' lang='lat' dir='ltr'><strong>ed.</strong></span> <span class='ocrx_word' id='word_1_4' title='bbox 242 673 428 802; x_wconf 68' lang='lat' dir='ltr'><strong>lugd-B.</strong></span> <span class='ocrx_word' id='word_1_5' title='bbox 445 694 553 804; x_wconf 83' lang='lat'>1696</span> <span class='ocrx_word' id='word_1_6' title='bbox 550 705 594 790; x_wconf 85' lang='lat'><strong>).</strong></span> <span class='ocrx_word' id='word_1_7' title='bbox 617 681 849 777; x_wconf 39' lang='lat' dir='ltr'><strong>Auctorem*</strong></span> <span class='ocrx_word' id='word_1_8' title='bbox 865 722 966 780; x_wconf 88' lang='lat' dir='ltr'><strong>vcro</strong></span> <span class='ocrx_word' id='word_1_9' title='bbox 977 693 1276 780; x_wconf 88' lang='lat' dir='ltr'><strong>catholicorum</strong></span> <span class='ocrx_word' id='word_1_10' title='bbox 1288 689 1343 778; x_wconf 89' lang='lat' dir='ltr'><strong>ab</strong></span> <span class='ocrx_word' id='word_1_11' title='bbox 1357 717 1525 784; x_wconf 87' lang='lat' dir='ltr'><strong>auctore</strong></span> <span class='ocrx_word' id='word_1_12' title='bbox 1543 703 1640 790; x_wconf 91' lang='lat' dir='ltr'><strong>artis</strong></span> 
     </span>
     <span class='ocr_line' id='line_1_3' title="bbox 170 821 1639 940; baseline 0.005 -26"><span class='ocrx_word' id='word_1_13' title='bbox 170 827 339 914; x_wconf 85' lang='lat' dir='ltr'><strong>minoris</strong></span> <span class='ocrx_word' id='word_1_14' title='bbox 350 821 561 912; x_wconf 85' lang='lat' dir='ltr'><strong>diversum</strong></span> <span class='ocrx_word' id='word_1_15' title='bbox 577 855 681 932; x_wconf 90' lang='lat' dir='ltr'><strong>esse,</strong></span> <span class='ocrx_word' id='word_1_16' title='bbox 693 826 856 911; x_wconf 90' lang='lat' dir='ltr'><strong>nullum</strong></span> <span class='ocrx_word' id='word_1_17' title='bbox 870 849 979 912; x_wconf 86' lang='lat' dir='ltr'><strong>extat</strong></span> <span class='ocrx_word' id='word_1_18' title='bbox 989 824 1470 940; x_wconf 85' lang='lat' dir='ltr'><strong>validumargumentum</strong></span> <span class='ocrx_word' id='word_1_19' title='bbox 1482 863 1495 938; x_wconf 78' lang='lat'>3</span> <span class='ocrx_word' id='word_1_20' title='bbox 1506 833 1639 922; x_wconf 87' lang='lat' dir='ltr'><strong>immo</strong></span> 
     </span>
     <span class='ocr_line' id='line_1_4' title="bbox 169 959 1638 1070; baseline 0.005 -23"><span class='ocrx_word' id='word_1_21' title='bbox 169 990 263 1048; x_wconf 89' lang='lat' dir='ltr'><strong>vero</strong></span> <span class='ocrx_word' id='word_1_22' title='bbox 285 959 519 1044; x_wconf 83' lang='lat' dir='ltr'><strong>Priscianus</strong></span> <span class='ocrx_word' id='word_1_23' title='bbox 537 959 653 1044; x_wconf 89' lang='lat' dir='ltr'><strong>Libr.</strong></span> <span class='ocrx_word' id='word_1_24' title='bbox 673 959 767 1047; x_wconf 93' lang='lat' dir='ltr'><strong>Vll.</strong></span> <span class='ocrx_word' id='word_1_25' title='bbox 793 961 872 1046; x_wconf 91' lang='lat' dir='ltr'><strong>col.</strong></span> <span class='ocrx_word' id='word_1_26' title='bbox 895 990 975 1070; x_wconf 79' lang='lat'><strong>727</strong></span> <span class='ocrx_word' id='word_1_27' title='bbox 995 971 1154 1048; x_wconf 75' lang='lat' dir='ltr'><strong>Putrch.</strong></span> <span class='ocrx_word' id='word_1_28' title='bbox 1189 963 1287 1058; x_wconf 84' lang='lat' dir='ltr'><strong>citat</strong></span> <span class='ocrx_word' id='word_1_29' title='bbox 1304 959 1446 1048; x_wconf 89' lang='lat' dir='ltr'><strong>locum</strong></span> <span class='ocrx_word' id='word_1_30' title='bbox 1467 997 1489 1050; x_wconf 90' lang='lat' dir='ltr'><strong>e</strong></span> <span class='ocrx_word' id='word_1_31' title='bbox 1508 967 1638 1055; x_wconf 85' lang='lat' dir='ltr'>Probi</span> 
     </span>
     <span class='ocr_line' id='line_1_5' title="bbox 170 1095 1638 1213; baseline 0.003 -33"><span class='ocrx_word' id='word_1_32' title='bbox 170 1096 361 1180; x_wconf 89' lang='lat' dir='ltr'><strong>institutis</strong></span> <span class='ocrx_word' id='word_1_33' title='bbox 389 1095 526 1198; x_wconf 89' lang='lat' dir='ltr'><strong>„Hoc</strong></span> <span class='ocrx_word' id='word_1_34' title='bbox 554 1125 706 1180; x_wconf 90' lang='lat' dir='ltr'><strong>unum</strong></span> <span class='ocrx_word' id='word_1_35' title='bbox 736 1127 942 1201; x_wconf 87' lang='lat' dir='ltr'><strong>nomen,</strong></span> <span class='ocrx_word' id='word_1_36' title='bbox 970 1095 1137 1201; x_wconf 89' lang='lat' dir='ltr'><strong>idest,</strong></span> <span class='ocrx_word' id='word_1_37' title='bbox 1160 1109 1288 1182; x_wconf 83' lang='lat' dir='ltr'><strong>aliur</strong></span> <span class='ocrx_word' id='word_1_38' title='bbox 1307 1111 1423 1180; x_wconf 87' lang='lat' dir='ltr'><strong>etc.“</strong></span> <span class='ocrx_word' id='word_1_39' title='bbox 1446 1101 1520 1213; x_wconf 92' lang='lat' dir='ltr'><strong>qui</strong></span> <span class='ocrx_word' id='word_1_40' title='bbox 1542 1109 1638 1187; x_wconf 90' lang='lat' dir='ltr'><strong>toti-</strong></span> 
     </span>
     <span class='ocr_line' id='line_1_6' title="bbox 173 1227 1637 1350; baseline 0.005 -36"><span class='ocrx_word' id='word_1_41' title='bbox 173 1227 262 1336; x_wconf 86' lang='lat' dir='ltr'><strong>dem</strong></span> <span class='ocrx_word' id='word_1_42' title='bbox 287 1229 430 1314; x_wconf 90' lang='lat' dir='ltr'><strong>verbis</strong></span> <span class='ocrx_word' id='word_1_43' title='bbox 459 1229 609 1340; x_wconf 85' lang='lat' dir='ltr'><strong>legitur</strong></span> <span class='ocrx_word' id='word_1_44' title='bbox 634 1231 677 1314; x_wconf 91' lang='lat' dir='ltr'><strong>in</strong></span> <span class='ocrx_word' id='word_1_45' title='bbox 706 1256 792 1316; x_wconf 88' lang='lat' dir='ltr'><strong>arte</strong></span> <span class='ocrx_word' id='word_1_46' title='bbox 823 1254 964 1315; x_wconf 91' lang='lat' dir='ltr'><strong>nostra</strong></span> <span class='ocrx_word' id='word_1_47' title='bbox 993 1231 1146 1316; x_wconf 88' lang='lat' dir='ltr'><strong>minori</strong></span> <span class='ocrx_word' id='word_1_48' title='bbox 1181 1243 1219 1333; x_wconf 71' lang='lat' dir='ltr'><strong>S.</strong></span> <span class='ocrx_word' id='word_1_49' title='bbox 1248 1235 1356 1338; x_wconf 76' lang='lat'>5663</span> <span class='ocrx_word' id='word_1_50' title='bbox 1396 1230 1637 1350; x_wconf 85' lang='lat' dir='ltr'><strong>eodemque</strong></span> 
     </span>
     <span class='ocr_line' id='line_1_7' title="bbox 169 1359 1636 1480; baseline 0.005 -34"><span class='ocrx_word' id='word_1_51' title='bbox 169 1363 284 1480; x_wconf 87' lang='lat' dir='ltr'><strong>plane</strong></span> <span class='ocrx_word' id='word_1_52' title='bbox 306 1359 438 1448; x_wconf 92' lang='lat' dir='ltr'><strong>modo</strong></span> <span class='ocrx_word' id='word_1_53' title='bbox 457 1363 587 1448; x_wconf 85' lang='lat' dir='ltr'>Probi</span> <span class='ocrx_word' id='word_1_54' title='bbox 609 1394 785 1472; x_wconf 89' lang='lat' dir='ltr'><strong>nomen,</strong></span> <span class='ocrx_word' id='word_1_55' title='bbox 808 1367 897 1452; x_wconf 90' lang='lat' dir='ltr'><strong>sine</strong></span> <span class='ocrx_word' id='word_1_56' title='bbox 917 1365 1002 1451; x_wconf 90' lang='lat' dir='ltr'><strong>ullo</strong></span> <span class='ocrx_word' id='word_1_57' title='bbox 1027 1363 1315 1450; x_wconf 87' lang='lat' dir='ltr'><strong>additamento</strong></span> <span class='ocrx_word' id='word_1_58' title='bbox 1339 1365 1516 1480; x_wconf 84' lang='lat' dir='ltr'><strong>profert,</strong></span> <span class='ocrx_word' id='word_1_59' title='bbox 1541 1399 1636 1454; x_wconf 89' lang='lat' dir='ltr'><strong>cum</strong></span> 
     </span>
     <span class='ocr_line' id='line_1_8' title="bbox 171 1495 1636 1612; baseline 0.005 -30"><span class='ocrx_word' id='word_1_60' title='bbox 171 1497 251 1582; x_wconf 87' lang='lat' dir='ltr'><strong>eius</strong></span> <span class='ocrx_word' id='word_1_61' title='bbox 272 1495 418 1582; x_wconf 90' lang='lat' dir='ltr'><strong>laudat</strong></span> <span class='ocrx_word' id='word_1_62' title='bbox 437 1497 649 1602; x_wconf 86' lang='lat' dir='ltr'><strong>catholica,</strong></span> <span class='ocrx_word' id='word_1_63' title='bbox 672 1530 708 1584; x_wconf 85' lang='lat' dir='ltr'><strong>e.</strong></span> <span class='ocrx_word' id='word_1_64' title='bbox 731 1531 769 1612; x_wconf 85' lang='lat' dir='ltr'><strong>g.</strong></span> <span class='ocrx_word' id='word_1_65' title='bbox 787 1501 904 1585; x_wconf 90' lang='lat' dir='ltr'><strong>Libr.</strong></span> <span class='ocrx_word' id='word_1_66' title='bbox 922 1501 996 1585; x_wconf 90' lang='lat' dir='ltr'><strong>Vl.</strong></span> <span class='ocrx_word' id='word_1_67' title='bbox 1010 1499 1089 1585; x_wconf 86' lang='lat' dir='ltr'><strong>col.</strong></span> <span class='ocrx_word' id='word_1_68' title='bbox 1103 1505 1187 1612; x_wconf 81' lang='lat'><strong>689</strong></span> <span class='ocrx_word' id='word_1_69' title='bbox 1208 1496 1466 1605; x_wconf 89' lang='lat' dir='ltr'><strong>„ostendit</strong></span> <span class='ocrx_word' id='word_1_70' title='bbox 1486 1503 1636 1588; x_wconf 88' lang='lat' dir='ltr'><strong>etiam</strong></span> 
     </span>
     <span class='ocr_line' id='line_1_9' title="bbox 169 1630 1588 1752; baseline 0.004 -38"><span class='ocrx_word' id='word_1_71' title='bbox 169 1630 358 1716; x_wconf 92' lang='lat' dir='ltr'><strong>Probus</strong></span> <span class='ocrx_word' id='word_1_72' title='bbox 379 1632 425 1714; x_wconf 91' lang='lat' dir='ltr'><strong>in</strong></span> <span class='ocrx_word' id='word_1_73' title='bbox 449 1631 600 1737; x_wconf 92' lang='lat' dir='ltr'><strong>libro,</strong></span> <span class='ocrx_word' id='word_1_74' title='bbox 619 1635 704 1752; x_wconf 88' lang='lat' dir='ltr'><strong>qui</strong></span> <span class='ocrx_word' id='word_1_75' title='bbox 725 1659 799 1720; x_wconf 88' lang='lat' dir='ltr'><strong>cst</strong></span> <span class='ocrx_word' id='word_1_76' title='bbox 819 1632 878 1720; x_wconf 88' lang='lat' dir='ltr'><strong>de</strong></span> <span class='ocrx_word' id='word_1_77' title='bbox 899 1635 1164 1720; x_wconf 84' lang='lat' dir='ltr'><strong>catholicis</strong></span> <span class='ocrx_word' id='word_1_78' title='bbox 1187 1635 1446 1718; x_wconf 89' lang='lat' dir='ltr'>nominum</span> <span class='ocrx_word' id='word_1_79' title='bbox 1469 1630 1588 1724; x_wconf 78' lang='lat' dir='ltr'><strong>e&#39;tc.“</strong></span> 
     </span>
    </p>

    <p class='ocr_par' dir='ltr' id='par_1_3' title="bbox 164 1763 1636 2689">
     <span class='ocr_line' id='line_1_10' title="bbox 278 1763 1636 1874; baseline 0.004 -26"><span class='ocrx_word' id='word_1_80' title='bbox 278 1763 412 1872; x_wconf 88' lang='lat' dir='ltr'><strong>Quod</strong></span> <span class='ocrx_word' id='word_1_81' title='bbox 440 1767 474 1848; x_wconf 92' lang='lat' dir='ltr'><strong>si</strong></span> <span class='ocrx_word' id='word_1_82' title='bbox 504 1767 668 1851; x_wconf 88' lang='lat' dir='ltr'><strong>Probus</strong></span> <span class='ocrx_word' id='word_1_83' title='bbox 698 1780 735 1870; x_wconf 71' lang='lat' dir='ltr'><strong>S.</strong></span> <span class='ocrx_word' id='word_1_84' title='bbox 759 1775 838 1866; x_wconf 71' lang='lat'><strong>641</strong></span> <span class='ocrx_word' id='word_1_85' title='bbox 872 1795 945 1854; x_wconf 78' lang='lat' dir='ltr'><strong>art</strong></span> <span class='ocrx_word' id='word_1_86' title='bbox 974 1771 1097 1874; x_wconf 77' lang='lat' dir='ltr'><strong>min,</strong></span> <span class='ocrx_word' id='word_1_87' title='bbox 1128 1768 1204 1853; x_wconf 93' lang='lat' dir='ltr'><strong>ubi</strong></span> <span class='ocrx_word' id='word_1_88' title='bbox 1237 1769 1315 1852; x_wconf 89' lang='lat' dir='ltr'><strong>ait:</strong></span> <span class='ocrx_word' id='word_1_89' title='bbox 1347 1769 1498 1872; x_wconf 88' lang='lat' dir='ltr'><strong>„Item</strong></span> <span class='ocrx_word' id='word_1_90' title='bbox 1519 1793 1636 1854; x_wconf 93' lang='lat' dir='ltr'><strong>sunt</strong></span> 
     </span>
     <span class='ocr_line' id='line_1_11' title="bbox 168 1887 1635 2018; baseline 0.003 -36"><span class='ocrx_word' id='word_1_91' title='bbox 168 1897 332 2014; x_wconf 88' lang='lat' dir='ltr'><strong>aliqua</strong></span> <span class='ocrx_word' id='word_1_92' title='bbox 358 1901 625 2013; x_wconf 90' lang='lat' dir='ltr'><strong>praeteriti</strong></span> <span class='ocrx_word' id='word_1_93' title='bbox 655 1905 899 2018; x_wconf 88' lang='lat' dir='ltr'><strong>temporis</strong></span> <span class='ocrx_word' id='word_1_94' title='bbox 923 1887 1230 2018; x_wconf 86' lang='lat' dir='ltr'><strong>participia,</strong></span> <span class='ocrx_word' id='word_1_95' title='bbox 1251 1935 1382 2018; x_wconf 86' lang='lat' dir='ltr'><strong>quae</strong></span> <span class='ocrx_word' id='word_1_96' title='bbox 1403 1925 1451 1986; x_wconf 92' lang='lat' dir='ltr'><strong>et</strong></span> <span class='ocrx_word' id='word_1_97' title='bbox 1478 1903 1635 1987; x_wconf 84' lang='lat' dir='ltr'><strong>nomi-</strong></span> 
     </span>
     <span class='ocr_line' id='line_1_12' title="bbox 167 2033 1632 2150; baseline 0.005 -36"><span class='ocrx_word' id='word_1_98' title='bbox 167 2033 727 2144; x_wconf 85' lang='lat' dir='ltr'><strong>numsignilicationem</strong></span> <span class='ocrx_word' id='word_1_99' title='bbox 748 2039 1058 2142; x_wconf 80' lang='lat' dir='ltr'><strong>contineant,</strong></span> <span class='ocrx_word' id='word_1_100' title='bbox 1078 2059 1130 2120; x_wconf 90' lang='lat' dir='ltr'><strong>ut</strong></span> <span class='ocrx_word' id='word_1_101' title='bbox 1150 2060 1291 2150; x_wconf 88' lang='lat' dir='ltr'><strong>puta:</strong></span> <span class='ocrx_word' id='word_1_102' title='bbox 1320 2063 1536 2143; x_wconf 80' lang='lat' dir='ltr'><strong>rogatur,</strong></span> <span class='ocrx_word' id='word_1_103' title='bbox 1556 2047 1632 2121; x_wconf 87' lang='lat' dir='ltr'><strong>do·</strong></span> 
     </span>
     <span class='ocr_line' id='line_1_13' title="bbox 164 2157 1633 2284; baseline 0.002 -36"><span class='ocrx_word' id='word_1_104' title='bbox 164 2179 355 2272; x_wconf 81' lang='lat' dir='ltr'><strong>natur,“</strong></span> <span class='ocrx_word' id='word_1_105' title='bbox 385 2170 428 2252; x_wconf 93' lang='lat' dir='ltr'><strong>in</strong></span> <span class='ocrx_word' id='word_1_106' title='bbox 457 2193 599 2252; x_wconf 90' lang='lat' dir='ltr'><strong>mente</strong></span> <span class='ocrx_word' id='word_1_107' title='bbox 627 2170 822 2255; x_wconf 87' lang='lat' dir='ltr'><strong>babuerit</strong></span> <span class='ocrx_word' id='word_1_108' title='bbox 850 2157 1115 2281; x_wconf 84' lang='lat' dir='ltr'><strong>Rogatum,</strong></span> <span class='ocrx_word' id='word_1_109' title='bbox 1149 2171 1393 2284; x_wconf 88' lang='lat' dir='ltr'><strong>episcopum</strong></span> <span class='ocrx_word' id='word_1_110' title='bbox 1415 2168 1633 2256; x_wconf 89' lang='lat' dir='ltr'><strong>Cartenni·</strong></span> 
     </span>
     <span class='ocr_line' id='line_1_14' title="bbox 164 2300 1633 2418; baseline 0.003 -36"><span class='ocrx_word' id='word_1_111' title='bbox 164 2323 346 2401; x_wconf 89' lang='lat' dir='ltr'><strong>tannum,</strong></span> <span class='ocrx_word' id='word_1_112' title='bbox 367 2304 441 2418; x_wconf 87' lang='lat' dir='ltr'><strong>qui</strong></span> <span class='ocrx_word' id='word_1_113' title='bbox 461 2301 546 2387; x_wconf 85' lang='lat' dir='ltr'><strong>dux</strong></span> <span class='ocrx_word' id='word_1_114' title='bbox 563 2327 651 2388; x_wconf 90' lang='lat' dir='ltr'><strong>erat</strong></span> <span class='ocrx_word' id='word_1_115' title='bbox 661 2328 797 2391; x_wconf 88' lang='lat' dir='ltr'><strong>sectae</strong></span> <span class='ocrx_word' id='word_1_116' title='bbox 817 2304 1157 2417; x_wconf 85' lang='lat' dir='ltr'><strong>Rogatianorum,</strong></span> <span class='ocrx_word' id='word_1_117' title='bbox 1174 2300 1401 2386; x_wconf 87' lang='lat' dir='ltr'><strong>dicendum</strong></span> <span class='ocrx_word' id='word_1_118' title='bbox 1415 2303 1491 2386; x_wconf 89' lang='lat' dir='ltr'><strong>erit</strong></span> <span class='ocrx_word' id='word_1_119' title='bbox 1502 2302 1633 2388; x_wconf 85' lang='lat' dir='ltr'><strong>Probi</strong></span> 
     </span>
     <span class='ocr_line' id='line_1_15' title="bbox 165 2436 1630 2553; baseline 0.005 -37"><span class='ocrx_word' id='word_1_120' title='bbox 165 2457 290 2518; x_wconf 88' lang='lat' dir='ltr'><strong>artem</strong></span> <span class='ocrx_word' id='word_1_121' title='bbox 310 2437 515 2522; x_wconf 85' lang='lat' dir='ltr'><strong>minorem</strong></span> <span class='ocrx_word' id='word_1_122' title='bbox 528 2461 624 2551; x_wconf 91' lang='lat' dir='ltr'><strong>post</strong></span> <span class='ocrx_word' id='word_1_123' title='bbox 642 2437 830 2524; x_wconf 88' lang='lat' dir='ltr'><strong>medium</strong></span> <span class='ocrx_word' id='word_1_124' title='bbox 853 2437 1040 2523; x_wconf 90' lang='lat' dir='ltr'><strong>seculum</strong></span> <span class='ocrx_word' id='word_1_125' title='bbox 1062 2461 1259 2553; x_wconf 88' lang='lat' dir='ltr'><strong>quartum</strong></span> <span class='ocrx_word' id='word_1_126' title='bbox 1276 2436 1469 2550; x_wconf 85' lang='lat' dir='ltr'><strong>scriptam</strong></span> <span class='ocrx_word' id='word_1_127' title='bbox 1491 2437 1630 2544; x_wconf 85' lang='lat' dir='ltr'><strong>fuisse,</strong></span> 
     </span>
     <span class='ocr_line' id='line_1_16' title="bbox 164 2569 1283 2689; baseline 0.004 -39"><span class='ocrx_word' id='word_1_128' title='bbox 164 2599 246 2683; x_wconf 91' lang='lat' dir='ltr'><strong>quo</strong></span> <span class='ocrx_word' id='word_1_129' title='bbox 268 2592 457 2685; x_wconf 88' lang='lat' dir='ltr'><strong>tempore</strong></span> <span class='ocrx_word' id='word_1_130' title='bbox 478 2569 530 2688; x_wconf 81' lang='lat' dir='ltr'><strong>(c.</strong></span> <span class='ocrx_word' id='word_1_131' title='bbox 553 2574 636 2658; x_wconf 74' lang='lat'><strong>562</strong></span> <span class='ocrx_word' id='word_1_132' title='bbox 663 2599 704 2655; x_wconf 82' lang='lat' dir='ltr'><strong>et</strong></span> <span class='ocrx_word' id='word_1_133' title='bbox 722 2572 825 2689; x_wconf 76' lang='lat'>570)</span> <span class='ocrx_word' id='word_1_134' title='bbox 846 2575 950 2656; x_wconf 87' lang='lat' dir='ltr'><strong>baec</strong></span> <span class='ocrx_word' id='word_1_135' title='bbox 968 2594 1080 2655; x_wconf 89' lang='lat' dir='ltr'><strong>secta</strong></span> <span class='ocrx_word' id='word_1_136' title='bbox 1097 2595 1183 2656; x_wconf 89' lang='lat' dir='ltr'><strong>orta</strong></span> <span class='ocrx_word' id='word_1_137' title='bbox 1208 2593 1283 2655; x_wconf 88' lang='lat' dir='ltr'><strong>est.</strong></span> 
     </span>
    </p>

    <p class='ocr_par' dir='ltr' id='par_1_4' title="bbox 160 2701 1631 3608">
     <span class='ocr_line' id='line_1_17' title="bbox 274 2701 1631 2819; baseline 0.001 -34"><span class='ocrx_word' id='word_1_138' title='bbox 274 2701 386 2787; x_wconf 89' lang='lat' dir='ltr'><strong>Hinc</strong></span> <span class='ocrx_word' id='word_1_139' title='bbox 405 2705 530 2788; x_wconf 91' lang='lat' dir='ltr'><strong>simul</strong></span> <span class='ocrx_word' id='word_1_140' title='bbox 546 2728 685 2819; x_wconf 87' lang='lat' dir='ltr'><strong>patet,</strong></span> <span class='ocrx_word' id='word_1_141' title='bbox 704 2706 893 2791; x_wconf 83' lang='lat' dir='ltr'>Probum</span> <span class='ocrx_word' id='word_1_142' title='bbox 909 2728 1100 2790; x_wconf 89' lang='lat' dir='ltr'><strong>nostrum</strong></span> <span class='ocrx_word' id='word_1_143' title='bbox 1123 2705 1341 2790; x_wconf 90' lang='lat' dir='ltr'><strong>hominem</strong></span> <span class='ocrx_word' id='word_1_144' title='bbox 1364 2703 1488 2788; x_wconf 84' lang='lat' dir='ltr'><strong>fuisse</strong></span> <span class='ocrx_word' id='word_1_145' title='bbox 1511 2703 1631 2790; x_wconf 87' lang='lat' dir='ltr'><strong>Chri-</strong></span> 
     </span>
     <span class='ocr_line' id='line_1_18' title="bbox 162 2835 1630 2954; baseline 0.004 -36"><span class='ocrx_word' id='word_1_146' title='bbox 162 2835 359 2941; x_wconf 89' lang='lat' dir='ltr'><strong>stianum,</strong></span> <span class='ocrx_word' id='word_1_147' title='bbox 392 2836 511 2954; x_wconf 91' lang='lat' dir='ltr'><strong>quod</strong></span> <span class='ocrx_word' id='word_1_148' title='bbox 545 2841 671 2923; x_wconf 87' lang='lat' dir='ltr'><strong>etiam</strong></span> <span class='ocrx_word' id='word_1_149' title='bbox 701 2853 738 2943; x_wconf 87' lang='lat'><strong>§.</strong></span> <span class='ocrx_word' id='word_1_150' title='bbox 757 2845 844 2939; x_wconf 88' lang='grc'><strong>544</strong></span> <span class='ocrx_word' id='word_1_151' title='bbox 874 2863 948 2923; x_wconf 88' lang='lat' dir='ltr'><strong>art.</strong></span> <span class='ocrx_word' id='word_1_152' title='bbox 979 2839 1106 2943; x_wconf 73' lang='lat' dir='ltr'><strong>mim,</strong></span> <span class='ocrx_word' id='word_1_153' title='bbox 1134 2838 1210 2922; x_wconf 93' lang='lat' dir='ltr'><strong>ubi</strong></span> <span class='ocrx_word' id='word_1_154' title='bbox 1238 2869 1395 2923; x_wconf 86' lang='lat' dir='ltr'><strong>nomen</strong></span> <span class='ocrx_word' id='word_1_155' title='bbox 1427 2837 1630 2926; x_wconf 85' lang='lat' dir='ltr'><strong>Samuel</strong></span> 
     </span>
     <span class='ocr_line' id='line_1_19' title="bbox 160 2970 1626 3087; baseline -0.001 -33"><span class='ocrx_word' id='word_1_156' title='bbox 160 2970 335 3082; x_wconf 84' lang='lat' dir='ltr'><strong>profert,</strong></span> <span class='ocrx_word' id='word_1_157' title='bbox 366 2973 588 3087; x_wconf 78' lang='lat' dir='ltr'><strong>praecipue</strong></span> <span class='ocrx_word' id='word_1_158' title='bbox 618 3001 719 3060; x_wconf 87' lang='lat' dir='ltr'><strong>voro</strong></span> <span class='ocrx_word' id='word_1_159' title='bbox 753 2985 791 3076; x_wconf 78' lang='lat' dir='ltr'><strong>S.</strong></span> <span class='ocrx_word' id='word_1_160' title='bbox 821 3003 875 3080; x_wconf 86' lang='lat'><strong>70</strong></span> <span class='ocrx_word' id='word_1_161' title='bbox 905 2972 1123 3085; x_wconf 79' lang='lat' dir='ltr'><strong>fragmenti</strong></span> <span class='ocrx_word' id='word_1_162' title='bbox 1155 2970 1211 3056; x_wconf 88' lang='lat' dir='ltr'><strong>de</strong></span> <span class='ocrx_word' id='word_1_163' title='bbox 1230 2973 1423 3074; x_wconf 87' lang='lat' dir='ltr'><strong>nomine,</strong></span> <span class='ocrx_word' id='word_1_164' title='bbox 1452 2972 1528 3056; x_wconf 93' lang='lat' dir='ltr'><strong>ubi</strong></span> <span class='ocrx_word' id='word_1_165' title='bbox 1549 2974 1626 3056; x_wconf 90' lang='lat' dir='ltr'><strong>uit:</strong></span> 
     </span>
     <span class='ocr_line' id='line_1_20' title="bbox 161 3104 1627 3224; baseline 0.003 -38"><span class='ocrx_word' id='word_1_166' title='bbox 161 3133 297 3206; x_wconf 88' lang='lat' dir='ltr'><strong>„cum</strong></span> <span class='ocrx_word' id='word_1_167' title='bbox 319 3135 442 3191; x_wconf 89' lang='lat' dir='ltr'><strong>vero</strong></span> <span class='ocrx_word' id='word_1_168' title='bbox 466 3107 615 3222; x_wconf 84' lang='lat' dir='ltr'><strong>(apex)</strong></span> <span class='ocrx_word' id='word_1_169' title='bbox 635 3107 881 3220; x_wconf 85' lang='lat' dir='ltr'><strong>pluralem</strong></span> <span class='ocrx_word' id='word_1_170' title='bbox 905 3105 1144 3224; x_wconf 86' lang='lat' dir='ltr'><strong>(numerum</strong></span> <span class='ocrx_word' id='word_1_171' title='bbox 1167 3104 1320 3220; x_wconf 86' lang='lat' dir='ltr'><strong>sonat),</strong></span> <span class='ocrx_word' id='word_1_172' title='bbox 1343 3105 1627 3190; x_wconf 87' lang='lat' dir='ltr'><strong>litterarum</strong></span> 
     </span>
     <span class='ocr_line' id='line_1_21' title="bbox 160 3233 1626 3345; baseline 0.003 -28"><span class='ocrx_word' id='word_1_173' title='bbox 160 3233 348 3322; x_wconf 89' lang='lat' dir='ltr'><strong>indicat</strong></span> <span class='ocrx_word' id='word_1_174' title='bbox 386 3269 591 3345; x_wconf 88' lang='lat' dir='ltr'><strong>nomen,</strong></span> <span class='ocrx_word' id='word_1_175' title='bbox 635 3242 779 3324; x_wconf 89' lang='lat' dir='ltr'><strong>cuius</strong></span> <span class='ocrx_word' id='word_1_176' title='bbox 815 3238 1005 3325; x_wconf 91' lang='lat' dir='ltr'><strong>locutio</strong></span> <span class='ocrx_word' id='word_1_177' title='bbox 1043 3242 1092 3324; x_wconf 91' lang='lat' dir='ltr'><strong>in</strong></span> <span class='ocrx_word' id='word_1_178' title='bbox 1131 3235 1498 3325; x_wconf 87' lang='lat' dir='ltr'><strong>consuetudine</strong></span> <span class='ocrx_word' id='word_1_179' title='bbox 1526 3262 1626 3343; x_wconf 91' lang='lat' dir='ltr'><strong>est,</strong></span> 
     </span>
     <span class='ocr_line' id='line_1_22' title="bbox 161 3369 1627 3486; baseline 0.005 -34"><span class='ocrx_word' id='word_1_180' title='bbox 161 3369 360 3484; x_wconf 89' lang='lat' dir='ltr'><strong>quando</strong></span> <span class='ocrx_word' id='word_1_181' title='bbox 390 3370 605 3458; x_wconf 89' lang='lat' dir='ltr'><strong>dicimus</strong></span> <span class='ocrx_word' id='word_1_182' title='bbox 635 3385 825 3460; x_wconf 81' lang='lat' dir='ltr'><strong>divinos</strong></span> <span class='ocrx_word' id='word_1_183' title='bbox 851 3389 1013 3482; x_wconf 82' lang='lat' dir='ltr'><strong>apices</strong></span> <span class='ocrx_word' id='word_1_184' title='bbox 1042 3397 1091 3459; x_wconf 90' lang='lat' dir='ltr'><strong>et</strong></span> <span class='ocrx_word' id='word_1_185' title='bbox 1113 3373 1462 3486; x_wconf 78' lang='lat' dir='ltr'><strong>significamus</strong></span> <span class='ocrx_word' id='word_1_186' title='bbox 1489 3373 1627 3459; x_wconf 90' lang='lat' dir='ltr'><strong>litte·</strong></span> 
     </span>
     <span class='ocr_line' id='line_1_23' title="bbox 160 3504 589 3608; baseline 0.016 -23"><span class='ocrx_word' id='word_1_187' title='bbox 160 3518 279 3608; x_wconf 87' lang='lat' dir='ltr'><strong>ras,“</strong></span> <span class='ocrx_word' id='word_1_188' title='bbox 310 3504 589 3592; x_wconf 86' lang='lat' dir='ltr'><strong>confirmatur.</strong></span> 
     </span>
    </p>

    <p class='ocr_par' dir='ltr' id='par_1_5' title="bbox 144 3635 1627 5365">
     <span class='ocr_line' id='line_1_24' title="bbox 273 3635 1627 3755; baseline -0.001 -31"><span class='ocrx_word' id='word_1_189' title='bbox 273 3639 415 3754; x_wconf 87' lang='lat' dir='ltr'><strong>Opera</strong></span> <span class='ocrx_word' id='word_1_190' title='bbox 450 3643 715 3754; x_wconf 84' lang='lat' dir='ltr'><strong>grammatica</strong></span> <span class='ocrx_word' id='word_1_191' title='bbox 755 3639 909 3726; x_wconf 90' lang='lat' dir='ltr'><strong>Probi</strong></span> <span class='ocrx_word' id='word_1_192' title='bbox 948 3635 1069 3755; x_wconf 85' lang='lat' dir='ltr'><strong>qnod</strong></span> <span class='ocrx_word' id='word_1_193' title='bbox 1100 3636 1270 3742; x_wconf 86' lang='lat' dir='ltr'><strong>attinet,</strong></span> <span class='ocrx_word' id='word_1_194' title='bbox 1310 3637 1500 3722; x_wconf 85' lang='lat' dir='ltr'><strong>omnium</strong></span> <span class='ocrx_word' id='word_1_195' title='bbox 1543 3639 1627 3752; x_wconf 90' lang='lat' dir='ltr'><strong>pri·</strong></span> 
     </span>
     <span class='ocr_line' id='line_1_25' title="bbox 156 3771 1626 3887; baseline 0.002 -32"><span class='ocrx_word' id='word_1_196' title='bbox 156 3801 243 3859; x_wconf 91' lang='lat' dir='ltr'><strong>mus</strong></span> <span class='ocrx_word' id='word_1_197' title='bbox 290 3775 447 3887; x_wconf 83' lang='lat' dir='ltr'><strong>Georg.</strong></span> <span class='ocrx_word' id='word_1_198' title='bbox 489 3775 784 3879; x_wconf 90' lang='lat' dir='ltr'><strong>Galbiatus,</strong></span> <span class='ocrx_word' id='word_1_199' title='bbox 837 3773 1101 3858; x_wconf 89' lang='lat' dir='ltr'><strong>amanuensis</strong></span> <span class='ocrx_word' id='word_1_200' title='bbox 1131 3771 1384 3876; x_wconf 88' lang='lat' dir='ltr'><strong>Merulae,</strong></span> <span class='ocrx_word' id='word_1_201' title='bbox 1427 3771 1626 3858; x_wconf 89' lang='lat' dir='ltr'><strong>catholica</strong></span> 
     </span>
     <span class='ocr_line' id='line_1_26' title="bbox 158 3904 1624 4023; baseline 0.001 -35"><span class='ocrx_word' id='word_1_202' title='bbox 158 3907 379 4023; x_wconf 83' lang='lat' dir='ltr'><strong>artigraphi</strong></span> <span class='ocrx_word' id='word_1_203' title='bbox 405 3911 535 3994; x_wconf 91' lang='lat' dir='ltr'><strong>nostri</strong></span> <span class='ocrx_word' id='word_1_204' title='bbox 565 3941 588 3994; x_wconf 89' lang='lat' dir='ltr'><strong>e</strong></span> <span class='ocrx_word' id='word_1_205' title='bbox 613 3907 772 3996; x_wconf 91' lang='lat' dir='ltr'><strong>Codice</strong></span> <span class='ocrx_word' id='word_1_206' title='bbox 792 3907 991 4020; x_wconf 85' lang='lat' dir='ltr'><strong>Bobiensi</strong></span> <span class='ocrx_word' id='word_1_207' title='bbox 1014 3904 1231 4020; x_wconf 88' lang='lat' dir='ltr'><strong>descripsit</strong></span> <span class='ocrx_word' id='word_1_208' title='bbox 1260 3937 1294 3989; x_wconf 89' lang='lat' dir='ltr'><strong>c.</strong></span> <span class='ocrx_word' id='word_1_209' title='bbox 1320 3935 1477 3990; x_wconf 89' lang='lat' dir='ltr'><strong>annum</strong></span> <span class='ocrx_word' id='word_1_210' title='bbox 1501 3909 1624 4016; x_wconf 73' lang='grc'><strong>1495,</strong></span> 
     </span>
     <span class='ocr_line' id='line_1_27' title="bbox 156 4035 1625 4128; baseline 0.003 -8"><span class='ocrx_word' id='word_1_211' title='bbox 156 4039 254 4124; x_wconf 89' lang='lat' dir='ltr'><strong>sicut</strong></span> <span class='ocrx_word' id='word_1_212' title='bbox 284 4039 434 4126; x_wconf 90' lang='lat' dir='ltr'><strong>videre</strong></span> <span class='ocrx_word' id='word_1_213' title='bbox 465 4067 527 4126; x_wconf 87' lang='lat' dir='ltr'><strong>est</strong></span> <span class='ocrx_word' id='word_1_214' title='bbox 557 4073 580 4128; x_wconf 89' lang='lat' dir='ltr'><strong>c</strong></span> <span class='ocrx_word' id='word_1_215' title='bbox 608 4039 865 4127; x_wconf 87' lang='lat' dir='ltr'><strong>dedicatoria</strong></span> <span class='ocrx_word' id='word_1_216' title='bbox 893 4039 1127 4127; x_wconf 90' lang='lat' dir='ltr'><strong>Galbiati</strong></span> <span class='ocrx_word' id='word_1_217' title='bbox 1158 4036 1213 4122; x_wconf 91' lang='lat' dir='ltr'><strong>ad</strong></span> <span class='ocrx_word' id='word_1_218' title='bbox 1243 4068 1362 4122; x_wconf 88' lang='lat' dir='ltr'><strong>suam</strong></span> <span class='ocrx_word' id='word_1_219' title='bbox 1395 4035 1625 4124; x_wconf 89' lang='lat' dir='ltr'><strong>editionem</strong></span> 
     </span>
     <span class='ocr_line' id='line_1_28' title="bbox 155 4171 1624 4287; baseline -0.001 -32"><span class='ocrx_word' id='word_1_220' title='bbox 155 4172 456 4260; x_wconf 87' lang='lat' dir='ltr'><strong>Terentiani</strong></span> <span class='ocrx_word' id='word_1_221' title='bbox 498 4177 681 4281; x_wconf 89' lang='lat' dir='ltr'><strong>Mauri,</strong></span> <span class='ocrx_word' id='word_1_222' title='bbox 722 4186 881 4260; x_wconf 79' lang='lat' dir='ltr'><strong>Mediol.</strong></span> <span class='ocrx_word' id='word_1_223' title='bbox 920 4193 1053 4287; x_wconf 71' lang='lat'><strong>1497,</strong></span> <span class='ocrx_word' id='word_1_224' title='bbox 1094 4171 1244 4258; x_wconf 90' lang='lat' dir='ltr'><strong>collato</strong></span> <span class='ocrx_word' id='word_1_225' title='bbox 1283 4172 1502 4286; x_wconf 85' lang='lat' dir='ltr'><strong>privilegio</strong></span> <span class='ocrx_word' id='word_1_226' title='bbox 1539 4171 1624 4257; x_wconf 92' lang='lat' dir='ltr'><strong>Lu-</strong></span> 
     </span>
     <span class='ocr_line' id='line_1_29' title="bbox 154 4303 1625 4422; baseline 0.001 -34"><span class='ocrx_word' id='word_1_227' title='bbox 154 4303 289 4394; x_wconf 91' lang='lat' dir='ltr'><strong>dovici</strong></span> <span class='ocrx_word' id='word_1_228' title='bbox 309 4310 467 4395; x_wconf 88' lang='lat' dir='ltr'><strong>Mariae</strong></span> <span class='ocrx_word' id='word_1_229' title='bbox 488 4312 663 4396; x_wconf 87' lang='lat' dir='ltr'><strong>Slortiae</strong></span> <span class='ocrx_word' id='word_1_230' title='bbox 682 4307 820 4396; x_wconf 88' lang='lat' dir='ltr'><strong>eidem</strong></span> <span class='ocrx_word' id='word_1_231' title='bbox 844 4305 1019 4393; x_wconf 80' lang='lat' dir='ltr'><strong>editioni</strong></span> <span class='ocrx_word' id='word_1_232' title='bbox 1037 4304 1230 4422; x_wconf 86' lang='lat' dir='ltr'><strong>praefixo.</strong></span> <span class='ocrx_word' id='word_1_233' title='bbox 1270 4305 1409 4392; x_wconf 88' lang='lat' dir='ltr'><strong>Locos</strong></span> <span class='ocrx_word' id='word_1_234' title='bbox 1430 4307 1512 4390; x_wconf 91' lang='lat' dir='ltr'><strong>huc</strong></span> <span class='ocrx_word' id='word_1_235' title='bbox 1532 4335 1625 4421; x_wconf 92' lang='lat' dir='ltr'><strong>spe·</strong></span> 
     </span>
     <span class='ocr_line' id='line_1_30' title="bbox 153 4435 1624 4559; baseline 0.001 -35"><span class='ocrx_word' id='word_1_236' title='bbox 153 4465 319 4548; x_wconf 79' lang='lat' dir='ltr'><strong>etanteS,</strong></span> <span class='ocrx_word' id='word_1_237' title='bbox 345 4445 547 4559; x_wconf 89' lang='lat' dir='ltr'><strong>quoniam</strong></span> <span class='ocrx_word' id='word_1_238' title='bbox 565 4445 838 4530; x_wconf 88' lang='lat' dir='ltr'><strong>Terentianus</strong></span> <span class='ocrx_word' id='word_1_239' title='bbox 860 4439 1060 4545; x_wconf 91' lang='lat' dir='ltr'><strong>Galbiati,</strong></span> <span class='ocrx_word' id='word_1_240' title='bbox 1081 4441 1196 4524; x_wconf 90' lang='lat' dir='ltr'><strong>cuius</strong></span> <span class='ocrx_word' id='word_1_241' title='bbox 1214 4437 1424 4554; x_wconf 80' lang='lat' dir='ltr'><strong>exemplar</strong></span> <span class='ocrx_word' id='word_1_242' title='bbox 1444 4435 1624 4526; x_wconf 88' lang='lat' dir='ltr'><strong>nitidum</strong></span> 
     </span>
     <span class='ocr_line' id='line_1_31' title="bbox 150 4570 1623 4675; baseline -0.003 -17"><span class='ocrx_word' id='word_1_243' title='bbox 150 4573 188 4658; x_wconf 87' lang='lat' dir='ltr'><strong>in</strong></span> <span class='ocrx_word' id='word_1_244' title='bbox 214 4575 479 4664; x_wconf 89' lang='lat' dir='ltr'><strong>Bibliotheca</strong></span> <span class='ocrx_word' id='word_1_245' title='bbox 504 4577 691 4664; x_wconf 88' lang='lat' dir='ltr'><strong>Palatina</strong></span> <span class='ocrx_word' id='word_1_246' title='bbox 721 4574 1048 4662; x_wconf 78' lang='lat' dir='ltr'><strong>vindobonensi</strong></span> <span class='ocrx_word' id='word_1_247' title='bbox 1079 4570 1340 4675; x_wconf 88' lang='lat' dir='ltr'><strong>adservatur,</strong></span> <span class='ocrx_word' id='word_1_248' title='bbox 1367 4573 1475 4654; x_wconf 89' lang='lat' dir='ltr'><strong>inter</strong></span> <span class='ocrx_word' id='word_1_249' title='bbox 1494 4570 1623 4654; x_wconf 87' lang='lat' dir='ltr'><strong>libros</strong></span> 
     </span>
     <span class='ocr_line' id='line_1_32' title="bbox 149 4702 1622 4814; baseline -0.006 -17"><span class='ocrx_word' id='word_1_250' title='bbox 149 4713 379 4797; x_wconf 84' lang='lat' dir='ltr'><strong>rarissimos</strong></span> <span class='ocrx_word' id='word_1_251' title='bbox 396 4713 478 4796; x_wconf 90' lang='lat' dir='ltr'><strong>iam</strong></span> <span class='ocrx_word' id='word_1_252' title='bbox 490 4708 774 4797; x_wconf 84' lang='lat' dir='ltr'><strong>numerandus</strong></span> <span class='ocrx_word' id='word_1_253' title='bbox 795 4733 868 4814; x_wconf 87' lang='lat' dir='ltr'><strong>est,</strong></span> <span class='ocrx_word' id='word_1_254' title='bbox 888 4711 957 4793; x_wconf 89' lang='lat' dir='ltr'><strong>hio</strong></span> <span class='ocrx_word' id='word_1_255' title='bbox 974 4704 1134 4792; x_wconf 83' lang='lat' dir='ltr'><strong>adferre</strong></span> <span class='ocrx_word' id='word_1_256' title='bbox 1149 4705 1278 4790; x_wconf 86' lang='lat' dir='ltr'><strong>lubet.</strong></span> <span class='ocrx_word' id='word_1_257' title='bbox 1311 4705 1384 4788; x_wconf 83' lang='lat' dir='ltr'><strong>Ait</strong></span> <span class='ocrx_word' id='word_1_258' title='bbox 1402 4702 1622 4790; x_wconf 90' lang='lat' dir='ltr'><strong>Galbiatus</strong></span> 
     </span>
     <span class='ocr_line' id='line_1_33' title="bbox 148 4837 1622 4943; baseline 0.001 -19"><span class='ocrx_word' id='word_1_259' title='bbox 148 4843 186 4928; x_wconf 90' lang='lat' dir='ltr'><strong>in</strong></span> <span class='ocrx_word' id='word_1_260' title='bbox 206 4842 476 4932; x_wconf 86' lang='lat' dir='ltr'><strong>dedicatione</strong></span> <span class='ocrx_word' id='word_1_261' title='bbox 488 4844 542 4931; x_wconf 91' lang='lat' dir='ltr'><strong>ad</strong></span> <span class='ocrx_word' id='word_1_262' title='bbox 555 4847 755 4932; x_wconf 86' lang='lat' dir='ltr'><strong>Iacobum</strong></span> <span class='ocrx_word' id='word_1_263' title='bbox 772 4840 990 4930; x_wconf 87' lang='lat' dir='ltr'><strong>Andream</strong></span> <span class='ocrx_word' id='word_1_264' title='bbox 1007 4843 1042 4926; x_wconf 91' lang='lat' dir='ltr'>F</span> <span class='ocrx_word' id='word_1_265' title='bbox 1044 4840 1331 4926; x_wconf 88' lang='lat' dir='ltr'><strong>errariensem:</strong></span> <span class='ocrx_word' id='word_1_266' title='bbox 1357 4837 1510 4943; x_wconf 90' lang='lat' dir='ltr'><strong>„Cum</strong></span> <span class='ocrx_word' id='word_1_267' title='bbox 1534 4839 1622 4926; x_wconf 90' lang='lat' dir='ltr'><strong>Bo·</strong></span> 
     </span>
     <span class='ocr_line' id='line_1_34' title="bbox 146 4971 1612 5067; baseline -0.004 -5"><span class='ocrx_word' id='word_1_268' title='bbox 146 4976 218 5062; x_wconf 90' lang='lat' dir='ltr'><strong>bii</strong></span> <span class='ocrx_word' id='word_1_269' title='bbox 242 4983 293 5066; x_wconf 91' lang='lat' dir='ltr'><strong>in</strong></span> <span class='ocrx_word' id='word_1_270' title='bbox 318 4981 583 5067; x_wconf 91' lang='lat' dir='ltr'><strong>coenobio</strong></span> <span class='ocrx_word' id='word_1_271' title='bbox 616 4980 733 5065; x_wconf 90' lang='lat' dir='ltr'><strong>Divi</strong></span> <span class='ocrx_word' id='word_1_272' title='bbox 755 4976 1071 5064; x_wconf 90' lang='lat' dir='ltr'><strong>Columbani</strong></span> <span class='ocrx_word' id='word_1_273' title='bbox 1101 4975 1242 5058; x_wconf 87' lang='lat' dir='ltr'><strong>iussu</strong></span> <span class='ocrx_word' id='word_1_274' title='bbox 1275 4971 1612 5058; x_wconf 88' lang='lat' dir='ltr'><strong>eruditissimi</strong></span> 
     </span>
     <span class='ocr_line' id='line_1_35' title="bbox 144 5106 1618 5225; baseline -0.005 -26"><span class='ocrx_word' id='word_1_275' title='bbox 144 5111 376 5200; x_wconf 84' lang='lat' dir='ltr'><strong>Merulae</strong></span> <span class='ocrx_word' id='word_1_276' title='bbox 397 5116 633 5202; x_wconf 82' lang='lat' dir='ltr'><strong>chronica</strong></span> <span class='ocrx_word' id='word_1_277' title='bbox 653 5137 702 5200; x_wconf 90' lang='lat' dir='ltr'><strong>et</strong></span> <span class='ocrx_word' id='word_1_278' title='bbox 722 5113 996 5200; x_wconf 88' lang='lat' dir='ltr'><strong>Caesarum</strong></span> <span class='ocrx_word' id='word_1_279' title='bbox 1012 5107 1296 5225; x_wconf 88' lang='lat' dir='ltr'><strong>diplomata</strong></span> <span class='ocrx_word' id='word_1_280' title='bbox 1314 5106 1618 5213; x_wconf 86' lang='lat' dir='ltr'><strong>evolverem,</strong></span> 
     </span>
     <span class='ocr_line' id='line_1_36' title="bbox 144 5241 1619 5365; baseline -0.001 -37"><span class='ocrx_word' id='word_1_281' title='bbox 144 5271 195 5332; x_wconf 90' lang='lat' dir='ltr'><strong>ot</strong></span> <span class='ocrx_word' id='word_1_282' title='bbox 213 5247 510 5336; x_wconf 88' lang='lat' dir='ltr'><strong>uberiorem</strong></span> <span class='ocrx_word' id='word_1_283' title='bbox 530 5249 695 5365; x_wconf 83' lang='lat' dir='ltr'><strong>gentis</strong></span> <span class='ocrx_word' id='word_1_284' title='bbox 712 5245 1090 5337; x_wconf 62' lang='lat' dir='ltr'><strong>Vice&#39;comitum</strong></span> <span class='ocrx_word' id='word_1_285' title='bbox 1110 5241 1379 5332; x_wconf 87' lang='lat' dir='ltr'><strong>historiam</strong></span> <span class='ocrx_word' id='word_1_286' title='bbox 1401 5243 1619 5328; x_wconf 86' lang='lat' dir='ltr'><strong>consori-</strong></span> 
     </span>
    </p>
   </div>
   <div class='ocr_carea' id='block_1_3' title="bbox 0 0 2014 6068">
    <p class='ocr_par' dir='ltr' id='par_1_6' title="bbox 0 0 2014 6068">
     <span class='ocr_line' id='line_1_37' title="bbox 0 0 2014 6068; baseline 0 8"><span class='ocrx_word' id='word_1_287' title='bbox 0 0 2014 6068; x_wconf 95' lang='lat' dir='ltr'><strong> </strong></span> 
     </span>
    </p>
   </div>
  </div>
 </body>
</html>
