4042 6070
354 569 359 582 .
401 539 448 604 η
714 534 868 588 lllssllll'l'l
892 531 1039 588 tttTmnt
1065 531 1259 586 ohannau.
1285 529 1558 586 attentaturum.

294 697 392 744 ctam.
491 685 560 748 109.
590 680 630 744 ln
653 681 739 744 ·Ux·
762 681 952 744 masculina
981 679 1158 754 Pollux3
1188 679 1354 743 feminina
1382 681 1464 742 tria:
1503 679 1592 754 lux,
1627 697 1743 754 crux,
1771 699 1874 754 nux3

403 803 588 847 commune
605 803 730 846 unum:
755 796 860 846 trux.

294 893 339 942 ch.
355 897 391 944 2⁵.
490 889 559 948 110.
585 883 716 948 Omnia
740 887 883 948 nomina
905 885 1027 947 tertiae
1045 882 1285 946 declinationis
1307 882 1541 945 accusativum
1556 882 1687 946 faciunt
1704 902 1769 966 per
1786 882 1875 946 ·EM·

402 987 557 1070 exceptis
578 987 648 1048 his:
677 988 851 1071 puppis,
878 987 1052 1072 puppim
1084 985 1182 1060 lacit,
1207 986 1319 1059 sitis,
1343 985 1460 1046 sitim
1484 983 1671 1067 (pluralem
1689 1005 1873 1048 numerum

401 1090 497 1152 sitis
518 1107 590 1151 non
614 1087 750 1169 habet),
783 1090 962 1163 securis,
987 1089 1185 1162 securim;
1210 1087 1355 1160 turris,
1380 1087 1527 1149 turrim
1552 1088 1602 1167 (et
1625 1098 1754 1149 turrem
1768 1085 1876 1150 habe-

402 1185 478 1252 mus
498 1203 580 1274 aput
595 1191 792 1273 Vergilium
815 1227 856 1238 -κ
872 1203 1029 1254 turrem
1054 1191 1094 1251 in
1117 1189 1346 1276 praecipiti
1370 1199 1551 1250 stantem
1568 1190 1600 1268 Ἰ)
1616 1190 1686 1270 -),
1710 1187 1873 1273 pelvis,

401 1292 727 1376 pelvim-mmm,
768 1292 917 1370 febris,
963 1291 1134 1367 lahrim5
1176 1292 1258 1354 item
1294 1289 1485 1354 civitatium
1519 1290 1662 1354 nomina
1691 1291 1874 1366 eiusmodi,

401 1393 624 1479 Neapolis,
647 1393 877 1479 Neapolim.

486 1494 665 1558 Ablativus
689 1499 813 1558 horum
836 1515 900 1578 per
924 1493 959 1556 ·l·
984 1491 1134 1558 eilertur.

290 1593 389 1648 ΟΜ·
490 1601 560 1660 111.
586 1595 720 1662 Graeca
735 1597 887 1670 nomina,
909 1597 997 1658 sicut
1014 1596 1296 1681 supradiximus,
1317 1595 1453 1679 quaein
1473 1593 1550 1658 ·Es·
1570 1596 1811 1672 terminantur,
1838 1598 1874 1660 in

401 1699 563 1782 genetivo
585 1699 715 1762 iaciunt
728 1698 804 1773 ·lS·,
827 1699 856 1760 si
873 1699 908 1760 in
925 1700 1085 1780 genetivo
1104 1705 1214 1760 ·0r2'·
1236 1696 1420 1760 habuerint
1438 1699 1489 1778 ¹⁹),
1510 1696 1603 1760 velut
1624 1697 1874 1762 Demosthe-

401 1821 489 1876 nes,
514 1801 833 1865 Demosthenis.
866 1800 927 1863 Sin
951 1814 1064 1863 autem
1084 1801 1120 1863 in
1139 1819 1264 1883 graeco
1287 1801 1448 1883 genetivo
1466 1798 1554 1864 ·OY·
1573 1799 1757 1862 habuerint
1775 1804 1817 1883 ⁸⁰)
1835 1813 1875 1863 ut

401 1907 573 1980 Πηλιὶὁης,
601 1903 814 1984 Πελιὶὁου”)
851 1901 979 1966 iaciunt
1011 1903 1202 1978 Pelides,
1233 1887 1417 1965 Pelidae.
1450 1901 1598 1964 Possunt
1619 1913 1734 1964 tamen
1754 1915 1787 1966 et
1807 1923 1866 1980 no-

400 2006 605 2067 minativum
629 2004 757 2068 habere
779 2005 940 2068 latinum:
977 2004 1143 2080 Pelida,
1180 2004 1347 2078 Atrida,
1375 2003 1551 2079 Acesta,
1588 2002 1765 2080 Achata,
1799 2003 1873 2084 Py-

398 2105 513 2180 lada,
540 2104 697 2170 Oresta
711 2110 763 2189 ²²).
794 2103 888 2170 Haec
909 2127 1160 2191 nonnunquam
1185 2105 1277 2192 apud
1296 2118 1453 2168 auctores
1471 2107 1545 2168 sine
1563 2104 1804 2168 observatione
1822 2107 1874 2168 el-

397 2207 576 2284 leruntur,
599 2228 679 2270 nam
704 2222 738 2270 et
759 2207 966 2272 Aristidis
983 2222 1016 2273 et
1037 2207 1266 2272 Aristidae'
1283 2207 1448 2270 dixerunt
1468 2208 1577 2290 magis
1598 2208 1813 2290 regulariter,
1838 2220 1874 2271 et

397 2331 460 2393 per
475 2313 541 2374 hoo
555 2309 725 2394 pluralem
745 2311 898 2374 dativum
920 2325 989 2374 tam
1007 2333 1052 2375 ex
1064 2313 1167 2376 tertio
1188 2331 1292 2396 quam
1309 2331 1352 2374 ex
1372 2311 1486 2396 primo
1500 2307 1623 2372 ordine
1642 2309 1782 2384 iaciunt,
1806 2311 1873 2374 his

398 2410 599 2474 Aristidis
624 2425 658 2474 et
678 2412 953 2476 Aristidibus.

291 2497 337 2548 ⁰¹²
352 2515 390 2550 ²¹·
487 2516 556 2574 112.
580 2513 726 2575 Dierum
743 2533 919 2577 sacrorum
935 2536 976 2578 ac
989 2515 1208 2578 sollemnium
1225 2515 1474 2601 appellationes
1488 2514 1685 2595 genetivum
1699 2511 1873 2596 pluralem

399 2611 574 2696 duplicem
591 2613 729 2690 habent,
747 2627 815 2676 tam
829 2637 874 2677 ex
890 2620 1042 2680 secundo
1056 2639 1159 2702 quam
1175 2637 1219 2678 ex
1229 2617 1330 2679 tertio
1345 2615 1479 2690 ordine,
1497 2615 1589 2676 velut
1612 2613 1873 2688 Saturnalia,

399 2711 693 2778 Saturnalium
728 2727 762 2777 et
798 2716 1146 2782 saturnaliorum
1180 2730 1213 2779 et
1241 2730 1355 2780 cetera
1384 2716 1559 2790 similiter,
1597 2713 1876 2778 Terminalia

397 2815 471 2876 tiru'u
493 2815 526 2876 ἐν
548 2825 612 2876 coir
635 2818 730 2891 ὁρίοις
752 2821 879 2894 adeun,
906 2818 1153 2904 Conpiialia
1176 2815 1225 2878 ἐπὶ
1247 2827 1311 2882 τῶν
1332 2809 1564 2900 depascam&
1586 2820 1744 2890 uincetur,
1770 2813 1875 2878 Car-

397 2916 619 2993 mentalis,
644 2921 746 2982 matri
768 2920 921 2983 Evandri
945 2921 1111 2983 sacrificia
1135 2921 1328 2984 constituta.

287 3003 385 3072 (ΜΦ
482 3023 553 3083 113.
568 3021 654 3084 Item
670 3021 749 3084 illae
760 3023 1020 3106 appellationes,
1037 3044 1124 3107 quae
1138 3025 1240 3086 etiam
1255 3023 1360 3087 latine
1371 3043 1448 3086 cum
1464 3023 1634 3097 dicantur,
1650 3034 1773 3082 natura
1789 3032 1873 3082 sunt

395 3140 519 3202 graeca
543 3135 577 3184 et
591 3126 632 3205 η)
656 3123 830 3208 duplicem
856 3127 1054 3207 genetivum
1077 3125 1246 3209 pluralem
1266 3124 1414 3199 habent,
1438 3138 1507 3188 tam
1526 3145 1571 3187 ex
1590 3123 1742 3186 secundo
1763 3141 1870 3205 quam

395 3243 440 3285 ex
462 3223 563 3287 tertio
591 3225 732 3302 ordine,
769 3226 863 3290 velut
892 3247 1061 3311 poema,
1086 3228 1292 3304 diadema,
1322 3240 1516 3290 toreuma.
1542 3225 1612 3288 Sed
1633 3236 1713 3288 eunt
1733 3223 1793 3308 qui
1816 3222 1873 3285 di-

394 3325 574 3407 stinguunt
586 3321 628 3408 ¹⁵)
651 3329 746 3404 haec,
761 3341 795 3390 et
810 3349 961 3391 errorem
981 3350 1054 3392 esse
1068 3331 1251 3414 quemdam
1268 3331 1453 3393 ostendunt
1469 3321 1508 3408 ²⁶)
1522 3329 1752 3391 differentiam
1768 3327 1871 3408 igno-

394 3427 548 3490 rantibus
569 3440 601 3490 et
615 3449 686 3492 non
701 3452 773 3493 esse
790 3451 894 3492 unam
911 3431 1180 3516 appellationem
1196 3453 1240 3493 ex
1255 3452 1321 3515 qua
1337 3432 1520 3493 elationem
1536 3431 1715 3512 genetivus
1732 3431 1774 3509 ²⁷)
1788 3426 1870 3512 plu-

394 3528 475 3592 ralis
493 3530 667 3614 duplicem
690 3531 803 3607 habet,
828 3533 889 3594 sed
907 3533 990 3596 duas
1010 3534 1259 3620 appellationes
1281 3534 1372 3596 idem
1391 3532 1633 3615 significantes,
1657 3530 1798 3593 alteram
1813 3550 1870 3592 se-

395 3632 516 3708 cundi,
541 3633 682 3694 alteram
703 3636 797 3696 tertii
818 3636 970 3710 ordinis3
1000 3637 1061 3698 sed
1084 3635 1227 3699 secundi
1248 3637 1333 3697 haec
1354 3648 1404 3697 est
1427 3653 1515 3716 quae
1533 3632 1731 3716 antiquitati
1753 3631 1867 3692 datur.

392 3731 482 3795 Nam
499 3735 632 3817 antiqui
652 3738 729 3798 hoc
751 3749 1010 3820 poematum,
1033 3739 1155 3800 huius
1178 3737 1381 3820 poemati,
1406 3729 1562 3815 huic²⁸)
1585 3745 1801 3817 poemato,
1825 3743 1870 3793 ut

345 3875 348 3880 ,
393 3834 517 3894 meritc
544 3833 712 3917 pluralem
732 3851 924 3922 poemata
953 3852 1237 3922 poematorum
1267 3839 1423 3900 dicerent
1460 3851 1493 3900 et
1524 3835 1754 3921 poematis,
1798 3836 1873 3896 hoc

394 3932 696 4014 diadematum,
720 3941 820 4003 huius
845 3940 1099 4016 diademati;
1123 3953 1421 4016 toreumatum,
1447 3937 1869 4002 toreumatietcetera.

394 4033 504 4097 Tertii
524 4049 637 4098 autem
657 4041 788 4104 ordinis
811 4043 896 4104 haec
921 4054 970 4103 est
988 4063 1091 4125 quam
1112 4043 1147 4104 in
1162 4043 1410 4105 consuetudine
1428 4033 1747 4120 observabimust),
1770 4057 1874 4122 poe-

393 4156 475 4212 ma,
505 4143 731 4222 poematis,
761 4143 904 4228 plurali:
939 4158 1150 4226 poemata,
1180 4157 1442 4228 poematum,
1478 4139 1770 4228 poematibus;
1806 4151 1874 4202 to·

393 4259 529 4304 reuma
553 4241 720 4306 similiter.

281 4321 382 4432 ἷῆζῗζζ·
481 4348 551 4408 tlt.
568 4343 583 4374 ⁴*
593 4344 723 4408 Omnia
737 4347 889 4420 nomina,
900 4347 1030 4429 quaein
1041 4348 1098 4413 ·0·
1110 4349 1338 4410 terminantur
1353 4347 1534 4411 masculini
1544 4345 1692 4430 generis,
1707 4343 1735 4406 si
1750 4354 1877 4405 tamen

392 4447 560 4532 recipiant
575 4460 608 4511 et
621 4449 822 4512 femininam
837 4461 1005 4524 naturam,
1028 4463 1127 4513 erunt
1140 4452 1349 4525 communia,
1363 4451 1457 4514 velut
1480 4450 1547 4512 hic
1565 4461 1599 4512 et
1621 4449 1722 4511 haec
1745 4444 1878 4522 latro,

433 4738 466 4805 Ι9)
491 4733 639 4790 habuerint
658 4769 691 4778 -·
709 4733 838 4789 habuerit
858 4737 925 4790 cod.
951 4735 989 4806 ²⁰)
1010 4733 1157 4788 habuerint
1174 4767 1209 4778 -
1229 4733 1356 4789 abuerint
1382 4735 1448 4788 cod.
1477 4736 1515 4804 ⁸¹)
1541 4731 1668 4794 Pelides,
1694 4729 1804 4792 Pelidu,
1825 4737 1877 4786 ita

497 4825 564 4877 cod.
591 4829 687 4878 melius
715 4839 807 4878 tamen
830 4826 898 4878 ltaec
930 4828 1038 4896 graecis
1070 4827 1155 4877 literis
1185 4825 1348 4876 scribuntur.
1387 4827 1421 4892 ¹¹)
1450 4821 1551 4875 Oresta
1583 4855 1619 4866 -
1645 4825 1757 4901 Optotn
1791 4820 1876 4876 cod.

496 4911 533 4982 11)
553 4907 709 4988 depectitis
727 4943 763 4954 ·-
781 4932 915 4990 otpertus
936 4915 1003 4968 cod.
1024 4913 1061 4984 ’⁴)
1079 4909 1112 4967 τδ
1129 4926 1156 4966 et
1174 4913 1315 4966 abundare
1333 4913 1440 4968 videtur
1465 4913 1502 4982 ¹³)
1523 4909 1745 4981 distinguunt-
1759 4905 1878 4960 distin-

494 5005 564 5066 gunt
583 4999 650 5050 Cod.
672 5001 707 5068 ²⁶)
728 4999 880 5053 ostendunt
898 5034 932 5045 -
951 5000 1115 5056 hostendum
1138 5003 1206 5056 cod.
1223 5004 1259 5071 ¹7)
1279 5002 1421 5071 genetivus
1439 5029 1476 5043 -
1494 5001 1637 5070 genetivus
1659 4999 1731 5053 cot:
1745 4997 1783 5068 ¹³)
1799 4995 1884 5052 huic

493 5111 528 5128 -
549 5085 595 5136 nio
615 5087 683 5139 cod.

430 5191 460 5260 a)
487 5190 563 5261 Virg.
583 5191 649 5245 Aen.
669 5192 704 5246 ll.
724 5197 785 5256 460.
807 5195 833 5265 ὁ)
853 5197 1061 5260 observabimus,
1079 5194 1177 5250 melius
1197 5192 1270 5266 apud
1291 5191 1395 5246 Charis.
1415 5191 1432 5245 l.
1455 5213 1477 5245 r.
1499 5196 1678 5248 observatum.
