4032 6070
560 497 1158 560 rnosrinsuruons
1509 509 1575 578 287

183 651 260 716 dli.
286 649 376 736 Sane
399 649 485 714 haec
508 649 644 734 generis
668 649 827 715 feminini
848 653 1009 732 uomina,
1033 671 1122 738 quae
1145 649 1298 718 diximus
1321 648 1473 717 ablativo
1494 673 1576 718 casu

120 754 241 816 nunreri
264 753 448 836 singularis
472 751 522 815 ·E·
546 753 661 818 littera
685 767 845 842 correpta
868 756 1059 834 terminari,
1082 758 1150 819 hoe
1172 775 1365 831 monemus,
1394 757 1489 840 qnod
1511 777 1577 820 no-

121 856 272 919 minativo
296 869 330 918 et
348 849 388 938 ¹⁵)
411 856 571 920 vocativo
588 875 669 919 essu
686 860 823 922 numeri
840 857 1024 943 singularis
1035 857 1141 920 variis
1155 856 1275 922 formis
1298 857 1507 922 deliniantur
1523 853 1574 944 ¹⁰).

122 959 210 1022 Nunc
232 971 318 1042 quot
338 960 380 1039 ¹⁷)
406 957 461 1021 vel
492 958 618 1044 quibus
640 961 745 1024 variis
769 961 888 1025 formis
912 962 947 1024 in
975 959 1174 1046 supradicto
1198 981 1279 1023 casu
1301 961 1492 1046 supradicti
1515 982 1576 1045 ge·-

123 1061 203 1122 neris
224 1061 366 1123 nomina
390 1061 598 1124 deliniantur
615 1055 672 1144 Ι’),
696 1065 764 1126 hoc
781 1067 820 1145 ¹⁰)
844 1063 880 1126 in
903 1063 997 1126 sonis
1019 1075 1259 1148 competenter
1280 1064 1505 1128 tractabimus
1522 1067 1575 1146 ²⁰).

193 1165 267 1230 273.
289 1161 307 1192 ⁸
328 1161 390 1224 De
413 1182 580 1246 genere
617 1176 777 1229 neutro
799 1167 852 1246 ”).
881 1165 1005 1230 Neutri
1027 1167 1164 1249 generis
1186 1167 1345 1242 nomina,
1370 1188 1458 1251 quae
1481 1167 1576 1231 abla-
1600 1191 1670 1242 colb.

124 1265 185 1328 tivo
207 1283 287 1327 casu
302 1266 345 1347 ²²)
367 1266 503 1328 numeri
527 1267 710 1350 singularis
734 1268 784 1331 ·E·
807 1268 923 1332 litters
946 1269 1078 1332 scilicet
1095 1263 1138 1350 ²³¹)
1162 1281 1320 1354 correpte
1335 1269 1575 1345 terminentur,

125 1380 151 1430 et
169 1379 284 1452 aptota
304 1366 529 1452 veltriptota
543 1362 585 1452 ²⁴)
608 1389 682 1434 esse
704 1390 777 1434 non
799 1371 1025 1436 inveniuntur
1039 1363 1090 1452 ¹⁵),
1114 1373 1199 1434 baec
1221 1371 1355 1436 adhoc
1378 1370 1577 1456 exemplum
1696 1363 1701 1371 ’

126 1468 347 1534 declinantur:

198 1573 342 1636 Numeri
366 1571 567 1656 singularis:
591 1575 668 1640 hoc
690 1589 863 1662 pectus,
887 1576 1015 1640 huius
1038 1577 1248 1662 pectoris,
1272 1575 1375 1639 huic
1397 1575 1580 1660 pectori,

128 1677 380 1762 leopertus,
405 1695 425 1738 o
448 1687 613 1760 pectus,
637 1676 686 1742 ab
709 1679 789 1743 hoc
811 1693 1005 1765 pectore;
1035 1679 1178 1744 numeri·
1194 1677 1354 1763 pluralis:
1386 1678 1490 1740 haec
1511 1697 1581 1760 pe-

129 1792 252 1856 ctora,
283 1781 430 1842 horum
454 1792 696 1865 pectorum,
726 1783 793 1846 his
815 1780 1086 1868 pectoribus,
1115 1783 1219 1844 haec
1242 1795 1439 1865 pectore,
1467 1799 1488 1842 o
1511 1798 1582 1864 pe-

132 1894 258 1956 ctora,
282 1880 332 1944 ab
356 1882 417 1944 his
440 1880 704 1966 pectoribus.

199 1987 271 2050 stt.
303 1983 392 2047 Sane
421 1985 507 2047 haee
535 1984 673 2067 generis
702 1986 818 2048 neutri
839 1987 999 2062 nomina,
1029 2006 1118 2071 qnae
1142 1985 1294 2048 diximus
1324 1982 1476 2048 ablativo
1500 2003 1582 2047 casu

128 2088 248 2150 numeri
278 2085 462 2170 singularis
492 2085 542 2148 ·E·
573 2086 688 2150 littera
719 2088 852 2152 scilicet
875 2082 917 2172 ²⁶)
947 2102 1106 2173 correpta
1138 2087 1334 2163 terminari,
1364 2086 1432 2150 hoc
1460 2105 1582 2148 mone-

129 2205 211 2265 mus,
238 2190 332 2274 quod
363 2189 578 2253 nominativo
601 2189 658 2255 vel
679 2191 841 2254 vocativo
865 2211 947 2254 cssu
969 2190 1106 2254 nurncri
1128 2188 1312 2272 singularis
1334 2189 1438 2250 variis
1462 2186 1584 2250 lormis

129 2291 331 2354 deliniantur.
355 2291 458 2354 Nunc
480 2303 567 2376 quot
583 2294 626 2375 ²⁷)
640 2291 695 2356 vel
711 2292 837 2378 quibus
859 2294 964 2358 variis
981 2293 1100 2356 lormis
1116 2292 1152 2354 in
1165 2289 1373 2376 supradictis
1389 2287 1524 2352 casibus
1540 2282 1583 2369 ²⁸)

127 2393 280 2476 praedicti
298 2395 341 2474 ’7)
368 2394 505 2478 generis
534 2393 678 2458 nomina
708 2389 994 2476 deliniantur.³⁰),
1017 2398 1084 2459 hoo
1101 2386 1142 2477 Ἰ)
1165 2393 1320 2456 insonis
1344 2402 1585 2476 competenter

131 2495 341 2560 tractabimus
359 2491 414 2580 ἰ).

201 2602 274 2666 275.
299 2599 361 2662 De
384 2618 550 2682 genere
571 2599 804 2683 communi.
830 2597 1035 2664 Communis
1049 2597 1186 2681 generis
1208 2597 1362 2670 nomina,
1386 2615 1475 2680 quse
1490 2593 1625 2658 abta-v·
1642 2595 1692 2641 ²⁰61

130 2699 189 2764 tivo
211 2720 291 2764 casu
316 2702 453 2764 numeri
475 2703 659 2786 singularis
683 2703 733 2764 ·E·
757 2701 872 2766 littera
896 2702 1030 2766 scilicet
1053 2711 1213 2785 correpta
1236 2699 1478 2773 terminantur,
1501 2698 1587 2761 lraec

129 2801 165 2864 sd
180 2794 218 2884 ³³)
242 2805 310 2866 hoc
333 2804 533 2890 exemplum
557 2803 776 2868 declinantur
790 2797 849 2886 ³⁴):

201 2905 345 2968 Numeri
369 2906 570 2990 singularis:
594 2905 666 2970 hic
689 2909 847 2970 ethaeo
871 2897 1085 2987 custos³⁵),
1109 2903 1232 2966 huius
1255 2915 1289 2966 et
1311 2901 1438 2968 buius
1458 2894 1499 2984 36)
1524 2921 1589 2966 cn·

132 3007 274 3084 stodis,
308 3010 407 3073 huic
438 3023 472 3073 et
494 3009 594 3073 hnic
617 3003 660 3092 ³⁷)
691 3009 877 3082 custodi,
911 3010 1022 3072 hunc
1045 3020 1078 3070 et
1101 3007 1208 3068 hanc
1231 3004 1477 3080 custodem,
1510 3023 1531 3066 o
1554 3014 1590 3064 et
1668 3067 1673 3082 ¹

133 3103 203 3190 0³⁸)
226 3123 386 3189 custos,
415 3111 465 3174 ab
488 3113 569 3176 hoc
591 3124 625 3175 et
647 3110 697 3174 sb
721 3105 849 3192 bac³⁹)
875 3110 1073 3183 custodc;
1102 3121 1136 3170 et
1164 3105 1359 3192 pluraliter:
1390 3105 1433 3168 bi
1456 3118 1490 3168 et
1513 3107 1589 3168 bae

133 3212 341 3287 custodes,
365 3217 515 3278 horum
540 3226 573 3276 et
597 3215 741 3276 harum
766 3197 1002 3288 custodum,
1025 3211 1094 3274 his
1117 3223 1151 3272 et
1173 3199 1294 3289 his⁴¹·)
1317 3206 1588 3282 custodibus,

133 3311 198 3374 hos
220 3327 252 3376 et
276 3315 347 3378 has
371 3315 594 3392 custodes,
626 3335 647 3379 o
677 3331 710 3380 et
740 3337 760 3380 o
784 3306 828 3398 ⁴¹)
852 3314 1069 3390 custodes,
1092 3311 1141 3376 ab
1162 3301 1205 3390 ⁴²)
1234 3311 1301 3374 bis
1329 3308 1433 3373 stab
1457 3311 1523 3374 his
1545 3301 1589 3393 ⁴³)

134 3416 386 3482 custodibus.
1563 3495 1568 3503 ἱ

203 3519 276 3584 276.
302 3518 399 3582 Sane‘
417 3518 612 3582 communis
634 3519 771 3602 generis
792 3518 952 3595 nomina,
977 3537 1064 3602 qnae
1083 3515 1236 3579 ablativo
1260 3533 1341 3580 casu
1364 3513 1501 3576 numeri
1517 3513 1590 3576 sin-

131 3618 249 3698 gularis
273 3621 323 3684 ·Ε·
347 3621 463 3685 littera
486 3631 645 3705 correpta
667 3621 799 3684 scilicet
822 3620 1061 3695 terminantur,
1087 3619 1170 3680 haec
1188 3615 1404 3679 nominativo
1429 3634 1510 3677 casn
1525 3633 1590 3676 nu-

133 3723 210 3785 meri
232 3723 416 3808 singularis
436 3723 490 3786 bis
515 3722 691 3788 sexdecim
706 3713 751 3802 ⁴⁴)
773 3721 893 3786 formis
910 3721 1134 3786 definiuntur:
1159 3718 1226 3782 ·11.·
1241 3718 1325 3782 ·E1t·
1344 3717 1407 3781 ds·
1426 3714 1533 3781 tolt-
1548 3707 1590 3796 ⁴⁵)

174 4118 207 4189 Ι’)
229 4128 258 4172 et
275 4122 308 4174 Β.
328 4151 363 4162 -
380 4118 424 4174 rel
441 4121 477 4175 A.
490 4121 526 4176 V.
548 4123 582 4192 ¹⁶)
602 4118 768 4174 deliniantur
784 4120 903 4174 B-VA’.
922 4147 958 4162 -
977 4113 1149 4170 declinantur
1167 4115 1204 4170 A.
1226 4116 1260 4183 ’7)
1280 4121 1349 4186 quot
1362 4114 1394 4169 V
1391 4149 1399 4165 .
1408 4111 1444 4166 A.
1462 4143 1500 4154 -
1518 4109 1594 4183 quod

232 4209 264 4261 Β.
284 4210 319 4280 ”)
339 4205 503 4263 defiuisntur
520 4211 554 4264 B.
567 4211 603 4265 V.
618 4211 649 4264 Ρ.
664 4243 700 4252 -
719 4207 886 4260 definiuntur
904 4208 941 4261 A.
970 4209 1004 4275 ¹⁹)
1023 4203 1077 4256 hoc
1093 4205 1125 4257 B.
1138 4203 1213 4256 V-P.
1231 4233 1266 4243 —
1285 4199 1352 4252 lrsec
1371 4201 1407 4253 A.
1436 4201 1473 4272 ¹)
1495 4207 1593 4250 tructu-

231 4293 323 4349 bimus
342 4299 380 4352 V.
396 4299 432 4351 A.
450 4327 486 4343 -
506 4299 679 4352 trucissimus
697 4300 723 4353 B
758 4304 794 4368 ”)
820 4296 863 4348 De
881 4312 980 4365 gruere
998 4301 1095 4344 neutro
1113 4292 1146 4344 Β.
1162 4289 1197 4345 V.
1215 4321 1251 4332 —
1270 4287 1305 4343 ds
1323 4296 1421 4342 usubo
1441 4305 1539 4357 genere
1556 4288 1592 4342 A.

232 4389 267 4452 ”)
287 4403 358 4457 quse
383 4383 501 4440 sblstiro
522 4403 587 4438 csso
604 4388 637 4440 B.
656 4388 692 4442 V.
710 4388 739 4440 P.
758 4407 794 4436 ==
808 4385 845 4439 A.
872 4387 908 4454 ”)
927 4381 1037 4435 scilicet
1053 4380 1086 4432 Β.
1102 4380 1137 4433 V.
1149 4379 1177 4432 Ρ.
1193 4399 1228 4429 =
1242 4377 1280 4431 A.
1308 4378 1347 4448 ’⁴)
1368 4375 1595 4431 terminenturct

229 4481 325 4544 sptots
343 4473 387 4528 rel
405 4475 520 4545 triptota
539 4477 576 4530 V.
592 4476 622 4529 Ρ.
642 4505 677 4516 -
695 4473 875 4528 termiusutur
894 4480 922 4525 rt
939 4477 1034 4543 sptots
1050 4469 1083 4521 B.
1097 4489 1135 4516 =
1148 4470 1184 4522 A.
1203 4467 1239 4536 ”)
1257 4463 1435 4518 inveniuntur
1451 4464 1486 4518 B.
1500 4491 1535 4504 -
1550 4479 1593 4513 re-

231 4561 377 4632 periuntur
395 4563 484 4616 V.A.
510 4566 546 4636 ¹⁶)
564 4561 674 4617 scilicet
689 4564 724 4616 Β.
738 4563 774 4616 V.
786 4560 815 4613 Ρ.
836 4592 869 4599 —
886 4557 956 4612 licet
973 4557 1009 4610 A.
1036 4557 1071 4626 ’7)
1091 4563 1160 4626 quot
1179 4555 1216 4607 V.
1229 4554 1265 4606 A.
1284 4583 1320 4594 --
1339 4548 1415 4624 quod
1432 4551 1465 4602 Β.
1492 4550 1530 4619 ”)
1546 4565 1594 4599 sn-

231 4646 366 4719 prsdictis
393 4646 503 4702 ossibus
533 4652 568 4705 V.
585 4651 622 4705 A.
647 4679 683 4692 -·
700 4645 861 4721 suprsdictu
882 4663 946 4698 cssu
965 4647 996 4699 tt.
1025 4647 1060 4711 ’7)
1080 4637 1218 4714 praedicti
1236 4641 1266 4694 Ρ.
1285 4669 1320 4682 -
1338 4634 1490 4708 prsedistis
1508 4637 1540 4688 B.
1558 4665 1596 4676 -

230 4735 384 4808 supradicti
404 4739 439 4792 V.
458 4738 495 4792 A.
516 4743 552 4810 ³⁰)
572 4736 736 4792 deliniantur
753 4739 785 4790 B.
803 4737 839 4789 V.
858 4764 895 4776 -
913 4730 1081 4786 deliniuntur
1097 4729 1134 4782 A.
1155 4729 1191 4798 ”)
1209 4725 1263 4780 boc
1280 4727 1312 4778 Β.
1323 4728 1359 4782 V.
1371 4726 1401 4778 Ρ.
1419 4753 1455 4768 -
1475 4721 1542 4776 brec
1555 4724 1593 4776 A.

233 4825 269 4896 ³¹)
290 4823 467 4880 trsctsbiusus
487 4827 523 4882 V.
537 4827 573 4880 A.
591 4857 628 4869 -
647 4825 820 4879 tractavimus
837 4823 869 4876 B.
895 4822 931 4890 ”)
951 4817 986 4872 sd
1007 4819 1042 4872 V.
1058 4819 1096 4871 A.
1115 4845 1151 4858 ·-
1168 4834 1184 4867 s
1202 4816 1234 4868 tt.
1262 4816 1298 4884 7’)
1318 4810 1491 4865 declinantur
1508 4812 1542 4865 Β.
1558 4812 1595 4864 A.

230 4939 269 4956 -·
287 4916 468 4968 ternrinsutur
484 4917 523 4970 V.
543 4916 579 4988 ³⁵)
598 4923 693 4968 custos
713 4915 748 4970 V.
768 4914 804 4966 A.
831 4943 857 4952 -
877 4917 971 4962 custus
989 4908 1022 4961 Β.
1041 4907 1079 4978 ”)
1098 4913 1127 4958 st
1143 4901 1225 4954 liuius
1246 4900 1328 4955 V.A.
1340 4902 1416 4954 .-.·.tt.
1437 4903 1475 4972 ’7)
1495 4897 1596 4953 estote

233 5001 314 5056 V.A.
329 5005 410 5057 =B.
432 5001 470 5074 ³⁸)
489 5011 518 5058 st
535 5022 553 5056 ο
572 5002 741 5057 V.A.=B.
763 4999 800 5072 ³¹)
820 5007 848 5052 st
865 4995 900 5054 sis
918 4993 1060 5049 lsccV.A.
1076 4993 1156 5044 =B.
1168 4991 1203 5060 ⁴⁰)
1223 4998 1252 5042 st
1267 4986 1311 5043 bis
1325 4991 1361 5048 V.
1373 4989 1493 5042 A.=B.
1513 4989 1550 5059 ⁴¹)
1570 4995 1600 5039 ut

233 5109 251 5142 ο
272 5091 354 5144 V.A.
372 5113 408 5144 =
426 5092 458 5147 B.
487 5092 523 5160 ⁸¹)
542 5089 576 5144 sb
595 5092 714 5146 B.V·P.
735 5111 770 5140 =
784 5088 820 5142 A.
849 5088 886 5157 ι’)
905 5082 940 5137 sb
959 5081 1002 5135 liis
1021 5081 1056 5136 V.
1074 5079 1200 5134 A.=B.
1226 5078 1264 5151 ⁴⁸)
1283 5075 1327 5132 lris
1343 5074 1484 5134 sexdecim
1503 5076 1539 5131 V.
1560 5078 1597 5130 A.

232 5209 267 5218 ·-
287 5179 351 5233 xvt
372 5177 524 5253 (=lsis)B.
545 5211 578 5222 -·
596 5176 639 5233 bis
658 5177 724 5232 xttl
744 5179 776 5232 P.
797 5179 832 5248 ⁴³)
853 5175 936 5232 doli·
956 5171 988 5228 B·
1004 5171 1040 5226 V.
1050 5171 1080 5222 P.
1101 5199 1136 5212 -
1155 5167 1224 5222 ·0R·
1243 5168 1279 5222 A.
