4036 6068
599 545 1155 604 ruossansnruou.
1546 553 1616 626 m

144 685 339 769 periantur,
370 698 409 751 nt
438 687 531 774 apud
562 690 750 756 Salustium
780 731 821 742 -
851 707 1054 759 coenatos
1079 687 1125 778 76)
1153 715 1243 760 esse
1272 695 1494 761 incastris
1519 699 1614 781 ·)-

144 787 223 850 item
248 789 342 875 apud
356 790 554 875 Vergilium
576 829 618 846 -
633 795 875 860 Monstrum
899 797 1159 860 horrendum
1175 795 1218 878 7).
1234 835 1279 850 -
1299 799 1401 862 Nunc
1421 801 1506 862 haee
1524 821 1613 884 quae

143 889 194 951 vel
227 905 314 974 quot
343 892 412 956 sint
442 895 647 981 participia,
671 918 771 982 quae,
797 917 875 960 cum
896 891 941 981 ’7)
970 919 989 962 a
1019 898 1133 963 verbis
1162 899 1374 964 neutralibus
1397 895 1611 984 veniant⁶⁸),

144 995 319 1074 praeteriti
347 994 403 1058 vel
434 995 541 1059 lutnri
564 1001 751 1084 temporis,
779 1003 840 1086 qui
863 1003 899 1064 in
923 999 1038 1064 ·DUS·
1066 1000 1230 1081 syllabam
1255 1001 1338 1080 exit,
1364 1022 1467 1070 sonos
1487 995 1531 1084 67)
1553 1023 1610 1066 su-

142 1091 360 1180 stineant⁷⁰),
384 1097 419 1160 in
444 1099 538 1162 sonis
562 1115 801 1186 competenter
823 1103 1045 1166 tractabimus
1062 1105 1115 1185 ⁷⁸).
1230 1123 1233 1138 ·

224 1196 279 1260 De
301 1199 506 1284 participio,
531 1215 699 1284 quantum
722 1204 810 1268 ratio
832 1203 1014 1290 poscebat,
1040 1205 1261 1269 tractavimus
1282 1205 1337 1287 ²²).

223 1298 296 1364 tito.
319 1300 383 1363 DE
408 1299 779 1400 conlutvcnlonn
799 1299 852 1391 ⁷³).
877 1306 1088 1372 Coniunctio
1104 1319 1157 1371 est
1177 1325 1259 1392 pars
1278 1305 1446 1372 orationis
1467 1317 1610 1370 nectens

143 1399 374 1486 ordinansque
397 1405 612 1468 sententiam.
1594 1457 1596 1464 .

224 1501 475 1569 Coniunctioni
497 1508 660 1572 accidunt
677 1499 716 1590 77)
739 1521 912 1595 potestas,
936 1509 1043 1587 ordo,
1066 1511 1176 1593 ligura
1199 1498 1254 1592 ⁷⁵).

224 1605 295 1670 ott.
326 1605 386 1670 De
414 1621 639 1693 potestate.
668 1610 825 1676 Potestas
849 1611 1195 1675 coniunctionum-in
1225 1611 1380 1696 quinque
1403 1611 1535 1698 species
1559 1613 1612 1676 di·

142 1705 283 1781 viditur,
316 1708 353 1771 id
381 1712 713 1798 est,1copulativam
736 1706 799 1798 ⁷⁰),
823 1713 1067 1778 disiunctivam
1091 1714 1148 1797 77),
1173 1714 1401 1801 expletivam,
1425 1714 1610 1790 causalem,

144 1807 355 1874 rationalem.

222 1905 386 1975 trojus
415 1916 664 2002 copulativa
690 1911 743 1997 ⁷⁸).
775 1901 1003 2002 Copulativae
1034 1917 1164 2002 speciei
1186 1917 1452 1980 coniunctiones
1479 1919 1522 2000 77)
1544 1937 1611 1980 nu-

29 2029 30 2044 *
143 2008 299 2095 mero⁸⁰)
329 2027 410 2079 sunt
438 2037 501 2080 sex
530 2019 594 2081 lrae
617 2011 677 2101 ⁸'):
714 2031 756 2081 et
784 2017 934 2103 simplex
958 2012 1020 2102 ⁸²),
1057 2039 1136 2102 que
1164 2018 1333 2104 simplex,
1365 2039 1412 2082 ae
1442 2019 1609 2104 simplex;

143 2125 179 2175 at
204 2114 373 2199 simplex,
397 2131 464 2181 ast
493 2120 660 2206 simplex,
685 2134 813 2206 atque
844 2121 1041 2204 composita
1060 2113 1112 2202 ⁸³).
1487 2181 1491 2190 ,

130 2295 136 2306 ¹
220 2215 294 2284 tte.
317 2217 380 2281 De
402 2220 668 2286 disiunctiva
683 2215 736 2304 77).
759 2221 998 2286 Disinnctivae
1022 2223 1150 2307 speciei
1174 2221 1438 2287 coniunctiones
1462 2215 1506 2306 8⁵)
1530 2235 1610 2286 sunt

144 2333 282 2382 numero
314 2341 377 2383 sex
407 2323 471 2386 hae
492 2316 553 2406 ⁸⁰):
582 2338 652 2388 aut
693 2322 862 2409 simplex,
893 2345 940 2388 ve
976 2323 1129 2410 simplex
1150 2317 1211 2406 ³⁷),
1249 2323 1318 2386 vel
1353 2322 1521 2408 simplex,
1560 2343 1609 2391 ne

144 2417 306 2502 simplex,
329 2441 410 2501 pec
438 2424 590 2509 simplex
605 2420 668 2508 ⁸⁸),
692 2445 829 2509 neque
858 2427 1053 2511 composita
1069 2419 1122 2508 ⁸⁹).
1219 2501 1227 2509 ι

221 2521 295 2586 650.
318 2523 380 2587 De
404 2527 623 2610 expletiva
637 2529 693 2608 ⁹⁰).
715 2525 924 2612 Expletivae
947 2528 1075 2613 speciei
1089 2529 1134 2612 ⁹¹)
1159 2526 1423 2592 coniunctiones
1446 2538 1529 2590 sunt
1544 2545 1610 2588 nu·

146 2625 293 2704 mero⁹')
320 2645 384 2689 sex
414 2621 558 2711 hae⁹³):
584 2629 756 2715 quidem
785 2627 952 2714 simplex,
988 2629 1184 2713 equidem
1228 2615 1396 2713 simplex,
1438 2647 1610 2712 quoquc

146 2720 305 2808 simplex;
329 2739 467 2792 autem
497 2730 666 2816 simplex,
690 2744 831 2795 tamen
860 2731 1029 2816 simplex,
1052 2751 1187 2815 porro
1220 2730 1380 2815 simplex.
1619 2749 1649 2800 v.
1666 2752 1716 2812 269.

221 2826 294 2890 651.
316 2827 377 2892 De
400 2832 566 2895 causali
588 2826 643 2916 77).
675 2832 831 2897 Causalis
854 2833 982 2917 speciei
1006 2833 1270 2896 coniunctiones
1294 2843 1373 2894 sunt
1402 2849 1549 2894 numero
1566 2824 1608 2912 ⁹⁵)

145 2925 261 3008 viginti
276 2943 442 3013 quattuor
456 2927 501 3016 77)
523 2937 587 2998 hae
605 2937 664 3016 ⁹²):
689 2936 723 2998 si
746 2934 914 3020 simplex,
948 2935 1033 2998 etsi
1057 2933 1251 3018 composita
1265 2923 1327 3012 9⁸¹),
1352 2931 1479 2994 etiam
1512 2951 1610 2994 com·

146 3029 332 3110 positae),
362 3034 536 3098 etiamsi
575 3037 788 3121 composita,
819 3036 989 3099 tametsi
1025 3035 1235 3118 composita,
1277 3032 1311 3094 si
1340 3045 1475 3095 tamen
1512 3051 1609 3096 eom*

146 3131 263 3210 posita,
299 3132 517 3218 siquidem
564 3138 778 3222 composita,
826 3135 1000 3221 quando
1037 3135 1188 3219 simplex
1221 3134 1294 3215 ¹⁰⁰),
1339 3133 1608 3218 quandoqui-

147 3227 224 3292 dem
261 3237 481 3320 composita,
517 3239 623 3324 quin
665 3238 816 3324 simplex
842 3242 892 3319 ¹),
929 3236 1180 3322 quinetiam
1231 3235 1425 3320 composita
1455 3238 1505 3316 ²),
1544 3235 1609 3301 sin

183 3438 215 3508 77)
235 3449 365 3494 coenatos
385 3444 416 3496 Β.
437 3445 467 3498 P.
486 3475 523 3487 ·-
542 3455 653 3499 cenatos
674 3445 709 3500 V.
728 3476 764 3488 -
783 3455 897 3500 conatos
915 3446 952 3500 A.
977 3446 1015 3516 77)
1035 3460 1181 3514 quaecum
1202 3442 1237 3497 V.
1257 3441 1294 3496 A.
1313 3472 1350 3484 -
1369 3460 1555 3514 quaecumque
1574 3444 1607 3496 Β.
1688 3456 1696 3464 ’

243 3529 277 3596 ”)
297 3528 410 3582 mint
428 3532 464 3588 V·
483 3532 521 3586 A.
540 3565 575 3576 -
593 3535 707 3587 veniunt
722 3534 754 3586 B.
771 3533 812 3602 ,77)
833 3533 879 3604 qul
896 3569 924 3586 ..
949 3531 1056 3584 ..exit
1074 3548 1158 3584 sonos
1178 3529 1215 3586 V.
1234 3559 1270 3574 -
1288 3546 1395 3582 sonus.
1414 3566 1421 3582 .
1437 3563 1465 3582 ..
1487 3530 1535 3602 qui
1551 3531 1608 3583 exit

239 3616 271 3669 B.
286 3617 323 3670 A.
342 3619 402 3684 (sed
418 3623 524 3690 sonos).
545 3625 580 3692 ⁷⁰)
601 3623 753 3676 sustineant
772 3621 809 3674 V.
828 3621 864 3674 A.
881 3650 917 3660 -
935 3621 1068 3672 sustineat
1086 3620 1117 3670 Β.
1144 3619 1180 3688 77)
1200 3614 1377 3668 tractabimus
1398 3617 1434 3672 V.
1451 3648 1488 3658 -—
1506 3625 1606 3668 trecte-

240 3703 327 3756 vitntts
348 3705 380 3758 B.
399 3710 436 3759 A.
463 3715 499 3779 ⁷²)
518 3710 552 3763 B.
572 3711 664 3761 addit:
690 3706 820 3779 Explicit.
849 3711 884 3777 77)
904 3707 948 3758 De
968 3705 1163 3758 coniunctione
1183 3703 1219 3760 V.
1244 3707 1281 3758 A.
1301 3736 1336 3744 -
1359 3703 1465 3774 Incipit
1483 3699 1518 3754 de
1539 3721 1604 3756 con·

241 3789 314 3843 iuuc.
334 3793 367 3845 B.
397 3795 434 3866 77)
453 3793 584 3848 accidunt
604 3795 639 3849 V.
660 3795 696 3848 A.
714 3791 872 3846 -accidit
890 3796 921 3847 B.
951 3796 986 3860 ⁷⁵)
1006 3791 1085 3855 ordo,
1105 3793 1187 3862 ligura
1206 3793 1238 3845 Β.
1259 3793 1295 3848 V.
1313 3823 1351 3832 -
1368 3791 1460 3862 ligura,
1479 3787 1548 3843 ordo
1566 3788 1603 3843 A.

241 3879 276 3948 77)
298 3879 481 3950 copulativam
501 3885 536 3938 V.
556 3885 591 3937 A.
611 3913 647 3923 -
666 3879 847 3952 copulativam
867 3883 898 3934 Β.
924 3883 960 3951 77)
980 3877 1174 3932 disiunctivam
1190 3879 1317 3934 B.V.A.
1333 3879 1410 3930 =P.
1436 3879 1474 3948 77)
1494 3876 1604 3948 copula-

241 3965 294 4017 tive
314 3967 352 4021 V.
371 3969 409 4022 A.
427 4000 463 4010 -
482 3969 635 4041 copulativa
648 3963 686 4023 Β.
713 3971 748 4039 77)
776 3968 947 4040 copulativae
965 3968 1071 4039 speciei
1090 3967 1300 4020 coniunctiones
1326 3965 1363 4018 V.
1382 3966 1418 4019 A.
1438 3997 1474 4006 -
1492 3963 1605 4036 cepola-

240 4053 293 4106 tivs
312 4057 421 4126 speeies
440 4058 644 4111 coniunctionis
663 4059 696 4110 B.
716 4059 752 4127 ⁸⁰)
770 4074 883 4110 numero
905 4057 941 4110 V.
961 4057 998 4110 A.
1017 4086 1053 4098 -
1071 4073 1183 4108 numero
1201 4056 1234 4107 Β.
1256 4054 1293 4121 ’7)
1312 4051 1363 4103 bae
1382 4054 1414 4105 Β.
1431 4054 1468 4110 V.
1487 4084 1524 4093 -
1538 4049 1606 4104 beec

242 4142 277 4192 A.
305 4143 343 4215 ⁸¹)
372 4141 488 4215 simplex
506 4146 543 4200 A.
562 4175 598 4189 -
616 4146 697 4216 simp.
725 4145 761 4199 V.
780 4145 812 4198 B.
833 4157 917 4196 coust.
944 4145 1079 4196 interdum
1104 4157 1196 4196 tomen
1219 4139 1310 4210 simpl.
1337 4141 1372 4209 77)
1393 4140 1546 4214 compositu
1565 4145 1605 4194 ita

240 4247 310 4282 sene
324 4233 469 4302 legendum
486 4253 539 4304 pre
557 4231 648 4303 simpl.
669 4233 701 4285 Β.
717 4233 752 4287 V.
771 4263 807 4274 -
825 4229 943 4302 simplex
961 4231 1145 4302 compositum
1162 4230 1198 4283 A.
1212 4230 1255 4298 ’77)
1275 4227 1318 4278 De
1337 4224 1502 4280 disiunctivs
1521 4229 1553 4280 Β.
1569 4227 1604 4282 V.

238 4317 268 4368 P.
286 4340 323 4368 =
340 4318 378 4372 A.
399 4319 435 4387 ’7)
455 4316 637 4374 disiunctivee
655 4320 762 4391 speciei
779 4321 989 4373 coniunctiones
1010 4319 1045 4376 V.
1065 4321 1101 4372 A.
1121 4347 1156 4362 -
1176 4316 1238 4370 disi.
1260 4316 1323 4368 coni
1351 4333 1428 4386 spec.
1446 4317 1479 4368 B.
1500 4317 1536 4386 ’7)
1555 4311 1606 4365 bae

237 4402 270 4456 Β.
299 4406 336 4460 V.
365 4435 400 4450 -
423 4403 491 4459 haee
516 4409 553 4462 A.
584 4409 620 4476 ’7)
643 4426 676 4462 ve
701 4405 827 4478 simplex,
849 4405 894 4462 vel
921 4405 1038 4478 simplex
1062 4407 1098 4462 V.
1124 4407 1161 4458 A.
1187 4434 1224 4446 -
1241 4401 1285 4458 vel
1303 4403 1402 4474 simp,
1421 4421 1453 4456 ve
1471 4403 1552 4473 simp.
1571 4402 1604 4454 B.

240 4491 276 4563 ”)
294 4507 348 4544 aec
366 4491 483 4565 simplex
500 4497 532 4548 B.
553 4496 590 4551 V.
608 4519 645 4546 =
661 4497 698 4550 A.
724 4496 760 4564 ’7)
787 4511 877 4566 neque
904 4494 1058 4565 composita
1079 4523 1117 4536 ·-
1133 4509 1223 4564 neque
1247 4492 1327 4561 simp.
1353 4492 1385 4543 Β.
1407 4491 1442 4544 V.
1456 4489 1497 4530 ‘—
1515 4505 1605 4558 neque

239 4577 356 4650 simplex
375 4597 482 4652 conspe.
502 4583 538 4636 A.
558 4585 593 4652 77)
613 4583 657 4635 De
676 4580 812 4653 expletiva
829 4583 862 4634 B.
882 4582 919 4638 V.
938 4583 972 4635 P.
990 4604 1027 4630 =
1044 4581 1080 4634 A.
1106 4583 1143 4651 71)
1164 4578 1270 4649 speciei
1288 4579 1320 4630 Β.
1341 4577 1471 4632 V.=A.
1498 4576 1535 4645 ⁹¹)
1554 4591 1605 4625 1777-

239 4682 314 4719 mero
334 4667 371 4722 V.
399 4669 437 4722 A.
455 4699 491 4712 -·
509 4687 622 4722 uomere
640 4671 674 4723 Β.
701 4675 736 4736 77)
755 4667 806 4720 bas
823 4669 855 4721 Β.
877 4669 914 4724 V.
932 4697 969 4710 —
994 4665 1063 4720 baec
1080 4667 1116 4720 A.
1144 4667 1181 4737 ⁹⁴)
1207 4665 1249 4716 De
1278 4660 1380 4714 causali
1407 4662 1443 4716 V·
1464 4663 1495 4713 P.
1516 4691 1549 4702 -
1570 4658 1604 4711 de

238 4752 345 4807 causata
362 4756 396 4810 B.
415 4779 452 4806 =
469 4756 505 4828 A,
532 4747 570 4828 77)
589 4773 702 4810 numero
723 4757 759 4814 V.
777 4757 813 4812 A.
832 4787 869 4796 -
887 4772 1000 4808 numero
1018 4756 1050 4807 Β.
1077 4755 1113 4824 77)
1133 4752 1231 4822 viginti
1255 4758 1386 4822 quattuor
1404 4748 1440 4803 V.
1459 4778 1494 4788 —
1513 4745 1604 4800 XXIV

237 4839 269 4892 B.
287 4843 319 4894 Ρ.
339 4871 375 4884 -
392 4842 527 4896 xxxntt
545 4845 582 4900 A.
608 4847 644 4914 77)
663 4841 714 4896 bae
732 4847 764 4898 B.
784 4867 820 4894 =
839 4843 875 4900 V.
891 4842 927 4895 A.
956 4843 992 4912 77)
1012 4840 1166 4910 composita
1184 4867 1220 4880 -
1238 4853 1331 4906 comp.
1355 4837 1387 4888 B.
1408 4836 1444 4890 V.
1464 4847 1550 4887 const.
1571 4863 1605 4877 -

238 4929 422 4999 compositum
446 4931 483 4985 A.
509 4935 544 5000 77)
573 4931 655 4984 etiam
683 4933 836 5004 composita
853 4933 885 4986 B.
908 4930 945 4985 V.
963 4930 994 4981 Ρ.
1011 4928 1100 4982 =A.
1129 4927 1178 4996 177)
1205 4921 1315 4997 quaudo
1331 4919 1498 4993 simplexV.
1514 4921 1550 4973 A.
1568 4949 1605 4963 -

235 5013 346 5085 quando
366 5034 455 5088 comp.
466 5018 498 5070 Β.
515 5026 623 5089 punctis
636 5031 723 5072 notat.
752 5029 773 5090 ¹)
793 5019 860 5092 quin
879 5015 997 5090 simplex
1016 5016 1048 5069 V
1046 5053 1052 5066 .
1071 5015 1108 5068 A.
1127 5045 1163 5056 -·
1181 5012 1249 5084 qnin
1267 5028 1358 5084 comp.
1376 5011 1410 5064 Β.
1428 5013 1536 5082 peneus
1554 5027 1604 5061 nc·

236 5115 286 5156 tat.
315 5107 339 5172 ’)
367 5104 434 5175 quin
463 5106 544 5158 etism
564 5109 715 5178 composita
734 5109 766 5162 Β.
785 5131 822 5157 .-.·.
840 5091 877 5162 V.
898 5109 932 5160 A.

186 5189 212 5258 a)
236 5187 348 5244 Sallust.
369 5190 492 5264 lugurtlr.
513 5197 573 5251 106.
593 5197 621 5266 b)
642 5196 715 5263 Virg.
736 5199 802 5247 Aen.
821 5194 871 5246 Ill.
892 5197 945 5252 658
