4050 6064
495 563 1249 630 snnvtttsunsrttstttttts.
1524 575 1591 646 Μ

123 716 248 783 tanum
262 717 308 801 77)
328 711 509 780 breviatur
518 707 582 796 97);
605 733 685 778 oum
710 710 760 776 ·Α·
782 711 839 777 vel
862 709 954 778 ·ON·
977 714 1183 779 terminatur
1196 707 1258 800 ⁹¹),
1281 727 1321 780 nt
1342 715 1509 782 Thesea
1522 711 1587 801 ⁹⁵),

121 819 274 898 Delon,
305 816 391 882 alias
419 815 547 899 longus
570 829 622 880 ess
637 809 693 897 ⁹⁶).
717 815 908 880 Vocativus
931 833 1073 902 quoque
1096 817 1133 880 in
1153 816 1271 881 latinis
1292 816 1409 882 brevis
1432 831 1501 896 est,
1525 837 1588 883 ex·

14 931 15 946 ¹
122 935 216 1008 cepto
242 939 322 986 cum
344 919 383 982 ·l·
405 917 631 994 terminatur,
654 929 693 980 ut
713 913 905 1007 Mercuri
919 920 980 998 77)·.
1003 918 1041 980 in
1062 919 1197 1002 graecis
1211 920 1412 1006 corripitur,
1435 933 1474 984 ut
1494 920 1588 984 Ale-

89 1057 95 1068 ·
120 1023 175 1097 ni3
197 1021 260 1107 qui
281 1021 398 1096 etiam,
422 1019 504 1084 dum
528 1018 651 1082 similis
674 1017 777 1080 luerit
798 1018 1033 1096 nominativo,
1063 1019 1218 1104 regulam
1242 1022 1450 1086 nominativi
1466 1016 1510 1105 ⁹⁸)
1534 1043 1588 1085 se-

119 1124 249 1208 quitur,
276 1135 316 1188 ut
337 1124 424 1186 hacc
449 1131 682 1206 paupertas
699 1123 744 1202 77)
774 1131 809 1182 et
831 1139 852 1183 o
874 1122 929 1203 ¹⁰⁰)
951 1133 1199 1208 paupertas.
1223 1123 1264 1185 ln
1287 1123 1487 1187 masculinis
1510 1136 1587 1187 tan-

119 1239 186 1314 tarn
208 1226 345 1310 graecia
371 1224 498 1308 longua
519 1235 572 1286 est
598 1221 642 1304 ¹),
674 1234 713 1284 ut
733 1221 886 1285 Aenea.
912 1221 986 1286 Sed
1009 1222 1113 1286 etiam
1137 1223 1188 1286 ·E·
1211 1225 1327 1290 finitus
1343 1227 1371 1308 ²)
1395 1226 1431 1290 in
1454 1225 1588 1310 graecis

119 1340 196 1392 tare
220 1327 397 1391 breviatur
411 1319 456 1408 ³),
479 1343 558 1388 cum
581 1323 655 1386 eius
678 1323 913 1387 nominativus
936 1322 1022 1389 ·08·
1035 1323 1140 1389 luerit
1158 1328 1374 1402 terminatus,
1396 1339 1436 1390 ut
1458 1326 1588 1391 Phoe-

116 1427 202 1506 bos,
227 1425 402 1492 Pboebe
419 1420 462 1509 7).
493 1425 739 1490 Nominativus
770 1437 805 1488 et
826 1425 1043 1490 aceruativua
1065 1437 1099 1488 et
1127 1429 1308 1492 vocativus
1329 1427 1481 1515 plurales
1497 1421 1528 1510 5)
1550 1429 1588 1492 in

13 1597 14 1618 ,
117 1529 305 1600 masculino
333 1541 369 1593 et
396 1528 565 1592 feminino
595 1547 724 1612 genere
749 1525 1012 1616 producuntur;
1042 1528 1079 1590 iu
1100 1541 1225 1592 neutro
1249 1542 1364 1593 autern
1388 1529 1587 1614 corripiun-

13 1673 14 1704 ,
116 1625 224 1715 ιιιιδ).
248 1630 380 1696 Contra
402 1632 489 1695 llaec
511 1643 591 1694 suut
613 1649 739 1714 graeca
751 1627 906 1702 nomina,
929 1647 1019 1713 quae
1041 1629 1124 1693 dum
1142 1631 1171 1711 ⁷)
1193 1643 1273 1694 aute
1294 1631 1343 1695 ·s·
1363 1625 1392 1712 ⁸)
1413 1631 1585 1708 ultimam,

13 1763 15 1804 ;
116 1731 164 1796 Ἀ·
187 1745 249 1798 aut
270 1732 323 1796 ·E·
345 1732 530 1796 habuerint
553 1743 589 1794 et
609 1752 629 1793 a
651 1729 806 1815 genitivo
830 1728 997 1812 singulari
1020 1727 1139 1794 ·DOS·
1162 1733 1347 1795 terminato
1362 1735 1393 1815 ⁹)
1416 1733 1586 1808 venerint,

13 1877 14 1890 ι
114 1845 193 1900 tnnc
217 1846 351 1898 tautam
372 1835 411 1896 in
434 1833 627 1898 masculino
645 1834 686 1917 ¹⁹)
709 1843 744 1894 et
766 1830 934 1894 feminino
956 1829 1174 1908 breviantur,
1196 1845 1236 1896 ut
1257 1833 1360 1895 buius
1380 1832 1585 1910 Arcados,

13 1958 14 2000 l
114 1936 153 1999 bi
174 1935 380 2012 Arcades,
410 1936 485 2000 lroa
511 1931 722 2010 Aroadaa,
749 1952 771 1995 o
800 1929 995 1996 Arcades
1016 1931 1073 2014 ¹¹),
1104 1925 1190 1995 alias
1213 1932 1311 2017 longi
1334 1946 1423 1998 suut.
1447 1933 1586 1998 Geniti-

13 2047 14 2070 ¹
113 2055 172 2101 vus
202 2037 350 2122 pluralia
382 2055 519 2122 semper
547 2035 663 2100 brevia
690 2045 744 2098 est
764 2033 802 2096 in
832 2032 1017 2116 latinis¹¹).
1041 2033 1082 2096 ln
1103 2033 1239 2117 graecis
1260 2055 1345 2098 vero
1367 2035 1585 2121 producitur,

111 2150 147 2202 ut
169 2138 417 2204 Philaenon
438 2129 478 2221 ¹³)
496 2139 537 2220 ·).
565 2137 713 2200 Dativus
736 2147 771 2199 et
800 2133 971 2198 ablativus
1000 2133 1162 2218 pluralia,
1193 2137 1225 2199 si
1253 2135 1319 2201 ·lS·
1344 2138 1585 2216 terminantur,

113 2237 211 2323 longi
239 2252 336 2315 sunt,
365 2251 405 2302 ut
432 2239 593 2314 doetis;
624 2236 653 2300 si
684 2236 796 2300 ·BUS·
824 2234 1027 2300 breviantur
1048 2226 1105 2318 ¹⁴),
1133 2248 1173 2299 ut
1194 2235 1402 2320 agilibus3
1432 2252 1467 2302 at
1491 2235 1532 2323 ¹³)
1555 2241 1584 2302 si

111 2358 237 2423 graeca
265 2341 309 2404 sit
338 2339 544 2418 declinatio,
574 2338 646 2404 ·ΙΝ·
675 2337 879 2401 terminatus
900 2335 1038 2399 dativus
1061 2337 1250 2422 corripitur
1270 2350 1309 2402 ιιι
1329 2339 1509 2404 Aroasin
1532 2334 1585 2423 ¹⁶).

13 2477 14 2480 =
110 2441 183 2505 llac
208 2441 330 2525 regula
345 2443 387 2523 ¹⁷)
408 2441 569 2518 nomina,
590 2438 818 2527 pronomina,
842 2437 1027 2524 participia
1047 2437 1291 2516 continentum
1319 2440 1381 2506 sed
1403 2443 1585 2526 pronomi-

111 2543 163 2606 nis
188 2541 379 2605 declinatio
401 2543 439 2604 ira
461 2544 531 2606 ltoc
557 2536 597 2624 ¹⁸)
626 2553 759 2606 tantum
789 2537 906 2601 differt
923 2539 985 2621 ¹⁹),
1013 2539 1109 2624 qnod
1137 2541 1175 2603 iu
1197 2541 1465 2622 monosyllabis,
1496 2541 1585 2628 q'uae
1630 2593 1635 2600 .

110 2641 293 2707 vocalibus
320 2644 551 2724 terminantur
576 2655 616 2708 nt
644 2661 723 2719 me,
754 2651 814 2704 aut
841 2638 1020 2704 vocalibus
1049 2653 1209 2705 oon'staat
1237 2655 1275 2706 ut
1298 2663 1341 2720 o,
1369 2643 1406 2705 in
1429 2643 1586 2730 quolibet

109 2763 192 2809 casu
213 2741 421 2830 producitur
439 2745 500 2828 ’·);
527 2741 588 2808 aed
617 2742 791 2825 genitivus
820 2759 900 2804 curn
923 2741 1005 2806 ·Us·
1027 2743 1145 2807 finitus
1171 2743 1359 2823 breviatur,
1382 2758 1421 2809 ur
1443 2745 1584 2823 illius;

148 3003 187 3076 ⁹¹)
215 3009 282 3058 tuuc
299 3009 405 3056 tantem
422 3004 458 3057 B.
474 3029 511 3046 -
528 3008 635 3066 tautum
653 3008 721 3053 tuuc
739 3000 775 3054 A.
797 3001 827 3056 P.
847 3031 883 3042 —
900 3000 967 3052 itero
986 3008 1092 3056 tantum
1110 3003 1161 3055 Pu.
1180 3003 1219 3070 77)
1228 2997 1368 3054 breviator
1385 3004 1418 3057 Β.
1437 3035 1473 3046 -
1490 3001 1584 3058 brevis

218 3099 262 3146 est
279 3091 315 3144 A.
334 3091 366 3144 Ρ.
386 3091 438 3144 Prs.
457 3089 494 3156 77)
514 3087 675 3143 terminatur
692 3085 731 3142 B..
744 3087 776 3140 P.
795 3117 830 3128 -
848 3087 933 3139 luerit
950 3087 1111 3140 terminatus
1129 3087 1167 3142 A.
1185 3089 1236 3140 Pu.
1255 3089 1292 3159 77)
1311 3085 1419 3143 Thesea
1437 3091 1515 3145 ΑΡ.
1531 3093 1583 3146 Pu.

217 3209 253 3221 -
270 3175 395 3231 Tbcasea
412 3177 447 3231 tt.
477 3175 602 3228 Ceterum
618 3187 681 3246 port
698 3174 725 3226 Ιι.
744 3193 770 3228 ν.
789 3173 869 3228 addit
885 3174 937 3230 1²..-
963 3175 1027 3246 quia
1045 3173 1179 3228 scribitur
1202 3192 1253 3246 per
1270 3175 1403 3232 omicron.
1429 3179 1467 3250 77)
1484 3177 1584 3250 longua

218 3273 262 3319 est
278 3266 312 3319 Β.
330 3266 384 3319 Pu.
401 3293 438 3308 ·-
460 3261 560 3333 longus
587 3262 635 3331 (=
652 3260 708 3333 eat)
726 3262 763 3315 A.
783 3263 843 3330 (sed
860 3258 960 3330 longus
976 3261 1141 3333 sphalmata)
1168 3264 1200 3315 P.
1227 3265 1264 3334 ⁸⁷)
1284 3261 1405 3316 lllercori
1422 3265 1460 3320 A.
1478 3266 1512 3320 P.
1531 3269 1581 3320 Pu.

215 3385 251 3395 —
268 3349 389 3406 Mercuri
406 3350 441 3406 B.
465 3351 501 3421 77)
526 3345 646 3418 regulam
672 3347 833 3402 nominativi
858 3349 892 3402 Β.
910 3349 961 3400 Pru
980 3378 1017 3391 -
1033 3349 1193 3403 nominativi
1219 3347 1340 3419 regulam
1358 3353 1389 3404 P.
1408 3381 1445 3394 -
1462 3349 1583 3423 regulam

215 3439 277 3492 eius
294 3437 332 3494 A.
350 3438 387 3510 ⁹¹)
404 3443 552 3507 paupertas
569 3436 603 3490 Β.
622 3437 660 3491 A.
678 3435 712 3490 P.
729 3463 766 3480 -ι
783 3445 931 3508 paupertas
948 3432 1029 3488 huius
1047 3437 1218 3508 paupertatis
1236 3439 1288 3490 Pu.
1311 3441 1358 3507 Ι77)
1378 3447 1406 3492 et
1424 3458 1441 3492 o
1458 3441 1493 3494 B.
1502 3441 1539 3494 A.
1549 3441 1580 3493 P.

214 3553 252 3570 ...
270 3544 287 3579 o
306 3525 356 3596 (=
373 3527 413 3596 ct)
431 3524 484 3577 Pu.
513 3527 659 3594 ¹)‚tutttun
685 3523 790 3592 graecis
807 3521 907 3594 longus
926 3531 970 3576 sat
988 3524 1019 3576 B.
1039 3525 1090 3578 Pu.
1109 3554 1145 3565 -
1172 3532 1276 3576 sautum
1302 3523 1468 3596 producitur
1492 3527 1582 3595 grecia

213 3613 307 3670 1.-
325 3613 430 3681 graccis
456 3617 561 3665 tantun
587 3606 752 3682 producitur
775 3609 806 3660 P.
835 3610 859 3680 7)
878 3606 1036 3664 sedetiam
1057 3609 1098 3662 ·E·
1119 3609 1212 3664 linitus
1229 3613 1263 3666 B.
1282 3614 1315 3666 P.
1335 3613 1388 3667 Pu.
1407 3641 1444 3654 —
1459 3610 1518 3666 Sed
1538 3611 1580 3664 ·E·

216 3699 305 3752 eeiaua
322 3697 417 3752 linitur
435 3699 499 3770 (sic)
517 3696 555 3753 A.
582 3697 607 3768 7)
632 3705 698 3754 tuuc
723 3693 863 3749 breviatur
884 3698 919 3750 B.
939 3725 973 3742 -
992 3705 1059 3750 tuuc
1078 3705 1183 3750 tantum
1209 3695 1348 3752 breviatur
1364 3697 1403 3752 A.
1422 3727 1456 3742 ·-
1475 3706 1581 3751 tautum

212 3784 353 3842 breviatae
368 3785 419 3857 (ε
436 3787 515 3854 tune)
538 3785 570 3838 P.
588 3813 624 3828 ι-
642 3769 714 3838 tund
728 3791 833 3836 uotum
851 3779 943 3836 brevis
962 3791 1003 3838 eat
1020 3784 1072 3837 Pu.
1098 3786 1121 3854 ⁴)
1146 3782 1276 3839 Phoebos
1295 3781 1406 3842 Phoebe
1423 3786 1456 3838 P.
1474 3787 1526 3838 Pu.
1545 3814 1581 3829 ·-

212 3870 326 3930 Pbebos
344 3868 438 3926 Pbebe
456 3872 494 3927 A.
513 3902 548 3914 -
572 3866 681 3944 pbeboa
700 3867 763 3922 febe
782 3872 844 3942 (aie)
862 3872 897 3926 Β.
924 3871 947 3940 7)
966 3879 996 3924 at
1013 3871 1185 3924 aecusativus
1204 3881 1233 3926 et
1249 3873 1391 3926 vocativus
1409 3869 1529 3942 plurales
1550 3871 1580 3924 Β.

211 3963 245 4016 P.
263 3988 299 4005 -
318 3967 348 4014 et
372 3957 536 4013 accusativis
555 3967 583 4014 et
599 3959 742 4014 vocativus
770 3954 884 4028 pluralis
909 3957 948 4012 A.
967 3987 1003 4002 ·-
1022 3965 1051 4011 ct
1068 3959 1207 4012 vocativus
1227 3968 1256 4012 et
1274 3959 1446 4012 accusativus
1464 3956 1581 4028 pluralia

205 4039 266 4104 Ῥιι.
292 4050 316 4118 7)
340 4047 372 4100 iu
396 4054 496 4100 neutro
522 4053 613 4097 autern
641 4045 827 4116 corripiuntur
848 4046 881 4098 Β.
900 4074 936 4087 --
954 4043 1141 4116 corripiuntur
1158 4045 1188 4098 iu
1206 4053 1305 4099 neutro
1331 4046 1369 4100 A.
1390 4046 1420 4098 P.
1439 4077 1475 4087 -
1494 4045 1579 4098 corri-

213 4135 329 4208 piuntur
345 4151 411 4189 vero
436 4133 466 4186 ia
484 4141 584 4186 neutro
608 4134 661 4186 Pu.
689 4137 711 4202 7)
732 4131 835 4184 Contra
852 4128 921 4184 baec
940 4140 1005 4184 suut
1023 4149 1119 4202 graeca
1136 4135 1247 4184 uomina
1266 4130 1419 4204 quaedum
1437 4134 1470 4186 Β.
1490 4134 1522 4185 Ρ.
1540 4132 1578 4186 A.

212 4224 273 4294 (aad
289 4245 326 4274 =
342 4218 422 4293 baec)
441 4251 478 4264 -
496 4220 600 4273 Contra
617 4215 685 4271 baec
703 4228 768 4273 snut
794 4217 928 4290 quaedam
946 4219 1056 4272 nomina
1075 4237 1170 4290 graeca
1190 4237 1259 4290 quae
1279 4217 1344 4270 dura
1361 4221 1412 4274 Pu.
1442 4222 1466 4293 ⁸)
1486 4219 1527 4274 ·S·‘
1545 4221 1578 4284 B,

212 4310 249 4364 A.
268 4311 301 4364 P.
319 4339 355 4354 -
373 4307 415 4362 ·8·
433 4304 541 4362 literam
565 4307 616 4361 Pa.
643 4309 668 4376 ⁹)
695 4305 841 4360 terminato
867 4307 901 4364 Β.
920 4307 953 4361 Ρ.
971 4307 1022 4359 Pu.
1040 4328 1077 4356 ==
1093 4307 1132 4360 A.
1161 4309 1195 4370 ¹0)
1214 4305 1366 4382 masculino
1386 4307 1416 4360 Β.
1435 4309 1474 4361 A.
1493 4309 1525 4361 P.
1544 4337 1581 4350 -·

209 4395 362 4452 masculino
382 4412 482 4468 genere
500 4395 552 4449 Pu.
574 4395 608 4460 ¹¹)
627 4389 708 4446 buiris
726 4390 848 4446 Arcados
867 4389 916 4444 bas
933 4391 1054 4445 secudu
1073 4396 1101 4461 (e
1119 4399 1295 4456 correctione,
1313 4399 1431 4466 primum
1449 4397 1580 4465 scriptum

198 4487 320 4556 suerat:
345 4480 397 4537 boa
414 4480 570 4554 Arcsdaa),
595 4478 647 4534 boa
666 4479 785 4533 Arcadas
804 4483 1018 4550 (primsueratr
1042 4477 1094 4531 bos
1112 4477 1255 4552 baccadas)
1275 4483 1307 4534 Β.
1326 4513 1362 4524 -
1380 4477 1462 4533 buius
1482 4479 1577 4533 archa-

210 4569 262 4627 dos
280 4568 329 4626 ltas
355 4567 488 4624 archades
513 4566 564 4624 bos
591 4565 724 4620 archados
752 4569 813 4638 (aie)
831 4567 870 4620 A.
887 4596 924 4608 -
941 4563 1023 4618 buius
1049 4555 1171 4619 Arcados
1191 4566 1228 4620 bii
1247 4565 1368 4622 Arcades
1387 4564 1438 4621 bos
1457 4566 1578 4620 Arcadas

211 4662 243 4715 Ρ.
261 4689 297 4704 -
315 4658 397 4714 buius
412 4655 537 4712 Arcados
554 4654 602 4709 baa
615 4652 735 4708 Arcadas
754 4673 771 4707 o
783 4651 902 4706 Arcades
920 4654 973 4706 Pu.
996 4655 1031 4724 ¹¹)
1050 4653 1079 4704 iu
1098 4651 1191 4706 lauris
1209 4657 1244 4709 A.
1256 4655 1431 4711 RPu.=B.
1454 4658 1488 4722 Ι7)
1508 4652 1577 4724 pbc·

209 4745 294 4802 leucu
318 4748 352 4802 Β.
378 4777 414 4790 -
439 4741 580 4817 pbenslou
606 4745 642 4799 A.
667 4773 704 4785 -
721 4739 839 4795 lesboon
857 4741 888 4793 Ρ.
907 4767 943 4781 -
961 4735 1105 4792 Plriletnon
1123 4742 1174 4792 Pu.
1203 4741 1237 4812 ¹¹)
1256 4739 1413 4796 breviantur
1430 4741 1462 4794 Β.
1472 4741 1524 4794 Pu.
1543 4771 1579 4782 -

207 4833 306 4892 breves
323 4842 390 4888 snas
407 4833 444 4888 A.
463 4833 496 4886 P.
523 4833 558 4903 17)
577 4840 606 4884 at
623 4832 656 4886 Β.
674 4831 712 4886 A.
730 4859 766 4871 -
783 4838 831 4882 aut
848 4830 881 4882 Ρ.
899 4829 953 4882 Pu.
984 4828 1020 4899 Ι7)
1040 4827 1152 4880 Arcasin
1170 4827 1203 4878 B.
1223 4829 1253 4880 P.
1272 4827 1324 4882 Pu.
1342 4859 1378 4870 -
1396 4823 1522 4882 archario
1540 4829 1576 4882 A.

210 4926 246 4994 ¹⁷)
264 4922 323 4978 liae
342 4919 435 4994 regula
452 4921 485 4975 Β.
503 4947 540 4964 ·-
566 4919 599 4972 ln
617 4916 668 4970 bac
688 4915 779 4988 regula
798 4915 835 4970 A.
855 4916 885 4970 Ρ.
905 4921 941 4957 ·'·-
958 4912 991 4966 ln
1008 4912 1061 4966 hac
1078 4916 1153 4966 enirn
1172 4911 1264 4984 regula
1283 4915 1334 4968 Pu.
1364 4916 1400 4990 ’7)
1419 4912 1473 4971 boc
1490 4918 1523 4971 Β.
1542 4948 1578 4959 .-

208 5027 243 5064 eo
261 5011 296 5065 A.
316 5013 349 5066 Ρ.
368 5010 419 5064 Pu
441 5009 475 5080 ¹⁹)
495 5004 590 5060 differt
606 5005 643 5059 A.
663 5007 695 5059 Ρ.
714 5005 765 5058 Pu.
784 5034 820 5044 -
838 4999 929 5058 defert
945 5003 978 5056 B.
998 5003 1036 5074 ¹⁰)
1047 5018 1110 5054 casu
1123 4999 1289 5072 producitur
1307 5002 1357 5056 Pu.
1376 5034 1411 5044 -
1430 5019 1496 5056 essu
1510 5021 1577 5074 pro-

210 5095 350 5152 ducantur
367 5099 399 5152 B.
420 5096 482 5170 (aed
500 5095 594 5168 cuso)
613 5092 650 5148 A.
669 5093 703 5148 P.

156 5207 187 5276 a)
212 5205 338 5260 cttru.
359 5206 466 5262 Victor.
487 5206 510 5275 ς.
531 5209 574 5264 ta.
594 5209 653 5258 uot.
672 5203 699 5267 a)
719 5196 764 5253 ed.
783 5205 903 5253 nostrae.
