4042 6070
402 521 472 590 118
716 515 871 575 tttctttttt
894 514 1040 571 anTtUtt
1065 513 1261 577 GRAMMAT.
1286 517 1558 576 rmonnnrutt.

292 689 388 741 evm,
483 667 558 731 212.
581 665 709 729 Nemo
725 683 921 750 pronomen
938 681 1011 727 non
1030 665 1134 729 habet
1148 667 1358 749 genetivum,
1379 678 1418 729 ιιι
1432 666 1587 732 dieamus
1607 671 1802 750 neminis,
1830 683 1876 734 ut

397 767 604 853 quibusdam
620 767 767 842 videtur,
783 768 872 830 sicut
885 780 919 830 et
941 766 997 830 ali
1006 788 1052 831 us
1065 789 1260 856 pronomen
1273 789 1382 853 aeque
1396 771 1593 852 genetivum
1615 793 1687 836 non
1701 773 1816 848 babet,
1829 785 1875 836 ut

398 871 552 934 dicamus
570 870 690 946 alius,
715 871 850 932 tametsi
859 870 993 953 antiqui
1008 872 1206 952 genetivum
1224 870 1331 934 alius
1344 871 1515 956 producta
1530 875 1560 958 ⁶)
1579 874 1754 950 dixerunt,
1778 895 1872 960 quo-

398 991 475 1034 rum
492 974 732 1034 auctoritatem
747 971 867 1045 secuti,
890 983 924 1033 et
935 991 999 1035 nos
1022 971 1259 1035 adiecerimus.
1283 972 1393 1035 Huius
1407 965 1449 1054 ⁰⁷)
1463 975 1715 1040 nominativum
1735 991 1874 1041 veteres

397 1092 470 1136 non
484 1085 617 1136 tantum
632 1072 741 1136 alins
756 1072 930 1148 dixerunt,
948 1073 1010 1136 sed
1027 1074 1128 1136 etiam
1148 1073 1237 1150 alis,
1262 1075 1351 1137 sicut
1363 1087 1396 1136 et
1412 1073 1645 1140 Sallustius—
1657 1076 1737 1140 alis
1761 1074 1873 1140 alibi

398 1187 558 1239 stantes
597 1175 863 1249 ceciderunt,
910 1195 1054 1238 omues
1092 1186 1230 1236 tamen
1262 1176 1456 1239 adversis
1489 1177 1738 1240 vulneribus
1758 1177 1871 1258 ⁶).-

400 1270 684 1362 Conviucitur⁶⁸)
702 1297 786 1340 vero
805 1278 890 1339 haec
908 1277 1028 1361 opinio
1045 1277 1249 1339 auctoritate
1267 1274 1391 1352 Plauti,
1416 1279 1476 1362 qui
1493 1279 1539 1342 its
1554 1278 1644 1342 dixit
1660 1280 1696 1342 in
1711 1278 1870 1363 Captivis

398 1379 629 1446 -neminis
651 1378 850 1444 misereri
873 1391 1036 1442 certum
1052 1391 1124 1454 est,
1141 1369 1289 1464 quia⁰⁹)
1307 1380 1388 1442 mei
1408 1381 1868 1463 miseretneminem‘).

477 1638 552 1702 213.
567 1633 715 1700 Formae
734 1631 920 1698 verborum
934 1646 1012 1698 sunt
1030 1647 1209 1720 quattuor:
1233 1635 1398 1721 perlecta,
1421 1635 1631 1715 meditativa,
1654 1637 1865 1712 inchoativa,

396 1739 531 1824 saepius
552 1736 687 1821 egendi,
704 1759 791 1824 quae
808 1748 842 1800 et
855 1735 1114 1820 frequentativa.

479 1839 656 1902 Perfectae
677 1839 850 1924 qualitatis
871 1838 976 1902 verba
998 1851 1087 1914 sunt,
1110 1852 1149 1902 ut
1172 1859 1283 1914 amc,
1309 1839 1446 1916 cale0,
1470 1840 1585 1924 lego,
1610 1839 1767 1914 scribo;
1790 1861 1866 1903 me-

394 1942 658 2016 ditativaesunt,
682 1953 720 2004 ut
742 1942 956 2014 amaturio,
979 1941 1198 2026 parturio;
1223 1941 1451 2020 inchoativae,
1466 1954 1505 2005 ut
1528 1942 1707 2020 calesco,
1732 1942 1858 2007 lerve

395 2063 479 2119 sco;
502 2043 638 2130 saepius
654 2043 790 2127 agendi,
813 2056 852 2106 ut
868 2042 1034 2118 lectito,
1059 2043 1269 2128 scriptito·

729 2210 794 2276 DE
821 2210 985 2276 VERBO
1015 2210 1292 2275 PERFECTAE
1320 2209 1532 2276 FORMAE.

287 2331 331 2380 ct
336 2335 382 2386 ιιι
478 2335 551 2398 ott.
559 2330 716 2394 Verbum
734 2343 784 2394 est
795 2331 1053 2416 parentationis
1070 2333 1246 2416 pertinens
1270 2331 1312 2393 ad
1329 2331 1375 2406 id,
1392 2331 1487 2418 quod
1501 2331 1613 2394 lacere
1627 2330 1704 2416 quis
1722 2344 1780 2394 aut
1795 2352 1867 2416 quo

393 2431 688 2516 lungi⁷⁰)potest‚
711 2445 751 2495 nt
774 2433 920 2506 credo,
945 2431 1069 2506 duco,
1094 2451 1256 2517 sequor.
1289 2431 1408 2496 Verbo
1431 2435 1594 2496 accidunt
1614 2433 1781 2518 qualitas,
1805 2453 1868 2536 ge·

393 2551 476 2608 nus,
499 2532 619 2615 ligura,
642 2553 822 2609 numerus,
846 2533 987 2607 modus,
1012 2545 1163 2617 tempus,
1185 2553 1346 2618 persona.

287 2641 332 2690 ch.
337 2644 384 2692 rat.
478 2637 552 2698 215.
563 2634 719 2718 Qualitas
731 2633 917 2698 verborum
936 2646 994 2696 aut
1008 2635 1104 2696 linita
1120 2647 1181 2710 ost,
1196 2647 1253 2696 aut
1269 2635 1411 2700 infinita.
1441 2637 1555 2699 Finita
1573 2647 1633 2711 est,
1658 2656 1748 2720 quae
1768 2649 1869 2699 notat

396 2748 527 2800 certum
543 2748 690 2820 tempus,
705 2748 836 2800 certum
852 2755 1047 2811 numerum,
1064 2749 1192 2799 certam
1208 2755 1406 2820 personam,
1422 2749 1461 2800 ut
1475 2737 1578 2820 leg0,
1602 2737 1761 2812 scribo;
1785 2739 1868 2799 infi-

282 2836 477 2914 ran-nnita,
500 2857 588 2923 quae
608 2837 695 2899 nihil
717 2837 802 2900 certi
824 2835 940 2912 babel,
961 2848 1001 2898 ut
1022 2838 1183 2920 legere,
1208 2836 1412 2900 scribere.
1436 2837 1452 2868 *
1474 2839 1568 2902 llaec
1589 2840 1680 2902 enim
1702 2838 1867 2903 omnibus

394 2940 565 3025 personis,
588 2939 753 3014 numeris,
771 2938 985 3023 temporibus
1002 2939 1181 3014 accidunt;
1204 2951 1350 3024 possunt
1364 2941 1455 3001 enim
1468 2952 1502 3002 et
1521 2961 1540 3002 a
1563 2961 1634 3016 me,
1659 2952 1693 3001 et
1715 2959 1734 3002 a
1756 2953 1807 3016 te,
1831 2953 1867 3002 et

393 3037 442 3104 ab
459 3039 546 3115 illo,
564 3051 763 3125 ettempore
776 3041 921 3116 incerto,
937 3039 971 3103 id
984 3052 1044 3115 est,
1057 3041 1188 3117 etheri,
1201 3053 1234 3103 et
1244 3041 1357 3116 bodie,
1368 3055 1401 3104 et
1415 3061 1501 3117 cras,
1512 3053 1545 3104 et
1557 3041 1862 3125 quandocumque,

393 3154 459 3205 eta
476 3163 696 3228 quocumque
715 3143 794 3205 dici.
819 3139 981 3206 Ceterum
1004 3142 1163 3226 legisse
1186 3155 1219 3205 et
1242 3143 1467 3207 scribsisse
1484 3145 1527 3227 ⁷¹)
1545 3143 1707 3208 dicuntur
1723 3144 1764 3225 ⁷²)
1786 3143 1865 3226 qui-

393 3243 471 3306 dem
489 3245 584 3306 linita
603 3237 657 3328 ⁷³),
682 3243 742 3307 sed
765 3257 921 3329 ternpore
945 3244 1019 3307 solo
1043 3245 1138 3306 finita
1162 3256 1249 3307 snut.

478 3345 551 3410 216.
561 3343 698 3409 Genera
711 3344 898 3408 verborum
913 3359 992 3409 sunt
1006 3345 1093 3409 ·Vl·:
1109 3345 1271 3422 activum,
1283 3347 1471 3432 passivum,
1481 3359 1654 3422 nentrum,
1666 3365 1862 3424 commune,

392 3445 581 3532 deponens,
605 3447 836 3532 inpersonale.

284 3547 381 3598 ⁶¹¹·133·
475 3552 549 3615 217.
575 3547 704 3612 Omnia
726 3548 832 3612 verba
855 3551 1009 3636 quinque
1031 3549 1154 3614 litteris
1177 3549 1343 3612 liniuntur
1365 3548 1421 3614 ·0·
1447 3549 1482 3613 ·l·
1508 3549 1566 3614 ·Μ·
1591 3549 1643 3614 ·R·
1668 3549 1719 3613 ·Τ·

479 3649 577 3736 Quae
593 3653 630 3713 in
648 3649 704 3715 Ὀ·
719 3651 868 3714 litteram
885 3653 1073 3715 indicativo
1088 3651 1193 3716 modo
1210 3653 1385 3728 liniuntur,
1407 3664 1465 3715 aut
1482 3654 1593 3716 activa
1608 3664 1687 3715 sunt
1704 3665 1762 3715 aut
1775 3671 1861 3715 neu-

390 3750 499 3816 tralia.
527 3752 651 3815 Activa
673 3741 715 3834 ⁷⁴)
737 3766 876 3840 recepta
897 3753 948 3815 ·R·
971 3753 1085 3816 littera
1104 3766 1251 3838 possunt
1274 3775 1317 3818 ex
1341 3775 1376 3816 se
1393 3753 1503 3818 lacere
1517 3755 1664 3840 passiva,
1688 3766 1725 3817 ut
1744 3753 1861 3837 lego,

391 3852 551 3928 scribo,
581 3853 668 3916 haec
692 3853 783 3915 enim
804 3867 943 3939 recepta
964 3853 1016 3916 ·ll·
1040 3853 1154 3916 littera
1178 3853 1308 3918 iaciunt
1333 3856 1484 3939 passiva:
1515 3855 1655 3940 legor,
1680 3853 1861 3920 scribor.

390 3953 522 4016 Neutra
537 3965 626 4028 sunt,
637 3973 724 4038 quae
734 3955 923 4019 indicativo
936 3955 1041 4019 modo
1055 3954 1113 4020 Ὀ·
1127 3955 1241 4018 littera
1257 3957 1496 4032 terminantur,
1514 3971 1548 4020 et
1566 3959 1720 4043 recipere
1737 3955 1787 4019 ·R·
1802 3957 1861 4019 lit-

391 4067 500 4116 teram
514 4074 585 4117 non
597 4068 753 4140 possunt,
769 4069 807 4120 ut
818 4057 944 4120 iaciant
954 4059 1141 4144 passivum,
1157 4069 1197 4122 ut
1211 4069 1289 4134 sto,
1313 4057 1495 4139 ambulo,
1519 4079 1559 4122 so
1570 4059 1657 4136 deo,
1681 4059 1861 4121 nonenim

391 4154 522 4219 iaciunt
544 4169 652 4232 stoc,
676 4169 735 4220 aut
756 4157 964 4224 ambulor.

475 4259 550 4322 218.
574 4255 673 4339 Quae
687 4259 724 4322 ·l·
737 4258 852 4322 littora
866 4264 1095 4325 terminantur
1109 4264 1194 4326 baec
1207 4259 1270 4324 lll.
1285 4259 1358 4325 sola
1372 4260 1611 4324 inveniuntur:
1636 4259 1723 4339 odi,
1746 4279 1827 4325 nov
1838 4262 1862 4337 i,

391 4357 577 4436 memini,
602 4371 635 4422 et
651 4373 730 4424 sunt
744 4361 924 4438 neutralia,
949 4375 983 4425 et
999 4363 1240 4448 aquibusdam
1254 4361 1422 4426 defectiva
1439 4361 1611 4427 dicuntur.

432 4541 468 4613 ⁶7)
487 4542 576 4597 Huius
594 4577 630 4588 -
649 4546 727 4599 euius
749 4547 817 4600 Cori.
836 4547 873 4616 θ’)
892 4548 1117 4600 convincitur-
1136 4547 1312 4616 coniungitur
1332 4547 1399 4599 Cod.
1418 4539 1459 4618 6ιι)
1479 4547 1541 4618 qnia
1561 4577 1598 4588 -
1616 4548 1663 4618 qui
1680 4547 1748 4600 Cod.
1768 4549 1862 4618 ⁹⁰)sut

497 4648 553 4703 quo
571 4633 704 4704 iungi-
721 4633 835 4704 sniungi
855 4634 922 4687 Cori.
942 4635 979 4706 ⁷¹)
999 4633 1199 4690 scribsisse-
1216 4631 1383 4686 scribsissed
1404 4635 1472 4687 Cocl.
1498 4636 1534 4703 ⁷¹)
1554 4631 1684 4688 dicuntur
1700 4663 1737 4678 ·-
1755 4631 1862 4688 elicitur

498 4720 565 4774 cod.
591 4724 626 4790 ²³)
646 4719 776 4774 tiniu-
792 4719 899 4774 infinits
919 4722 987 4774 cod
1007 4723 1044 4795 ⁷⁴)
1062 4727 1203 4780 sotlvs-
1221 4725 1308 4774 active
1326 4729 1391 4773 sunt
1412 4721 1478 4772 Cod.

432 4807 462 4870 s)
494 4809 630 4875 producta
657 4809 725 4864 ·US·
749 4807 880 4862 scribitur
904 4807 978 4880 apud
1003 4805 1108 4862 Charis.
1128 4805 1146 4861 l.
1168 4827 1191 4864 c.
1225 4809 1253 4880 ὸ)
1272 4805 1350 4858 Idem
1369 4805 1494 4861 Sallustii
1512 4806 1591 4860 locus
1610 4805 1685 4880 apud
1704 4763 1861 4863 Cbsrisiurn

496 4889 515 4942 l.
542 4909 565 4944 c.
569 4893 695 4965 ,paullo
720 4903 809 4950 lamen
827 4895 908 4950 aliter
931 4893 1046 4968 legitur·
1072 4899 1124 4950 alis
1144 4897 1212 4949 alibi
1226 4907 1339 4958 stantes,
1354 4909 1552 4948 omnestumen
1568 4897 1687 4949 adversis
1703 4898 1863 4951 vulneribus

497 4980 682 5034 conciderunt.
700 4981 763 5036 Nisi
780 4980 848 5037 baec
866 4985 956 5040 sinte
975 4983 1129 5057 comptels
1148 4981 1309 5039 Sallustiani
1328 4982 1389 5036 Cet.
1408 4987 1457 5042 fil:
1475 4989 1664 5054 prurientem
1679 5003 1747 5055 qrsos
1763 4985 1863 5039 cohors

496 5071 638 5134 praetoria
649 5067 804 5142 disiecerat,
821 5075 920 5142 paullo
932 5075 1073 5135 diversius,
1090 5075 1139 5126 sed
1154 5091 1246 5126 omnes
1258 5085 1350 5125 tamen
1365 5073 1487 5125 advorsis
1508 5073 1663 5127 vulneribus
1674 5073 1864 5136 conciderent,

495 5147 672 5293 lctistorilslrpm
690 5155 850 5226 fragmentis
877 5169 957 5212 erunt
981 5157 1159 5215 nccsusenvls.
1181 5161 1308 5217 Ceterum
1335 5160 1384 5214 css.
1405 5161 1491 5214 l’rise.
1510 5160 1586 5214 lllll.
1605 5165 1632 5223 3,
1651 5165 1693 5218 12.
1722 5163 1749 5230 e)
1768 5155 1861 5214 Pleut.

521 5245 575 5310 spi·
638 5245 690 5304 .5‚
710 5247 769 5304 106.
