4050 6064
288 1763 315 1811 F.
352 1783 386 1818 .r.

302 1839 331 1870 00
343 1841 371 1875 A.

406 525 474 598 Μ
858 529 1417 591 enotrsnsnrttott.

490 675 564 740 ott.
595 675 801 760 Quaeritur,
835 699 903 764 qua
926 678 970 744 de
1000 699 1103 744 causa
1125 679 1309 746 Terentius
1330 682 1360 766 ·)
1381 681 1476 768 peri
1506 693 1540 746 et
1554 683 1584 760 ⁷)
1613 701 1687 750 non
1712 680 1883 774 perii⁸t

403 778 659 860 pronuntiavit;
690 782 755 842 hae
785 779 827 843 de
851 801 973 859 causa,
998 782 1165 868 qnoniam
1194 782 1301 848 verba
1332 785 1428 848 modi
1451 785 1630 850 indicativi
1652 788 1690 850 in
1706 790 1737 870 ⁹)
1759 787 1880 874 specie

402 878 555 962 perlecta
578 901 623 944 ex
646 882 798 946 secunda
818 903 969 969 persona
990 886 1128 949 numeri
1153 887 1193 968 ¹⁰)
1225 885 1410 970 singularis
1433 885 1530 952 ·STl·
1553 887 1686 953 litteras
1708 890 1879 953 omittunt

402 992 436 1042 et
458 982 606 1064 primam
630 1005 816 1070 personam
838 985 967 1072 speciei
990 1007 1071 1051 suae
1092 989 1133 1071 ¹¹)
1155 987 1309 1052 eiusdem
1325 988 1463 1052 numeri
1485 990 1684 1068 ostendunt,
1706 1005 1746 1056 ut
1767 1003 1875 1078 prata:

400 1084 571 1166 peristi,
594 1087 699 1170 peri.
1762 1099 1769 1111 “

485 1189 558 1252 814.
583 1187 670 1252 ltem
689 1191 876 1274 quaeritur,
894 1211 963 1276 qua
979 1189 1022 1256 de
1041 1211 1143 1256 cansa
1162 1189 1287 1257 Cicero
1301 1192 1342 1274 '')
1365 1193 1478 1276 perii
1496 1185 1537 1276 ¹³)
1559 1193 1795 1278 pronuntiarit
1812 1183 1874 1277 ’ἧς

399 1287 465 1351 bac
494 1287 537 1352 de
568 1309 680 1368 causa,
712 1293 877 1378 quoniam
908 1292 1015 1357 verba
1037 1293 1135 1359 modi
1164 1293 1344 1358 indicativi
1366 1295 1484 1381 specie
1515 1294 1669 1381 perlecta
1692 1317 1737 1360 ex
1758 1297 1875 1381 prima

398 1410 549 1475 persona
570 1395 708 1457 numeri
729 1394 873 1480 pluralis
897 1395 1019 1460 ·MUS·
1043 1395 1210 1478 syllabam
1226 1396 1392 1459 omittunt
1407 1409 1440 1459 et
1455 1397 1599 1461 eandem
1624 1388 1663 1481 ¹⁵)
1685 1417 1875 1485 personam

398 1494 535 1557 numeri
566 1495 749 1578 singularis
781 1497 984 1575 ostendunt,
1016 1509 1056 1561 ut
1085 1511 1185 1584 puta:
1215 1497 1450 1584 periimus,
1476 1499 1591 1585 perii
1618 1490 1659 1584 ¹⁰)
1684 1497 1729 1581 ⁸).
1767 1497 1874 1562 Nunc

398 1615 487 1678 quae
510 1597 579 1662 sint
600 1597 725 1674 verba,
757 1615 846 1686 qnae
870 1621 915 1664 ex
935 1613 1082 1684 utraque
1113 1601 1247 1664 ratione
1267 1601 1308 1684 ¹⁷)
1339 1600 1527 1665 consistere
1548 1613 1713 1687 possunt,
1743 1601 1812 1666 hoc
1834 1599 1874 1662 in

397 1698 491 1760 sortis
515 1712 753 1784 competenter
776 1701 999 1766 tractabimus
1021 1697 1073 1785 1’).

482 1802 555 1865 815.
579 1799 807 1884 *Quaeritun
831 1825 901 1888 qua
931 1803 973 1867 de
1005 1823 1107 1867 causa
1129 1803 1283 1868 nolens
1307 1817 1343 1868 et
1362 1822 1435 1867 non
1457 1803 1632 1870 nollens
1655 1803 1792 1870 dicatur
1810 1806 1871 1889 '⁹);

396 1901 461 1964 bac
485 1902 526 1964 de
551 1923 663 1980 causa,
688 1906 854 1990 quoniam
878 1907 994 1970 omnia
1016 1904 1124 1969 verba
1146 1904 1335 1970 indicativo
1359 1905 1465 1969 modo
1489 1907 1657 1992 temporis
1678 1908 1873 1993 praesentis

396 2022 441 2066 cx
462 2003 577 2088 prima
598 2027 748 2092 persona
777 2009 914 2072 numeri
944 2007 1129 2092 singularis
1159 2005 1217 2071 ·0·
1239 2007 1400 2070 ultimum
1425 2007 1460 2070 iu
1484 2006 1597 2070 ·ENS·
1628 2006 1761 2073 litteras
1783 2029 1872 2072 con·

392 2118 533 2168 vertunt
556 2119 589 2169 et
611 2110 834 2196 participium
850 2111 1041 2195 praesentis
1060 2108 1227 2196 temporis
1244 2108 1447 2185 ostendunt,
1470 2120 1509 2172 nt
1526 2121 1627 2194 puta:
1651 2109 1794 2175 scribo
1814 2111 1870 2194 ¹⁴¹),

393 2207 601 2276 scribens.
626 2211 686 2276 Sic
706 2213 827 2300 utique
846 2215 890 2297 ²¹)
912 2225 946 2278 et
964 2212 1081 2291 nolo,
1105 2210 1274 2290 nolens,
1298 2231 1371 2276 uon
1392 2209 1567 2274 nollens
1586 2211 1629 2294 ²²)
1655 2210 1767 2277 iacere
1783 2231 1870 2300 pro·

391 2313 580 2376 nuntiatur.

477 2415 551 2480 816.
585 2414 785 2499 Quaeritur,
819 2416 954 2502 quade
978 2437 1080 2480 cansa
1112 2415 1282 2481 calcavi
1313 2427 1347 2478 et
1369 2435 1441 2479 uon
1465 2415 1601 2480 calcai
1626 2413 1780 2489 dicatum
1802 2414 1869 2477 bae

392 2515 435 2580 de
466 2535 579 2592 causa,
610 2518 776 2602 quoniam
807 2519 925 2583 omnia
947 2517 1053 2583 verba
1083 2519 1216 2604 primae
1240 2517 1496 2600 coniugationis
1520 2517 1556 2580 in
1580 2509 1623 2600 ¹³)
1646 2517 1764 2602 specio
1785 2534 1867 2600 per-

392 2617 482 2682 lecta
500 2609 542 2700 at)
566 2638 611 2682 ex
633 2619 784 2682 secunda
806 2639 955 2704 persona
978 2620 1115 2683 numeri
1138 2618 1322 2703 singularis
1346 2617 1442 2682 ·STl·
1470 2611 1514 2703 ²⁵)
1545 2618 1677 2682 litteras
1700 2617 1867 2682 omittunt

393 2731 427 2783 et
448 2719 597 2804 primam
626 2740 813 2806 personam
844 2722 981 2784 numeri
1003 2720 1188 2805 singularis
1211 2741 1292 2784 suae
1322 2721 1452 2807 speciei
1470 2715 1512 2803 ¹⁶)
1535 2720 1707 2796 efficiunt,
1730 2732 1791 2784 ant
1812 2741 1866 2798 se3

393 2821 541 2885 cundam
570 2843 754 2907 personam
784 2823 921 2886 numeri
951 2823 1134 2908 singularis
1166 2821 1263 2885 modi
1291 2821 1489 2908 imperativi
1512 2823 1554 2904 ³⁷)
1593 2821 1798 2898 ostendunt,
1827 2834 1866 2884 ut

390 2935 491 3010 puta:
522 2923 767 3000 calcavisti,
798 2924 983 3002 calcavi3
1014 2924 1207 3012 calcasti,
1240 2922 1358 2988 calca
1377 2917 1430 3007 ²⁸).
1452 2923 1499 2988 Et
1520 2922 1600 2988 ideo
1624 2924 1765 2990 calcati
1784 2922 1866 2987 bar·

389 3024 561 3089 barismus
579 3026 622 3108 ²⁰)
646 3047 719 3089 esee
741 3029 998 3112 pronuntiatur.

474 3129 548 3193 817.
573 3126 772 3211 Quaeritur,
797 3128 925 3214 quade
945 3150 1045 3192 causa
1068 3129 1269 3191 nutriunt
1292 3139 1325 3190 et
1347 3145 1419 3190 non
1441 3127 1609 3192 nutrint
1623 3125 1775 3202 dicatur3
1797 3127 1863 3190 bac

389 3229 432 3294 dc
465 3249 577 3306 causa,
611 3231 776 3316 quoniam
809 3231 926 3294 omnia
947 3230 1055 3294 verba
1084 3231 1206 3294 tertiae
1238 3229 1494 3313 coniugationis
1533 3229 1638 3293 modo
1670 3229 1860 3294 indicativo

389 3344 547 3416 tempore
577 3333 751 3418 praesenti
770 3325 812 3416 ³⁰)
844 3355 888 3396 ex
919 3333 1032 3419 prima
1061 3351 1210 3418 persona
1239 3332 1376 3395 numeri
1406 3330 1590 3415 singularis
1622 3329 1679 3396 ·O·
1701 3331 1862 3395 ultimum

439 3681 463 3752 ⁷)
495 3679 555 3750 peri
582 3688 611 3733 et
633 3681 665 3735 Β.
694 3682 731 3737 V.
756 3711 793 3724 -
815 3680 907 3752 periet
923 3682 960 3734 A.
988 3681 1010 3751 ⁸)
1031 3679 1101 3752 perii
1118 3679 1152 3733 B.
1172 3679 1208 3735 V.
1235 3681 1271 3732 A.
1290 3709 1325 3722 -
1343 3677 1434 3750 periet
1452 3679 1482 3730 Ρ.
1507 3679 1532 3750 ⁸)
1551 3677 1581 3729 in
1605 3679 1640 3732 B·
1664 3676 1702 3731 V.
1721 3676 1758 3729 A.
1775 3698 1813 3726 =
1829 3677 1862 3731 Ρ.

499 3770 534 3839 ”)
553 3769 659 3820 numeri
679 3770 715 3823 V.
735 3768 771 3821 A.
789 3798 826 3809 —
843 3767 948 3820 uomcri
965 3769 998 3820 B.
1021 3774 1055 3835 ¹¹)
1074 3783 1140 3819 auae
1157 3767 1193 3820 A.
1213 3789 1250 3816 =
1266 3767 1298 3819 Β.
1320 3766 1357 3821 V.
1380 3770 1413 3837 Ι’)
1434 3765 1533 3819 Cicero
1549 3765 1586 3820 V.
1598 3764 1631 3816 B.
1642 3782 1676 3818 ea
1694 3781 1745 3818 aaa.
1763 3782 1805 3834 pr.
1824 3781 1863 3818 ut.

495 3885 532 3899 -
550 3855 655 3908 Cecero
674 3857 705 3908 Β.
726 3877 743 3908 a
761 3876 803 3927 pr.
824 3875 860 3908 m.
878 3879 915 3904 =
933 3857 968 3908 A.
999 3855 1036 3925 ¹³)
1054 3853 1124 3925 perii
1143 3855 1167 3908 B
1187 3853 1223 3908 V·
1241 3883 1278 3894 -
1295 3853 1364 3924 petri
1382 3854 1418 3910 A,
1451 3853 1485 3924 ¹⁴)
1514 3851 1700 3924 pronuntiarit
1717 3851 1750 3904 Β.
1770 3851 1808 3904 V.
1826 3879 1865 3893 -·

495 3943 684 4015 pronuntiavit
701 3944 737 3996 A.
761 3945 796 4014 15)
817 3941 932 3994 eandem
949 3945 982 3996 B.
1003 3944 1039 3997 V.
1057 3971 1094 3982 —
1111 3939 1233 3992 eamdem
1252 3941 1288 3994 A.
1311 3942 1346 4011 ὀ)
1366 3941 1513 4012 periimus,
1530 3940 1602 4011 perii
1623 3941 1660 3994 V.
1678 3967 1710 3980 -··
1731 3937 1866 4010 perimat,

496 4030 556 4101 peri
574 4029 606 4083 B.
626 4061 661 4073 -
679 4029 815 4101 perimus,
832 4031 903 4101 perii
922 4031 958 4084 A.
980 4033 1015 4101 ¹⁷)
1037 4047 1105 4102 quas
1124 4045 1157 4078 ex
1175 4037 1290 4099 utraque
1307 4029 1412 4081 ratione
1424 4029 1458 4080 B.
1477 4057 1513 4069 -
1532 4043 1583 4098 qua
1598 4033 1672 4078 entre
1687 4043 1741 4098 qua
1754 4025 1863 4079 sauses

498 4118 533 4171 V.
554 4122 635 4190 (quae
654 4127 728 4171 extra
747 4115 817 4170 hanc
836 4122 969 4170 rationem
988 4119 1073 4170 edidit
1089 4117 1195 4169 Illuatr.
1213 4116 1287 4186 Μαι)
1306 4145 1341 4158 -
1360 4133 1429 4186 quae
1444 4133 1478 4166 ex
1496 4131 1549 4186 qua
1568 4113 1673 4166 ratione
1691 4113 1729 4168 A.
1748 4141 1780 4155 -
1792 4131 1864 4186 quae

496 4213 569 4259 extra
589 4223 642 4277 qua
661 4207 766 4258 ratione
784 4208 815 4259 P.
837 4208 873 4280 Ἰ)
894 4203 1072 4258 tractabimus
1092 4205 1127 4258 V.
1147 4202 1183 4256 A.
1202 4233 1237 4244 ·-
1257 4203 1430 4263 traetavimns
1449 4203 1474 4255 Β
1500 4203 1532 4255 Ρ.
1554 4206 1588 4271 ”)
1608 4197 1716 4252 dicatur
1733 4201 1766 4255 Β.
1783 4201 1862 4256 ΚΡ.

493 4323 530 4336 -
556 4295 751 4364 pronuntietur
772 4294 811 4348 A.
839 4297 875 4362 ¹⁰)
902 4291 994 4348 scribo
1017 4295 1050 4347 Β.
1077 4292 1112 4348 V.
1133 4291 1165 4344 P.
1184 4315 1221 4342 =
1237 4290 1274 4344 A.
1301 4293 1338 4362 ¹¹)
1363 4290 1405 4343 sic
1430 4289 1526 4362 utique
1550 4291 1583 4344 Β.
1604 4289 1640 4344 V.
1664 4317 1701 4330 ·-
1719 4288 1803 4340 sicuti
1821 4287 1863 4342 A.

496 4382 532 4452 ⁹²)
556 4397 612 4433 non
638 4379 745 4433 nollens
771 4383 805 4434 Β.
836 4383 872 4436 V.
898 4383 985 4434 1²..-.
1002 4383 1040 4435 A.
1068 4384 1103 4450 ¹⁸)
1128 4379 1158 4432 iu
1182 4381 1215 4432 Β.
1234 4403 1271 4430 =
1290 4379 1326 4436 V.
1343 4379 1381 4432 A.
1409 4379 1444 4448 ²⁴)
1464 4378 1558 4449 specie
1576 4376 1698 4448 perlecta
1716 4375 1749 4429 Β.
1770 4376 1808 4429 V.
1827 4405 1866 4417 -

410 4515 412 4526 ,
494 4468 600 4540 speciei
625 4469 763 4539 perlectae
786 4468 823 4521 A.
850 4469 885 4536 ¹⁵)
921 4465 997 4523 sT1·'
1018 4471 1049 4522 Β.
1070 4469 1106 4524 V.
1126 4499 1161 4510 -
1181 4466 1241 4522 ·AS·
1259 4467 1296 4520 A.
1323 4467 1360 4537 ¹⁸)
1380 4483 1444 4518 auae
1462 4465 1568 4537 speciei
1594 4465 1625 4516 Β.
1645 4464 1682 4520 V.
1701 4491 1738 4506 ·-
1755 4461 1866 4534 speciei

493 4573 559 4609 attae
577 4557 614 4609 A.
635 4561 671 4626 ¹⁷)
689 4553 765 4608 medi
783 4557 938 4627 imperativi
957 4557 993 4614 V.
1010 4587 1046 4598 -
1059 4551 1143 4607 modo
1161 4553 1314 4625 imperativi
1333 4553 1369 4606 A.
1384 4551 1504 4606 -modi
1521 4550 1665 4606 indicativi
1683 4551 1714 4606 B.
1735 4551 1771 4620 ¹⁸)
1782 4549 1864 4603 calca

493 4646 526 4699 Β.
545 4643 581 4697 A.
600 4675 637 4688 —
655 4642 743 4696 ealeaa
763 4645 799 4700 V.
820 4647 855 4716 ”)
874 4641 1059 4698 barbarismus
1079 4643 1114 4697 V.
1134 4643 1171 4698 A.
1189 4671 1226 4682 -
1242 4637 1441 4694 barbarismum
1458 4641 1492 4694 B.
1521 4641 1559 4712 ’·)
1579 4647 1703 4710 tempore
1720 4639 1866 4712 praetenti

492 4734 524 4786 Β.
543 4763 579 4778 -
597 4733 730 4804 temporit
746 4733 902 4804 praesentia
921 4733 962 4788 V.-
977 4731 1014 4786 A.

421 4861 453 4934 a)
472 4859 584 4914 Terent.
594 4855 718 4910 Eunuclt.
729 4857 810 4916 1V.t3.
818 4863 862 4916 32
882 4859 909 4927 b)
926 4857 1006 4910 Hunc
1014 4855 1106 4910 locutu
1114 4851 1219 4907 iudicet
1229 4853 1336 4908 Pierius
1347 4853 1490 4922 Castigatt.
1505 4849 1651 4923 Virgilian.
1669 4871 1697 4924 p.
1715 4857 1742 4911 9.
1762 4849 1807 4904 ed.
1828 4851 1866 4906 R.

492 4944 628 5020 Stephani
649 4951 732 5006 1529:
752 4943 879 5010 „Probus
899 4945 938 4998 nit
955 4961 1058 4997 amasse
1077 4931 1200 4996 Marcum
1209 4939 1332 4994 Tullium
1350 4941 1464 5012 primam
1479 4958 1627 5012 personam
1645 4958 1660 4992 a
1677 4935 1763 4992 verbo
1776 4957 1865 5009 pereo

490 5039 560 5104 perii
579 5031 769 5105 duplicato-1·
789 5033 976 5105 pronuntiare,
996 5031 1125 5104 quoniam
1143 5027 1225 5084 rerba
1244 5029 1320 5084 modi
1337 5027 1481 5083 iudicatim'
1500 5027 1594 5100 specie
1612 5026 1735 5100 perfecta
1754 5043 1787 5076 ex
1803 5023 1866 5095 pri-

491 5137 534 5170 ma
560 5138 678 5191 persona
703 5123 809 5174 numeri
835 5119 949 5192 pluralia
969 5119 1066 5174 ·MUs·
1091 5113 1223 5189 syllabam
1243 5119 1382 5182 amittant,
1407 5125 1432 5170 el
1452 5117 1490 5170 ite
1508 5113 1623 5172 caudam
1641 5129 1788 5186 pcraouam
1805 5129 1864 5166 tata-

491 5207 559 5260 mcri
577 5208 722 5278 singularia
743 5205 905 5272 ostendant,
923 5216 954 5261 ut
972 5217 1039 5281 puta
1057 5211 1194 5279 periimus,
1213 5212 1291 5276 perii.
