4050 6064
345 489 461 558 ¹42!
850 487 1170 546 uttootaus
1206 484 1409 542 tttttott.

396 655 497 720 gere
518 623 603 700 tela
620 625 663 718 ³⁶)
686 635 789 700 mihi
806 637 836 722 ⁶¹)
854 649 1002 702 -et-
1018 635 1161 700 Insere
1182 651 1308 710 nnnc,
1330 625 1619 714 Meliboean).
1641 627 1865 718 piroa⁸)-

394 737 515 820 ntique
535 737 602 800 iam
622 737 757 802 inlinito
775 729 817 821 ⁵⁸)
840 738 946 802 modo
963 740 1129 824 temporis
1146 735 1338 824 praesentis
1361 753 1595 818 suggerere
1618 746 1652 798 et
1675 732 1866 797 inserere

395 834 507 900 lacere
524 831 567 920 57)
590 840 839 924 pronuntiavit.

479 941 554 1002 823.
578 939 778 1024 Quaeritur,
803 963 871 1027 qua
894 941 936 1007 de
960 961 1062 1007 causa
1082 941 1297 1028 probunto
1313 931 1357 1024 60)
1380 953 1414 1002 et
1436 957 1508 1002 non
1524 929 1570 1020 61)
1591 933 1863 1022 probabunto

395 1037 507 1104 lacere
531 1041 706 1118 videatur;
730 1045 795 1107 hac
818 1043 861 1106 de
884 1063 998 1120 causa,
1022 1045 1187 1129 quoniam
1212 1042 1336 1108 modus
1359 1041 1567 1106 indicativus
1581 1038 1750 1124 temporis
1765 1057 1865 1121 prae.-

394 1143 500 1205 sentis
517 1135 561 1225 ⁶²)
584 1163 603 1206 a
626 1143 781 1228 qualibet
796 1145 960 1229 qualitate
978 1166 1023 1208 ex
1038 1147 1151 1230 prima
1168 1139 1211 1228 6’)
1229 1163 1377 1230 persona
1391 1143 1529 1206 numeri
1546 1140 1732 1226 singularia
1748 1137 1806 1204 ¹0·
1824 1130 1865 1218 ⁶¹¹)

392 1243 555 1306 ultimum
578 1246 708 1310 omittit
729 1259 764 1309 et
786 1244 944 1310 ·UNTO·
963 1239 1007 1328 65)
1030 1246 1162 1312 litteras
1178 1247 1306 1332 accipit
1321 1237 1366 1329 66)
1389 1257 1423 1309 et
1439 1243 1593 1310 futurum
1611 1255 1748 1328 tempus
1769 1239 1865 1306 modi

393 1345 590 1432 imperativi
614 1348 734 1412 tertiae
756 1369 926 1434 personae
948 1349 1085 1413 numeri
1108 1348 1251 1434 pluralis
1274 1347 1435 1412 ostendit.
1518 1351 1522 1358 '

478 1450 552 1514 824.
586 1447 784 1532 Quaeritur,
809 1471 878 1536 qua
908 1448 951 1514 de
974 1470 1077 1515 causa
1100 1451 1219 1516 secui
1248 1461 1281 1512 et
1303 1468 1375 1513 non
1405 1447 1531 1533 sequi
1557 1446 1713 1524 dicatur;
1735 1447 1801 1510 hac
1825 1443 1866 1508 ds
1961 1501 1966 1506 .

394 1569 508 1626 causa,
533 1552 697 1634 qnoniam
723 1573 964 1636 quaecumque
995 1551 1102 1616 verba
1132 1551 1238 1616 modo
1263 1551 1453 1616 indicativo
1485 1550 1653 1635 temporis
1674 1547 1866 1635 praesentis

392 1653 430 1714 in
452 1653 565 1737 prima
588 1673 737 1737 persona
758 1655 896 1718 numeri
918 1653 1103 1738 singularis
1125 1666 1204 1718 ante
1228 1652 1285 1720 Ὀ·
1307 1654 1468 1718 ultimum
1493 1651 1546 1718 ·C·
1563 1645 1608 1735 67)
1630 1652 1780 1716 litteram
1805 1650 1865 1711 lta-

391 1751 477 1818 bent
499 1753 742 1830 constitutam,
766 1757 852 1820 haec
874 1757 911 1818 in
934 1756 1058 1820 eodem
1082 1757 1188 1822 modo
1212 1757 1328 1843 specie
1349 1754 1504 1840 perlecta
1521 1773 1567 1818 ex
1588 1754 1701 1840 prima
1717 1769 1865 1839 peraoua

393 1855 530 1918 numeri
553 1855 737 1940 singularis
759 1877 951 1943 numquam
976 1857 1084 1942 ·QU1·
1109 1857 1239 1940 syllaba
1262 1858 1481 1922 definiuntur.

478 1959 551 2021 825.
577 1959 775 2040 Quaeritur,
791 1960 917 2046 quade
936 1980 1038 2023 causa
1053 1961 1147 2024 acui
1170 1971 1203 2024 et
1217 1979 1288 2024 non
1312 1959 1412 2045 aqui
1435 1959 1585 2034 dicatum
1607 1957 1673 2020 bac
1686 1954 1729 2020 de
1748 1969 1865 2027 cansa,

393 2059 558 2142 quoniam
584 2081 837 2147 quaecumque·
855 2061 962 2126 verba
986 2061 1082 2126 modi
1104 2061 1283 2127 indicativi
1298 2055 1342 2146 ⁶¹¹)
1369 2061 1538 2147 temporis
1560 2057 1750 2145 praesentis
1774 2053 1865 2118 tto·

393 2158 516 2224 litteris
539 2153 583 2244 67)
616 2161 774 2227 discretis
798 2163 1029 2238 deliniuntur,
1059 2165 1145 2228 haec
1167 2164 1204 2228 iu
1226 2164 1349 2230 eodem
1373 2163 1479 2228 modo
1509 2161 1625 2247 specie
1646 2158 1800 2244 perlecta
1822 2176 1865 2221 ex

392 2263 506 2346 prima
528 2285 679 2348 persona
700 2266 838 2328 numeri
861 2265 1046 2348 singularis
1069 2285 1260 2351 numquam
1284 2265 1392 2350 ·QUl·
1415 2263 1546 2346 syllaba
1568 2261 1799 2328 terminantur
1814 2259 1865 2340 7”).

479 2365 553 2430 826.
578 2365 778 2450 Quaeritur,
804 2366 935 2451 quade
964 2387 1067 2430 cansa
1089 2367 1198 2452 ungi
1221 2381 1256 2432 et
1281 2385 1354 2432 non
1379 2365 1541 2450 ungari
1564 2367 1608 2448 ⁷¹)
1633 2363 1744 2428 lacere
1768 2381 1865 2446 repe·

395 2465 521 2540 riatnr;
545 2467 610 2530 hac
625 2468 667 2532 de
688 2489 801 2544 causa,
818 2469 984 2553 quoniam
1003 2489 1242 2554 quaecumque
1253 2469 1389 2554 generis
1402 2469 1544 2554 passivi,
1561 2465 1634 2530 vel
1648 2463 1865 2550 deponentis,

395 2568 451 2632 vel
472 2571 667 2632 communis
691 2575 735 2652 ⁷²)
764 2569 871 2633 verba
895 2571 1016 2633 tertiae
1045 2556 1301 2654 coniugationis
1324 2583 1506 2656 correptae
1530 2589 1605 2634 esse
1627 2567 1864 2654 reperiuntur,

395 2671 482 2734 haec
497 2670 689 2736 indicativo
711 2671 817 2735 modo
843 2672 1011 2756 temporis
1036 2675 1228 2756 praesentis
1254 2693 1300 2736 ex
1317 2664 1358 2755 71)
1382 2671 1533 2738 secunda
1558 2689 1708 2756 persona
1731 2665 1865 2730 numeri

395 2772 580 2856 singularis
595 2773 751 2837 nltimam
772 2771 938 2854 syllabam
962 2773 1128 2836 omittunt
1143 2785 1177 2837 et
1202 2773 1253 2838 ·E·
1277 2787 1477 2858 sequentem
1500 2775 1536 2838 in
1560 2775 1598 2838 ·1·
1615 2772 1765 2836 litteram
1786 2787 1866 2833 con-

393 2886 533 2957 vertunt
555 2887 589 2938 et
610 2874 751 2938 modum
774 2875 945 2938 inlinitum
964 2865 1007 2960 ⁷⁴)
1036 2875 1203 2959 temporis
1229 2877 1419 2962 praesentis
1441 2871 1483 2960 75)
1503 2875 1701 2942 ostendunt.
1723 2871 1770 2936 Et
1790 2870 1866 2934 ideo

394 2977 582 3060 ungeris
604 2969 647 3060 ⁷⁶)
671 2977 798 3060 ungi,
821 2997 893 3040 non
915 2977 1074 3060 ungari
1092 2978 1134 3059 77)
1158 2977 1270 3042 iacere
1292 2980 1547 3064 pronuntiatur.

479 3081 554 3146 827.
579 3079 666 3142 item
688 3077 755 3142 alia
778 3077 959 3164 probatio,
983 3100 1053 3164 qua
1078 3080 1205 3163 ungi,
1234 3099 1306 3144 non
1329 3080 1486 3164 unges-i
1518 3079 1631 3144 lacere
1656 3074 1865 3161 reperiatur;

287 3178 380 3284 ἵξῃ
400 3178 493 3244 *bac
510 3181 552 3244 de
573 3200 687 3258 eausa,
705 3179 870 3264 quoniam
891 3201 1130 3265 quaecumque
1148 3179 1253 3244 verba
1268 3183 1388 3246 tertiae
1409 3179 1665 3266 coniugationia
1692 3187 1868 3260 correptae

345 3273 350 3285 '
399 3282 607 3366 imperativo
625 3282 729 3346 modo
746 3282 912 3367 temporis
927 3282 1119 3367 praesentis
1142 3302 1188 3346 ex
1212 3285 1364 3348 secunda
1384 3303 1532 3369 persona
1554 3281 1691 3346 numeri
1718 3275 1868 3362 singula·

399 3383 446 3446 ris
471 3381 522 3444 ·E·
538 3381 652 3448 littera
670 3384 803 3448 scilicet
817 3396 977 3468 correpta
992 3384 1239 3460 terminantur,
1264 3387 1350 3450 haec
1368 3385 1512 3449 eandem
1530 3383 1579 3446 ·E·
1597 3380 1748 3445 litteram
1775 3381 1810 3442 in
1830 3378 1867 3440 ·l·

398 3496 606 3548 convertunt
627 3479 670 3570 7⁸)
694 3499 728 3550 et
752 3485 924 3549 inlinitum
947 3486 1090 3550 modum
1117 3488 1284 3573 temporis
1310 3486 1500 3573 praesentis
1533 3485 1569 3548 in
1600 3484 1706 3550 modo
1731 3481 1866 3567 passivo

398 3587 595 3651 ostendunt.
618 3587 663 3650 Et
678 3588 757 3652 ideo
780 3607 893 3672 unge
912 3589 956 3672 771)
984 3589 1110 3672 ungi,
1133 3609 1204 3652 non
1231 3590 1390 3673 ungari
1417 3589 1529 3652 lacere
1554 3585 1800 3674 pronuntiatur
1814 3577 1826 3616 ⁸
1840 3584 1867 3665 ).

482 3691 556 3754 828.
581 3683 624 3775 ⁸¹)
641 3689 841 3774 Quaeritur,
858 3709 926 3776 qua
944 3689 986 3752 dc
1003 3708 1104 3753 causa
1128 3709 1246 3772 ungo
1262 3702 1295 3755 et
1321 3709 1392 3754 non
1416 3689 1696 3774 ungeolacere
1720 3685 1869 3772 reperia-

445 3984 480 4054 ⁵‘)
500 3981 553 4036 tela
575 3983 609 4036 V.
629 3983 666 4036 A.
685 4013 720 4026 -
739 3993 775 4035 te.
794 3983 825 4035 Β.
847 3981 882 4052 ⁵⁷)
901 3977 1129 4034 Meliboeam.
1148 4013 1183 4022 -
1202 3977 1375 4034 llloeliboeae
1393 3979 1429 4034 A.
1448 4011 1484 4022 —
1501 3975 1638 4032 Malibaaa
1656 3979 1687 4034 Ρ.
1708 3978 1744 4046 ⁵⁸)
1763 3975 1870 4029 infinito

505 4073 539 4126 Il.
560 4072 595 4124 V.
615 4101 651 4122 -ψ-
668 4070 803 4122 infinitivo
822 4068 859 4121 A.
880 4069 915 4139 ⁵⁹)
935 4067 1024 4120 lacere
1043 4067 1075 4119 Β.
1097 4069 1132 4122 V.
1154 4069 1183 4120 P.
1201 4065 1237 4118 ἐ
1255 4067 1292 4120 A.
1310 4070 1348 4138 ⁸⁰)
1367 4064 1507 4138 probuutc
1525 4067 1559 4120 Β.
1581 4066 1617 4120 V.
1635 4097 1670 4108 -
1688 4062 1825 4137 probantu
1833 4063 1869 4116 A.

507 4159 543 4222 ⁸¹)
562 4169 627 4219 2non
653 4159 686 4212 B.
713 4157 749 4212 V.
769 4157 799 4208 P.
818 4179 855 4206 =
872 4155 910 4210 A.
937 4156 975 4228 ⁸¹)
1001 4155 1132 4226 temporit
1159 4155 1313 4226 praeseutia
1341 4155 1376 4208 V.
1403 4157 1438 4208 A.
1458 4163 1641 4226 -‚tsmpors
1667 4151 1821 4224 praecentis
1838 4151 1871 4206 Β.

506 4245 545 4314 77)
565 4241 695 4314 qualitate
715 4261 747 4294 ert
765 4243 852 4314 prima
870 4243 903 4297 Β.
924 4244 960 4298 V.
979 4244 1011 4296 P.
1030 4265 1067 4294 =
1083 4243 1121 4296 A.
1140 4244 1175 4310 ⁶⁴)
1196 4243 1241 4296 ·0·
1259 4244 1292 4297 Β.
1313 4244 1347 4296 A.
1366 4273 1401 4284 -·-
1420 4241 1461 4296 ·E·
1481 4243 1517 4298 V.
1536 4244 1574 4314 ⁶⁵)
1594 4241 1719 4297 ΙΠΝΊῸ·
1739 4240 1771 4293 Β.
1786 4239 1824 4294 V·
1836 4267 1873 4280 -

508 4329 628 4384 attro-
647 4330 684 4383 A.
704 4333 741 4402 ω)
762 4330 865 4401 accipit
885 4332 920 4386 V.
939 4331 976 4384 A.
996 4361 1032 4372 -
1051 4331 1160 4402 accepit
1178 4332 1212 4384 Β.
1232 4331 1268 4401 ⁶⁷)
1289 4331 1333 4388 ·c·
1354 4331 1389 4385 V.
1408 4361 1443 4372 —
1459 4329 1499 4384 ·Ε·
1519 4330 1551 4384 Β.
1570 4359 1606 4372 -
1621 4328 1665 4382 ·0·
1683 4327 1768 4399 A.··)
1794 4321 1870 4378 modi

506 4415 648 4470 indicativi
667 4419 699 4472 Β.
718 4418 754 4471 A.
775 4448 810 4458 ·-
827 4415 911 4472 modo
930 4416 1081 4472 indicativa
1101 4419 1137 4472 V.
1157 4418 1193 4486 ¹⁹)
1212 4415 1314 4472 littaris
1334 4419 1370 4472 V.
1388 4418 1425 4471 A.
1444 4445 1482 4460 ·-
1505 4415 1591 4470 litteri
1609 4416 1642 4469 B.
1667 4419 1704 4484 ²⁰)
1723 4415 1871 4468 terminan-

507 4514 552 4560 tur
568 4507 601 4560 B.
622 4506 657 4562 V.
677 4537 713 4547 -
731 4505 891 4558 terminatur
908 4506 945 4559 A.
965 4510 1001 4575 ⁹¹)
1020 4507 1117 4577 ungari
1137 4507 1167 4560 Β.
1187 4506 1223 4561 V.
1243 4507 1274 4558 P.
1294 4537 1329 4550 ·-
1348 4523 1449 4574 ungere
1467 4505 1504 4558 A.
1524 4507 1562 4575 ²²)
1579 4501 1624 4556 vel
1643 4501 1810 4574 deponentia
1827 4497 1871 4554 vet

505 4594 657 4648 communis
676 4593 707 4646 B.
727 4624 763 4634 -
788 4593 940 4644 communia
958 4593 1016 4646 siva
1035 4593 1202 4664 deponentis
1220 4595 1257 4648 A.
1277 4625 1313 4634 -
1330 4593 1388 4644 sive
1408 4589 1575 4665 deponentia
1599 4589 1643 4646 rel
1662 4569 1817 4643 communis
1835 4589 1871 4642 V.

455 4699 458 4708 ’
506 4687 540 4752 77)
561 4701 593 4733 ex
610 4684 643 4735 Β.
665 4681 701 4736 V.
721 4708 754 4722 -
774 4688 802 4730 et
819 4679 856 4732 A.
876 4679 913 4752 ⁷⁴)
933 4679 1071 4735 infinitum
1088 4682 1120 4734 Β.
1142 4681 1178 4736 V.
1197 4682 1229 4733 P.
1247 4710 1284 4724 -
1302 4681 1421 4733 futurum
1439 4680 1476 4736 A.
1503 4681 1540 4752 ²⁵)
1560 4674 1714 4752 praesentis
1731 4677 1764 4730 Β.
1786 4675 1821 4729 V.
1833 4675 1869 4728 A.

504 4801 538 4812 -
558 4769 711 4841 praesentia
729 4769 759 4820 io
783 4763 866 4820 modo
886 4768 995 4838 passivo
1015 4771 1047 4822 P.
1071 4770 1109 4840 76)
1129 4768 1239 4838 ungaris
1258 4769 1291 4822 Β.
1311 4769 1348 4824 V.
1366 4770 1403 4823 A.
1421 4791 1457 4820 =
1474 4769 1506 4820 P.
1534 4771 1571 4838 77)
1589 4783 1648 4820 noa
1665 4763 1761 4832 angen·
1780 4763 1813 4816 Β.
1833 4762 1869 4814 V.

506 4859 536 4910 P.
554 4881 590 4908 =
609 4858 643 4910 A.
669 4857 705 4926 ⁷¹)
733 4862 897 4908 convertunt
915 4855 951 4910 V.
970 4857 1007 4910 A.
1027 4887 1062 4898 —
1081 4855 1251 4909 convertitur
1267 4858 1300 4911 Β.
1328 4863 1364 4928 77)
1383 4873 1453 4926 unga
1472 4856 1505 4912 Β.
1525 4854 1561 4909 V.
1580 4877 1617 4905 -...·
1635 4854 1672 4908 A.
1693 4853 1729 4920 ⁸⁰)
1749 4867 1869 4922 pronun·

506 4945 589 4996 tiator
607 4945 638 4997 tt.
656 4945 693 4997 A.
714 4973 748 4984 -
771 4943 986 5014 pronuntiantur
1005 4945 1041 4998 V.
1066 4943 1104 5015 ¹¹)
1132 4945 1219 5000 Totus
1238 4943 1253 5016 ς
1270 4963 1332 5000 essm
1349 4957 1470 5017 quatuor
1486 4943 1661 5016 ”quatitur
1680 4941 1695 5012 ς
1714 4939 1870 5000 ott-nti

506 5035 534 5082 in
555 5031 641 5084 codd.
660 5031 697 5084 A.
719 5045 744 5084 at
764 5031 795 5085 P.
815 5031 897 5086 deest.

451 5141 480 5204 a)
500 5137 574 5207 Virg.
596 5141 662 5190 Aen.
681 5139 715 5190 X.
736 5143 795 5198 333.
817 5141 846 5210 ὁ)
865 5140 940 5210 Virg.
960 5137 1055 5210 Eclog.
1077 5139 1097 5194 l.
1118 5145 1161 5199 it.
