4104 6064
497 533 868 592 recensuri
916 533 1329 594 cssuusrrca
1550 539 1644 608 stt

321 683 456 748 'l'ullius
478 685 570 748 bunc
592 683 728 760 laudat,
752 685 809 748 cui
831 683 876 748 sit
897 682 1090 771 penultima
1112 683 1234 768 longa,

319 785 441 862 Esse,
465 785 649 849 trochaeus
671 781 711 870 ’·”)
733 783 830 852 adest
850 779 909 869 16),
932 785 1140 851 videatur
1157 792 1205 872 ⁴),
1230 790 1352 855 tertius
1374 793 1414 875 ¹⁷)
1436 791 1512 866 itte,

321 887 436 970 Quem
460 907 592 972 paeana
610 881 652 970 ¹⁸)
674 901 775 952 vocat
797 888 907 953 Musis
931 888 1056 952 devota
1079 902 1249 967 vetustas3

321 989 389 1052 Hic
412 988 576 1052 membris
600 1009 765 1054 numerus
788 991 912 1056 melior
934 994 995 1073 ¹⁹),
1020 991 1075 1054 cui
1099 992 1200 1057 tertia
1221 993 1327 1078 longa
1343 995 1388 1078 l).

259 1096 289 1158 t.
323 1090 528 1154 Rhetoricae
548 1094 591 1174 ²⁰)
612 1093 757 1178 pulchre
775 1095 818 1177 ²¹)
842 1104 1030 1156 structuras
1048 1092 1230 1156 doclrmius
1248 1099 1291 1178 ²²)
1315 1111 1432 1175 ornat,

324 1191 541 1278 Principium
564 1191 729 1258 bacchius
745 1187 788 1277 ²³)
811 1194 895 1272 erit,
920 1193 1105 1258 concludet
1127 1195 1281 1274 iambus;

324 1295 395 1358 Aut
416 1295 493 1358 rice
516 1307 665 1372 mutata,
688 1315 818 1359 nomen
840 1295 1030 1359 mutabitur
1052 1298 1134 1376 uni,

204 1469 215 1480 ·
323 1396 461 1462 Primus
484 1397 618 1462 iambus
640 1398 725 1474 erit,
749 1409 823 1462 tum
847 1398 951 1462 finem
974 1399 1123 1464 creticus
1146 1400 1281 1486 explet3

324 1498 441 1563 Prima
463 1497 596 1576 brevis,
620 1500 816 1585 longaeque
834 1493 876 1581 ²³)
900 1500 1006 1575 duae,
1029 1500 1161 1580 brevis,
1182 1489 1306 1568 ultima
1329 1507 1450 1592 longa,

323 1599 605 1686 Exemplumque
627 1601 710 1666 artis
732 1601 872 1666 dabitur
896 1601 1146 1688 respublica
1160 1599 1203 1689 ²⁵)
1226 1604 1345 1684 nobis,

329 1702 444 1786 Quam
463 1697 506 1785 ²⁶)
529 1699 655 1768 Cicero
679 1723 762 1767 casu
783 1704 937 1786 genitivo
959 1723 1090 1789 ponere
1113 1708 1241 1790 gaudet
1257 1711 1302 1793 ⁶).

324 1803 402 1869 Hoc
424 1804 513 1890 pede
537 1805 732 1890 composito
755 1804 916 1870 laudatur
939 1805 1029 1889 lama
1051 1808 1238 1892 pedestris,

325 1907 373 1971 Ut
396 1906 498 1972 docet
528 1909 692 1970 ausonius
714 1919 832 1970 orator
855 1906 991 1970 Tullius
1013 1907 1152 1992 ingens3

325 2007 502 2074 Omnibus
524 2009 588 2071 iste
611 2006 697 2072 locis
720 2028 903 2072 numerum
925 2028 988 2096 pes
1011 2009 1115 2074 efficit
1137 2026 1257 2097 aptum
1275 2013 1323 2097 ³),

323 2111 447 2194 Longa
468 2108 610 2174 brevem
633 2111 806 2194 sequitur,
829 2111 972 2194 longam
994 2108 1127 2189 brevis,
1151 2113 1250 2177 adice
1264 2119 1307 2198 ²5)
1331 2117 1470 2200 longam

325 2211 465 2296 Syllaba
485 2211 599 2298 prima
621 2210 752 2290 brevis,
775 2224 849 2275 tum
872 2210 1002 2294 syllaba
1023 2211 1129 2298 longa
1152 2216 1324 2292 secunda,

322 2315 442 2379 Tertia
463 2313 586 2399 longa,
609 2313 725 2380 brevis
749 2326 888 2398 quarta,
910 2314 1151 2399 productaque
1174 2318 1310 2401 quinta;

323 2416 459 2480 Tullius
482 2429 617 2493 orator,
641 2435 705 2479 ceu
727 2415 845 2492 multi,
870 2415 1060 2480 dochmion
1076 2411 1119 2501 ²⁶)
1142 2432 1241 2483 ornat
1257 2423 1302 2502 ⁶).
1410 2462 1412 2468 .

326 2518 484 2584 Creticus
501 2521 544 2603 ²⁰)
568 2531 672 2603 atque
695 2519 878 2581 trochaeus
903 2530 1004 2581 erunt
1020 2511 1082 2600 ³⁰),
1107 2505 1168 2602 q‘ui
1192 2521 1351 2584 claudere
1374 2537 1534 2607 possunt,
1624 2544 1630 2560 .

324 2620 394 2685 Aut
416 2621 591 2706 spondeus
616 2621 724 2693 inest,
748 2618 845 2682 nullo
869 2618 1070 2682 discrimine
1092 2619 1190 2695 finis,

323 2723 394 2785 Aut
416 2722 492 2785 vice
514 2734 645 2785 mutata
667 2741 796 2784 nomen
820 2720 1009 2783 mutabitur
1032 2719 1117 2798 illis,

325 2823 573 2907 Principicque
597 2823 787 2886 troclraeon
809 2820 933 2896 habes,
957 2821 993 2884 in
1016 2823 1083 2886 line
1107 2821 1297 2886 molossum
1315 2817 1373 2906 3'),

325 2922 418 3007 Ass)
441 2925 518 2988 linis
540 2923 706 2989 bacchius
729 2923 813 3001 erit,
835 2921 951 2988 brevis
973 2923 1095 2986 ultima
1119 2922 1267 2992 claudet.

324 3025 446 3111 Longa
469 3027 513 3089 sit
535 3047 624 3090 anne
646 3026 762 3090 brevis
777 3028 830 3107 ὅ),
852 3025 985 3088 nullum
1010 3025 1196 3089 discrimen
1220 3025 1380 3104 babetur,

325 3129 373 3192 Ut
396 3129 484 3194 solet
507 3128 550 3194 in'
566 3129 684 3193 metris
707 3129 830 3192 doctus
853 3147 1065 3213 componere
1088 3139 1192 3192 vates.

213 3577 249 3648 ¹²)
276 3573 422 3631 trochaeus
446 3577 477 3628 P.
494 3606 529 3616 -
557 3572 687 3629 trocheus
713 3577 781 3629 coc.
807 3587 894 3630 corsst.
924 3576 961 3646 ¹⁶)
985 3571 1065 3628 adest
1081 3575 1112 3628 P.
1137 3604 1173 3617 -
1198 3571 1234 3626 sd
1260 3581 1303 3627 est
1329 3575 1396 3628 cod.
1426 3576 1462 3647 ¹⁷>
1488 3573 1586 3628 tertius
1612 3577 1641 3628 P.

284 3693 319 3708 -
350 3663 453 3716 tercius
481 3664 549 3717 cort.
576 3676 662 3718 const.
689 3665 724 3732 ¹⁸)
749 3679 852 3734 psestss
875 3662 907 3716 P.
930 3689 967 3706 -
991 3678 1080 3733 pessis
1116 3662 1183 3715 cod.
1217 3663 1251 3732 Ι9)
1282 3680 1411 3714 numerus
1425 3657 1428 3672 ’
1444 3659 1543 3716 melior
1574 3664 1641 3716 Geel.

281 3781 318 3794 -·
347 3749 446 3804 melios
480 3749 583 3804 nostris
615 3754 675 3820 (sie)
704 3753 735 3804 P.
775 3755 812 3821 ¹⁰)
839 3749 1000 3804 llhetoricss
1033 3751 1063 3802 P.
1096 3780 1132 3792 -
1158 3747 1320 3802 liethericss
1358 3751 1424 3802 cod.
1460 3753 1496 3818 ¹¹)
1527 3746 1641 3821 pulchre

285 3841 316 3893 P.
334 3870 370 3882 —
395 3836 510 3911 puloshe
530 3841 590 3910 (sie)
618 3840 687 3893 Ccd.
716 3841 752 3909 ¹¹)
772 3833 916 3890 dochmios
934 3839 965 3892 P.
984 3868 1020 3878 -
1038 3835 1165 3908 degenies
1186 3838 1253 3891 Cod.
1279 3838 1317 3908 ¹³)
1341 3833 1472 3890 bacchius
1491 3839 1522 3890 P.
1541 3868 1577 3878 -
1595 3833 1643 3888 bs-

286 3923 364 3980 chius
392 3928 460 3981 cod.
479 3940 564 3981 const.
592 3928 627 3997 ¹⁴)
646 3924 798 3998 longaeque
817 3927 847 3978 P.
867 3956 903 3967 -
925 3923 1062 3996 longeque
1089 3925 1157 3978 Ccd.
1185 3924 1222 3994 ³⁵)
1241 3921 1397 3994 respublica
1424 3925 1456 3978 P.
1475 3921 1644 3994 -respub-

284 4015 359 4085 plics
379 4015 446 4069 occ.
475 4016 510 4084 ’⁶)
531 4013 620 4086 Quam
643 4014 709 4067 eod.
730 4012 874 4085 -Quem
901 4014 961 4083 (sic)
980 4014 1013 4065 P.
1037 4015 1073 4079 ¹⁷)
1098 4008 1177 4063 edice
1198 4012 1265 4064 cod.
1284 4041 1320 4054 -
1338 4009 1428 4064 sdiiee
1446 4013 1476 4064 P.
1504 4012 1540 4081 Ἰ)
1560 4009 1646 4063 doelr-

283 4101 358 4156 scion
383 4105 414 4156 P.
433 4135 469 4144 -
487 4098 618 4172 dogmiou
644 4101 711 4155 cod.
738 4103 774 4162 ²⁹)
794 4100 921 4154 Creticus
944 4097 1644 4191 1².-crgncuccw)cronicae-crisa

285 4191 348 4264 (sic)
366 4193 399 4245 P.
419 4193 456 4261 ³¹)
475 4187 624 4244 molossum
641 4189 674 4241 P.
694 4219 729 4230 —·
747 4185 883 4240 molosiam
903 4189 969 4244 cca.

233 4359 263 4424 a)
288 4351 396 4408 Probus
420 4351 497 4406 Libe.
511 4351 547 4405 ΙΙ.
567 4370 595 4423 p.
616 4356 675 4411 ist.
696 4349 840 4405 liudem:
870 4352 1028 4406 Troclsseus
1046 4366 1074 4407 et
1089 4371 1181 4424 pcecrs
1199 4356 1295 4405 tertius
1303 4352 1417 4420 sociem
1434 4351 1512 4405 illam
1529 4362 1648 4402 structu·

286 4459 364 4503 rum,
384 4443 477 4496 Tullio
495 4443 679 4511 peculiarem:
698 4459 770 4492 esse
789 4449 821 4492 vl
828 4441 961 4494 deutur.
988 4438 1329 4512 b)1nterhoucrersum
1349 4447 1377 4492 et
1394 4447 1554 4511 sequentem
1572 4434 1647 4507 spud

286 4526 446 4582 Potschium
466 4537 524 4582 est:
544 4529 649 4583 Verssss
667 4532 785 4582 ciusdem
804 4528 838 4582 de
856 4533 974 4581 nuoserc's
989 4541 1015 4580 et
1032 4528 1315 4598 pedibcsorctorum5
1334 4527 1363 4578 in
1383 4524 1518 4579 Codrero
1537 4533 1646 4576 nostro:

287 4622 351 4670 item
376 4619 503 4670 es'sssderss.
528 4623 553 4685 c)
581 4613 697 4669 scilicet
719 4616 886 4686 reipublicae
905 4633 955 4686 pro
976 4613 1125 4668 dividentis
1151 4613 1264 4666 arbitrio
1284 4611 1328 4667 vel
1347 4611 1492 4665 dochmius
1512 4612 1579 4672 erit,
1606 4609 1649 4662 vel

288 4701 419 4758 bacchius
439 4712 467 4757 et
480 4701 604 4766 ismhns,
621 4699 665 4756 rel
684 4697 794 4755 tandem
812 4699 920 4756 ismhus
939 4711 968 4755 et
986 4703 1114 4755 creticus.
1140 4701 1170 4762 dt
1190 4701 1251 4753 Cic.
1271 4699 1349 4754 Orat.
1366 4705 1410 4758 fid.
1430 4695 1582 4751 Dochmius
1601 4716 1649 4747 su·

288 4801 341 4846 tsm
361 4808 376 4844 e
394 4791 516 4863 quinque
534 4788 665 4860 syllabis,
682 4787 775 4851 brevi,
795 4786 903 4842 duabus
921 4787 1029 4859 longis,
1048 4787 1141 4852 brevi,
1159 4786 1240 4858 longa
1260 4827 1267 4838 .
1288 4827 1295 4838 .
1316 4825 1323 4840 .
1343 4827 1349 4840 .
1370 4786 1467 4859 quovis
1485 4783 1548 4838 loco
1568 4791 1649 4855 aptus

288 4887 350 4942 est,
369 4875 435 4930 dum
452 4879 536 4932 semel
555 4888 675 4950 ponetur
703 4881 728 4948 e)
748 4877 824 4932 luter
841 4874 916 4930 bunc
933 4895 1039 4931 versum
1060 4885 1088 4930 et
1110 4886 1271 4949 sequentem
1290 4871 1374 4927 lubet
1391 4871 1554 4930 Putschius:
1580 4871 1650 4924 Item

288 4969 346 5033 εἰσ)
374 4967 489 5037 margini
514 4963 629 5019 Codicis
658 4966 746 5020 nostri
773 4962 841 5016 nihil
860 4962 1034 5018 adscribitur.
1053 4968 1094 5032 s)
1121 4965 1174 5018 Pro
1194 4978 1224 5018 at
1248 4960 1395 5034 legendum
1414 4960 1604 5024 videturesse,
1624 4970 1653 5012 st

288 5049 432 5108 bacchium
458 5055 589 5108 sumsisse
614 5062 753 5106 auctorem
778 5050 824 5104 hic
847 5071 897 5124 pro
922 5049 1132 5125 palimbacchio.
1161 5057 1192 5124 g)
1220 5050 1287 5106 Seil.
1308 5049 1403 5106 ultisna
1429 5051 1488 5106 Cic.
1509 5049 1588 5106 Orat.
1607 5055 1650 5110 64.

285 5153 421 5211 postrerssc
439 5143 549 5212 syllaba
567 5144 653 5198 brevis
671 5162 707 5196 cu
726 5145 810 5214 longo
828 5144 881 5202 sit,
900 5161 936 5196 rse
962 5148 990 5196 s'rs
1010 5161 1088 5196 versu
1106 5141 1214 5213 quidem
1233 5143 1324 5212 refert.
