4032 6070
575 541 1132 602 t’ttoetattsttttton.
1522 541 1592 610 295

129 683 170 750 ab
189 685 460 766 boc-iuveni,
483 689 602 776 pani,
628 689 727 768 tint,
751 692 863 756 crini
882 685 922 771 η5)
951 711 1077 756 sonare
1098 690 1315 776 probantur?
1343 689 1416 752 aed
1439 687 1488 754 ab
1512 689 1591 752 hoc

129 789 295 865 iuvene,
326 811 450 876 pane,
480 791 587 870 line,
619 795 735 858 crine
758 792 871 856 lacere
894 794 1184 858 demonstrantur.
1216 794 1262 857 Et
1285 793 1363 856 ideo
1387 811 1471 868 nos,
1503 809 1591 874 qnae

128 890 280 968 nomina,
312 904 347 957 et
373 913 442 978 qua
470 895 513 958 de
542 915 644 958 causa
673 895 709 958 in
738 895 861 960 eodem
890 894 1042 960 ablativo
1073 915 1155 959 casu
1176 895 1313 959 numeri
1340 892 1523 978 singularis
1547 911 1593 954 ex

128 1003 270 1078 utroque
298 1013 386 1060 sono
415 995 584 1082 permissa
610 997 680 1062 sint
696 987 737 1078 Ρ)
761 997 998 1082 pronuntiari,
1029 998 1182 1062 insonis
1206 1009 1444 1083 competenter
1467 1005 1592 1058 tracta.-

128 1089 234 1157 bimus
260 1089 312 1178 ⁵⁸).

203 1199 279 1264 stt.
303 1197 390 1262 ltem
415 1199 451 1262 in
473 1201 681 1286 supradictis
703 1199 889 1284 generibus
912 1213 992 1264 sunt
1014 1201 1130 1285 aliqua
1143 1203 1297 1275 nomina,
1322 1220 1417 1286 qnae·
1429 1201 1596 1284 genetivo

131 1316 203 1360 casu
226 1301 366 1364 numeri
386 1299 531 1386 pluralis
555 1302 667 1366 ·lUlll·
692 1300 815 1367 litteris
839 1302 1093 1367 concludantur
1109 1295 1163 1387 49),
1187 1317 1221 1368 et
1243 1317 1324 1368 sunt
1345 1303 1480 1388 aliqua,
1503 1323 1592 1387 quae

131 1398 161 1460 in
185 1400 312 1464 ecdem
340 1405 502 1487 genetivo
533 1425 614 1468 casu
637 1405 774 1468 numeri
796 1404 941 1491 pluralis
965 1404 1059 1468 ·Uld·
1088 1405 1212 1470 litteris
1234 1399 1378 1492 post⁵⁰l
1397 1423 1591 1469 consonan-

131 1511 188 1564 teur
215 1500 439 1581 definiantur,
463 1505 524 1570 *ut
538 1519 636 1593 puta:
660 1507 806 1570 harum
829 1506 973 1570 sedum
997 1520 1031 1573 et
1053 1509 1202 1570 barum·
1221 1497 1460 1588 sedium⁵¹);
1485 1526 1592 1590 quare
1617 1525 1690 1573 eota.

130 1603 186 1666 boc
212 1624 407 1683 monemus,
430 1607 527 1692 qnod
548 1608 618 1674 sint
641 1607 760 1692 aliqui,
784 1609 844 1694 qui
870 1607 973 1692 vulgo
987 1598 1030 1689 ⁵²)
1054 1609 1134 1674 buic
1156 1610 1260 1674 casui·
1274 1611 1341 1672 hoo
1369 1618 1593 1694 pracceptum

130 1715 272 1770 statuere
290 1709 605 1784 existimaverunt,
636 1712 704 1774 boc
735 1724 805 1790 est,
834 1724 872 1775 nt
903 1731 1143 1796 quaecumque
1174 1711 1317 1775 nomina
1340 1709 1596 1774 ablativocasta

131 1810 261 1872 numeri
282 1811 468 1895 singularis
490 1813 541 1876 ·E·
565 1812 680 1876 littera
704 1827 865 1899 correpta
888 1813 1129 1890 terminantur,
1152 1815 1237 1878 baec
1260 1835 1305 1876 ex
1328 1812 1453 1876 codem
1475 1830 1597 1896 supra-

131 1908 217 1974 dicto
237 1931 321 1976 casu
337 1913 482 1977 eandem
501 1915 552 1978 ·E·
571 1916 721 1980 litteram
736 1916 899 1980 omittant
913 1915 967 1978 vel
982 1917 1019 1978 in
1043 1915 1079 1978 ·l·
1095 1928 1308 1989 convertant,
1333 1928 1367 1978 et
1382 1911 1477 1977 ·UM·
1494 1911 1598 1993 sylla-

129 2009 200 2074 bam
229 2015 422 2100 accipiant,
444 2029 483 2080 ut
505 2018 706 2100 genetivum
723 2037 844 2082 casum
855 2018 993 2081 numeri
1014 2017 1159 2103 pluralis
1182 2017 1348 2092 alliciant,
1369 2027 1523 2101 utputa:
1548 2011 1598 2078 ab

131 2113 202 2178 boc
225 2115 398 2202 lepore,
428 2120 578 2182 borum
600 2119 814 2205 leporum,
837 2131 872 2182 et
894 2118 943 2182 ab
967 2121 1042 2183 bac
1065 2131 1202 2196 turre,
1226 2121 1371 2182 barum
1396 2117 1597 2180 turrium.

205 2219 280 2282 318.
305 2217 375 2284 Sed
398 2221 538 2304 quando
561 2221 653 2286 idem
677 2219 847 2286 ablativus
868 2215 911 2305 53)
941 2242 1039 2286 casus
1061 2221 1199 2284 numeri
1222 2220 1405 2304 singularis
1429 2218 1481 2281 ·E·
1504 2217 1598 2280 litte-

131 2337 195 2382 ram
218 2309 359 2386 omittat
373 2313 433 2404 ⁵⁴),
462 2337 496 2388 et
524 2324 667 2410 quande
694 2322 840 2388 eandem
857 2313 900 2406 ⁵⁵)
925 2323 976 2386 ·E·
997 2315 1050 2408 ⁵⁶).
1064 2323 1213 2387 litteram
1237 2323 1273 2385 in
1297 2323 1335 2384 ·l·
1360 2333 1540 2386 convertat
1554 2311 1707 2402 ⁵⁷)tr.2.2.

132 2419 190 2484 boc
204 2411 250 2504 ⁵¹)
274 2423 391 2486 dicere
412 2424 601 2490 noluerunt
616 2419 677 2507 59),
700 2437 735 2488 et
757 2425 836 2490 idco
859 2437 897 2490 ut
919 2445 1024 2511 supra
1047 2425 1199 2488 diximus
1222 2422 1355 2486 vanum·
1373 2435 1599 2509 praeceptum

132 2525 325 2608 supradicto
348 2527 443 2590 casui
466 2526 655 2592 instituisse
677 2546 750 2592 aton
773 2526 1029 2592 intellexerunt.
1054 2527 1171 2610 Quare
1195 2529 1262 2589 boo
1286 2545 1479 2600 monemus,
1503 2525 1600 2607 quod

133 2628 322 2706 genetivum
347 2647 464 2692 casum
478 2622 522 2713 61’)
547 2629 682 2692 numeri
706 2628 839 2693 scilicet
861 2627 1017 2715 pluralis,
1041 2630 1102 2714 qui
1125 2627 1167 2691 ab
1186 2621 1229 2709 ὓ’)
1253 2626 1405 2690 ablativo
1428 2645 1510 2690 casu
1533 2645 1597 2687 nu-

132 2729 209 2790 meri
237 2726 443 2812 singularis,
474 2731 536 2815 qui
553 2723 596 2812 ῦ’)
626 2731 678 2794 Ἐ·
700 2731 815 2794 littera
838 2744 998 2816 correpta
1020 2732 1236 2805 terminatur,
1265 2729 1385 2792 venire
1409 2728 1596 2813 reperitur,

134 2828 265 2910 wando
290 2829 385 2894 ·Uttt·
408 2831 635 2919 litteris-post
658 2841 924 2908 consonantem,
949 2845 982 2896 et
1005 2833 1144 2916 quando
1169 2831 1281 2896 ·1Uttt·
1304 2831 1428 2894 litteris
1446 2825 1489 2911 Ρ)
1513 2849 1597 2894 con-

134 2927 285 2994 cludatur
301 2921 358 3012 ⁶³),
382 2933 536 2998 insonis
559 2946 799 3020 competenter
820 2947 966 3000 tractare
990 2933 1192 2998 debeamus.

208 3035 285 3100 tte.
316 3033 404 3098 ltem
431 3037 468 3102 iu
498 3037 705 3122 supradictis
731 3036 917 3120 generibus
948 3039 1016 3099 boc
1043 3055 1240 3108 monemus,
1271 3032 1366 3118 quod
1388 3033 1457 3095 sint
1479 3031 1596 3116 aliqua

135 3135 283 3207 nomina,
312 3157 401 3220 quae
429 3139 627 3202 accusativo
657 3159 741 3203 casu
771 3139 909 3202 numeri
942 3136 1126 3221 singularis
1162 3138 1197 3198 in
1228 3155 1299 3198 uno
1331 3132 1502 3198 vocabulo
1533 3153 1595 3196 suc
1685 3159 1687 3168 ¹

135 3231 260 3300 dnobus
283 3238 337 3300 bis
361 3240 455 3303 sonis
478 3242 697 3327 reperiantur
711 3240 857 3314 deliniri,
881 3239 916 3302 id
940 3252 1001 3312 est,
1027 3237 1118 3302 ·EM·
1142 3251 1176 3301 et
1199 3236 1289 3312 ·lM·,
1312 3249 1349 3299 ut
1363 3247 1463 3322 puta:
1488 3237 1597 3296 bauo

135 3355 311 3422 puppem
335 3352 369 3404 et
391 3341 501 3406 hanc
522 3343 701 3430 puppim
715 3333 770 3421 Ρ).
794 3340 863 3404 Sed
879 3333 922 3422 ⁶¹³)
947 3353 988 3404 ct
1003 3343 1089 3404 liaeo
1112 3341 1254 3402 nomina
1279 3360 1348 3424 qua
1364 3338 1412 3426 5¹⁰
1436 3356 1538 3400 causa
1562 3338 1596 3398 in

135 3440 327 3522 supradicto
351 3463 432 3508 casu
454 3465 501 3508 ex
522 3458 669 3530 utraque
692 3443 803 3508 lorma
824 3443 994 3528 permissa
1015 3443 1084 3507 sint
1107 3440 1292 3518 declinari,
1324 3441 1360 3504 in
1382 3439 1476 3504 sonis
1500 3459 1597 3503 oom-

135 3553 284 3622 peteuter
306 3543 530 3610 tractabimus
545 3539 598 3628 ΓΓ).

209 3643 263 3708 Dc
292 3644 442 3710 ablativo
473 3667 573 3724 casu,
603 3651 664 3733 qui
693 3647 744 3712 ·E·
766 3637 815 3732 σε)
839 3646 955 3712 littera
985 3657 1145 3731 correpta
1174 3644 1397 3720 terminatur,
1427 3656 1596 3729 quantum

137 3745 216 3808 ratio
237 3746 404 3832 poscebat
425 3751 658 3816 tractavimus.

211 3851 283 3914 320.
312 3849 378 3914 DE
406 3850 457 3916 ·l·.
482 3851 518 3914 ·l·
547 3852 662 3915 littera
684 3863 817 3914 tantum
841 3849 1009 3914 ablativus
1039 3869 1137 3914 casus
1160 3849 1295 3912 numeri
1320 3847 1511 3932 singularis.
1527 3860 1596 3911 ter·
1656 3913 1659 3920 Δ

137 3948 275 4013 minatus
297 3970 426 4035 genera
453 3955 539 4016 baec
560 3947 605 4035 69)
637 3965 803 4038 quattuor
826 3953 980 4016 continet
1002 3962 1153 4016 tantum:
1187 3950 1434 4024 masculinum,
1459 3947 1597 4012 lemini-

137 4067 230 4128 nnm,
251 4065 412 4117 neutrum
437 4058 499 4138 7“),
524 4073 638 4119 omne.

176 4237 209 4308 “)
233 4236 287 4302 fini,
306 4239 376 4292 crini
395 4239 427 4293 B.
447 4241 483 4296 V.
502 4273 539 4284 -
557 4241 642 4302 crini,
662 4239 710 4292 lini
727 4239 764 4294 A.
785 4251 811 4292 at
829 4244 926 4292 unum
941 4258 1006 4291 ntoae
1022 4241 1107 4306 infra.
1133 4239 1169 4304 ⁴⁷)
1188 4237 1245 4290 siut
1263 4237 1295 4290 Β.
1316 4235 1351 4289 V.
1370 4258 1406 4284 =
1424 4235 1462 4288 A.
1488 4234 1523 4301 6’)
1543 4241 1597 4286 tra-

234 4324 369 4379 ctabimus
397 4329 433 4382 V.
452 4329 489 4383 A.
517 4361 552 4370 -
577 4329 751 4382 tractavimus
775 4328 808 4381 B.
837 4328 874 4398 ⁴⁹)
900 4323 1102 4380 concludantur
1126 4328 1158 4381 B.
1181 4327 1216 4378 V.
1234 4327 1264 4378 P.
1284 4353 1316 4366 -
1337 4319 1541 4377 concluduntur
1560 4321 1596 4374 A.

234 4415 270 4487 ⁵⁰)
289 4425 353 4487 post
372 4417 404 4469 Β.
425 4418 503 4472 V.P.
522 4447 560 4460 ι·
574 4427 638 4470 ante
656 4417 692 4470 A.
713 4419 751 4486 5·)
765 4412 859 4466 burum
878 4410 987 4466 sedium
1005 4415 1042 4468 A.
1061 4447 1095 4456 -
1114 4411 1209 4466 barain
1227 4410 1336 4465 aedium
1353 4411 1386 4465 Β.
1407 4411 1444 4466 V.
1465 4410 1504 4482 ⁵¹)
1516 4405 1597 4480 vulgo

235 4503 265 4556 Β.
284 4503 322 4558 A.
341 4533 378 4545 -
395 4503 475 4574 volgo
496 4507 530 4560 V.
556 4507 591 4574 ⁵¹)
611 4501 746 4558 ablativus
764 4504 797 4556 B.
818 4503 854 4556 V.
873 4503 910 4556 A.
930 4533 965 4544 -·-
984 4499 1094 4556 ablativi
1112 4503 1145 4556 P.
1171 4503 1210 4573 ⁵⁴)
1231 4500 1340 4552 omittat
1357 4500 1390 4552 Β.
1406 4498 1442 4553 V.
1462 4525 1497 4538 -
1515 4495 1596 4548 omit·

236 4599 293 4646 tant
311 4596 346 4646 A.
367 4594 402 4660 θ’)
423 4591 539 4646 eandem
557 4593 587 4646 Β.
601 4594 637 4647 V.
656 4625 691 4634 ·-
710 4590 833 4644 canadam
850 4591 886 4644 A.
908 4593 944 4661 5ιί)
966 4589 1007 4642 ·Ε·
1027 4591 1058 4644 Β.
1080 4591 1114 4644 V.
1135 4589 1167 4643 P.
1186 4617 1221 4630 ·-
1241 4587 1270 4638 ·1·
1289 4585 1326 4639 A.
1347 4586 1382 4655 ⁵⁷)
1398 4590 1540 4638 convertat
1558 4583 1595 4638 V.

234 4681 267 4732 A.
287 4709 320 4722 -
340 4690 501 4736 convertant
519 4683 550 4734 Β.
567 4681 596 4734 Ρ.
619 4681 654 4748 ⁵⁸)
672 4677 727 4733 boc
746 4681 777 4734 tt.
796 4681 831 4734 V.
843 4681 873 4732 P.
893 4701 928 4732 =
947 4679 982 4732 A
1009 4680 1047 4748 ⁵⁹)
1068 4674 1215 4729 noluerunt
1241 4675 1272 4727 Β.
1293 4674 1328 4726 V.
1349 4673 1379 4724 P.
1399 4701 1432 4712 -
1451 4667 1596 4722 valuernut

235 4770 268 4821 A.
288 4770 328 4838 ⁸⁰)
348 4769 498 4838 genitivum
524 4786 615 4821 usum
634 4767 665 4823 Βῖ
686 4769 747 4839 (aad
765 4767 946 4838 genitivuaam)
971 4766 1006 4817 A.
1029 4797 1060 4806 -
1081 4764 1216 4836 genitivus
1244 4777 1322 4812 ocsus
1341 4760 1369 4812 A
1396 4760 1436 4829 ⁸¹)
1454 4754 1493 4808 ab
1507 4758 1540 4810 tt.
1560 4778 1596 4807 =

237 4857 271 4910 V.
290 4858 326 4910 A.
345 4859 384 4927 ⁶²)
404 4857 450 4929 qui
471 4857 502 4910 B.
522 4879 558 4906 =
577 4859 612 4912 V.
623 4858 658 4910 A.
686 4858 724 4929 ⁸³)
745 4864 773 4908 et
792 4851 901 4928 quaudo
922 4852 1012 4908 ·IUM·
1032 4850 1132 4904 litteris
1151 4853 1182 4904 Β.
1204 4851 1239 4902 V.
1260 4849 1290 4901 P.
1310 4869 1346 4896 =
1363 4845 1399 4899 A.
1426 4847 1461 4913 ⁸⁴)
1482 4841 1596 4897 conclu·
1636 4869 1641 4880 ·

185 4952 190 4961 ‘
234 4941 311 4996 datur
335 4945 366 4998 Β.
388 4945 423 5000 V.
452 4945 484 4998 P.
506 4977 536 4984 -
564 4943 765 4998 concludantur
782 4945 819 4998 A.
846 4946 883 5015 05)
903 4939 973 4992 launo
1000 4957 1121 5010 puppam
1141 4947 1169 4991 ct
1186 4935 1256 4988 banc
1285 4935 1400 5006 proppius
1419 4936 1453 4989 Β.
1473 4965 1507 4976 -
1525 4929 1596 4984 banc

236 5033 346 5103 puppim
367 5040 395 5084 ct
414 5027 484 5084 banc
503 5049 624 5102 puppem
644 5033 680 5086 V.
701 5032 736 5086 A.
758 5035 804 5100 (ε
822 5037 869 5099 et).
890 5033 927 5102 ⁶¹⁵)
948 5038 974 5081 ct
994 5029 1026 5081 Β.
1038 5029 1072 5081 V.
1092 5051 1129 5077 =
1147 5026 1183 5080 A.
1203 5026 1239 5092 σς)
1260 5021 1437 5077 tractabimus
1458 5023 1492 5074 V.
1514 5023 1550 5074 A.
1563 5053 1596 5061 -—

236 5120 407 5174 tractavimus
426 5121 461 5174 A.
481 5119 517 5184 ὁ’)
538 5119 579 5172 ·E·
599 5121 632 5174 Β.
654 5121 688 5172 V.
709 5122 752 5176 A..
766 5149 801 5164 ι·
821 5119 864 5172 ·0·
887 5120 915 5172 Ρ.
944 5113 1066 5186 6ςὶ)1ιιυ.·ο
1085 5117 1116 5170 B.
1139 5117 1175 5170 V.
1194 5117 1230 5168 A.
1250 5119 1285 5166 :·'a
1305 5113 1335 5166 P.
1362 5115 1399 5184 ⁷⁰)
1419 5119 1545 5164 ncutsunt
1563 5111 1596 5162 Β.

239 5207 271 5258 V.
280 5209 316 5262 A.
335 5223 370 5250 -·-
389 5217 677 5290 usutrurspcnsuuas
696 5209 726 5260 Ρ.
