4042 6070
377 512 425 581 72
832 485 875 564 ii.
894 493 1072 564 cnsnol
1103 501 1399 561 secerneris

465 655 560 740 Ergo
582 657 610 719 si
624 675 688 719 nos
708 653 753 718 ad
772 655 943 718 eiusmodi
959 666 1165 717 structuram
1182 631 1301 738 aliqua
1316 652 1503 718 necessitas
1522 649 1694 727 detulerit,
1716 657 1851 738 poteri-

380 781 455 824 mus
478 757 769 844 reprehendentes
795 749 835 840 ’6)
866 757 1131 842 inperitissimos
1155 754 1405 840 comprobare,
1428 755 1606 820 sinosmet
1618 767 1778 820 nostrum
1795 759 1850 822 of-

379 864 496 926 ficium
520 861 714 938 fecerimus,
739 861 967 946 corripientes
997 858 1144 942 syllabas
1165 857 1298 936 breves,
1321 856 1445 944 longas
1468 857 1712 944 producentes,
1734 872 1774 923 ut
1797 873 1849 926 est

378 1001 419 1012 -
438 983 567 1027 causa
589 961 893 1027 laboro-·SA·
906 963 1149 1050 producentes,
1169 973 1423 1048 et-capsas
1443 961 1848 1037 admisero;—·ShS·

378 1067 619 1152 producentes.

464 1168 592 1230 inistis
607 1169 699 1231 enim
708 1167 948 1232 tantummodo
962 1167 1113 1250 syllabis,
1129 1168 1158 1232 si
1175 1178 1354 1251 correptae
1368 1164 1505 1244 fuerint,
1521 1166 1587 1230 erit
1601 1165 1849 1245 barbarismus,

378 1290 450 1334 non
470 1271 507 1332 in
530 1282 602 1334 tota
627 1272 869 1355 conpositione
891 1284 1100 1346 structurae,
1123 1269 1160 1334 id
1178 1281 1229 1332 est
1243 1303 1287 1320 -··
1301 1289 1447 1353 capsas
1464 1267 1737 1334 admisero-
1758 1291 1850 1357 quo-

379 1373 473 1435 niam
492 1370 725 1436 barbarismus
746 1393 816 1437 una
835 1385 936 1459 parte
959 1373 1127 1438 orationis
1147 1373 1201 1448 fit,
1224 1369 1384 1456 pluribus
1403 1391 1593 1455 nunquam.
1620 1372 1711 1436 Nam
1735 1374 1764 1436 si
1780 1376 1851 1438 hoc

380 1473 428 1536 ita
449 1486 554 1549 esset,
577 1493 648 1537 non
672 1475 709 1537 in
731 1487 864 1541 tantum
888 1477 1047 1540 doctrina
1068 1474 1239 1550 latuisset,
1271 1486 1310 1538 ut
1324 1493 1400 1537 eam
1419 1473 1554 1538 Tullius
1577 1475 1770 1559 ignoraret3
1792 1477 1850 1539 vel

380 1587 513 1638 tantum
535 1577 715 1660 potuisset,
738 1590 835 1640 ntea
855 1589 935 1663 post
958 1577 1067 1652 illum,
1092 1590 1124 1639 et
1141 1575 1268 1640 multos
1285 1587 1365 1638 ante
1387 1575 1474 1640 alios
1487 1578 1615 1640 nostris
1632 1577 1851 1662 temporibus

379 1689 597 1753 nosceretur;
628 1699 776 1762 quorum
795 1679 901 1742 velim
920 1679 1103 1744 obscuram
1122 1679 1286 1766 peritiam
1302 1677 1455 1744 devitare
1472 1677 1613 1742 illorum
1632 1678 1852 1744 nobilissima

380 1779 599 1864 neglegentia
615 1773 653 1864 ’6)
674 1781 866 1846 decoratus.

291 1900 366 1962 (340.)
468 1881 967 1968 190.Nun01giturquoniam
989 1882 1171 1947 docuimus
1192 1885 1289 1958 haec,
1313 1901 1402 1968 quae
1418 1901 1438 1946 a
1453 1881 1555 1947 nobis
1579 1881 1780 1946 stultissime
1795 1903 1852 1947 re-

382 1982 655 2066 prehenduntur,
677 1985 916 2050 indifferenter
937 1985 1149 2072 aptioribus
1166 1987 1280 2110 posita
1297 1977 1347 2069 ’6),
1377 1997 1565 2050 structuras
1579 1984 1682 2050 nobis
1699 1986 1850 2050 delecta-

381 2081 469 2148 biles
492 2103 953 2170 componamus..

464 2186 743 2271 Amphihrachys
762 2201 795 2252 et
814 2189 985 2254 molossus
1006 2227 1049 2243 -
1070 2189 1259 2278 probare
1282 2188 1477 2258 deheres.

465 2285 742 2372 Amphihreohys
758 2304 792 2354 et
805 2290 970 2356 bacchius
984 2292 1123 2376 alonge
1143 2293 1356 2356 -dolore
1379 2291 1548 2356 derisus
1567 2291 1617 2375 ¹⁷).

465 2389 680 2474 Anapaestus
696 2406 731 2456 et
746 2413 860 2478 paeon
877 2395 999 2458 tertius
1012 2429 1057 2444 -·
1079 2393 1094 2455 f
1098 2395 1179 2457 ieri
1201 2396 1426 2480 potuisset.

468 2489 682 2575 Anapaestus
701 2507 734 2556 ot
747 2495 883 2558 ionicus
899 2496 1068 2558 minor-
1084 2495 1281 2560 modicos
1305 2496 1548 2559 coluerunt.

467 2590 686 2677 Autispastus
703 2608 738 2658 et
752 2596 924 2660 molossus
940 2631 985 2647 -
1000 2598 1259 2661 coheredem
1283 2598 1495 2662 detraxit.

468 2692 736 2778 Amphimacrus
751 2710 786 2760 et
800 2699 941 2784 hippius
960 2698 1131 2763 secundus
1148 2685 1189 2746 -ss
1205 2702 1369 2785 optime
1391 2697 1605 2783 navigavi.

468 2795 639 2860 Bacchius
654 2818 674 2860 a
689 2798 988 2883 longogeminatns
1008 2800 1264 2866 -detrudit
1285 2801 1501 2868 heredem.

469 2899 639 2964 Bacchius
657 2912 691 2963 et
706 2901 877 2965 molossus
898 2939 941 2953 -
957 2915 1135 2966 cantare
1158 2903 1363 2968 fecerunt.

470 3003 640 3066 bacchius
655 3023 675 3065 a
690 3001 788 3066 brevi
807 3017 840 3066 et
857 3006 997 3090 hippius
1014 3005 1184 3071 secundus
1197 3043 1242 3059 -
1255 3007 1428 3072 dolores
1444 3004 1705 3078 detulerunt.

473 3104 705 3169 Choriambus
721 3120 753 3169 et
768 3107 908 3192 hippius
923 3109 1057 3193 primus
1079 3145 1122 3158 -
1144 3099 1418 3174 condidimus
1441 3109 1677 3194 sepultura.

373 3259 377 3268 .
471 3204 660 3283 '‘Chorius,
683 3207 720 3271 id
741 3219 802 3284 est,
826 3211 1007 3274 trochaeus
1024 3224 1058 3275 et
1078 3211 1242 3276 bacchius
1257 3232 1277 3276 a
1294 3213 1454 3297 longa-
1467 3231 1557 3276 esse
1581 3211 1809 3275 delectum.

474 3308 624 3373 Chorius
638 3297 678 3372 'ct
698 3329 812 3394 paeon
833 3313 952 3376 tertius
975 3312 1103 3376 facient
1122 3313 1217 3378 illam
1238 3327 1464 3392 structuram,
1500 3313 1618 3378 Tullio
1640 3311 1853 3399 peculiarem

470 3447 512 3458 -
535 3431 625 3476 esse
654 3410 862 3478 videatur.

469 3513 637 3595 Dactylus
654 3525 688 3575 et
706 3513 925 3580 ditrochaeus
949 3519 1259 3606 -hospitibus
1282 3532 1539 3604 temperare.

469 3613 636 3696 Dactylus
651 3627 687 3679 et
702 3617 838 3682 ionicus
856 3621 971 3683 minor
989 3659 1032 3670 —
1053 3621 1196 3685 omnia
1218 3620 1491 3705 placuerunt.

470 3716 701 3782 Ditrochaeus
716 3732 750 3783 et
763 3719 928 3784 bacchius
946 3743 966 3784 a
982 3721 1146 3806 longa-
1167 3722 1625 3785 vindicatureleotus.

469 3817 637 3900 Dactylus
655 3834 688 3883 et
706 3840 819 3906 paeon
840 3815 879 3904 ¹⁸)
900 3825 1019 3887 tertius
1034 3861 1078 3874 —
1093 3825 1259 3887 curiam
1279 3827 1317 3904 ¹⁹)
1342 3843 1569 3888 renovare.

472 3919 688 3999 Dactyluset
706 3923 977 4008 dispondeus-
999 3925 1472 4011 lumina-deponebant.

472 4020 642 4104 Epitritus
666 4037 808 4109 quartus
825 4038 859 4088 et
872 4024 1035 4091 bacchius
1051 4047 1071 4090 a
1087 4028 1247 4110 longa—
1263 4026 1312 4090 de
1330 4027 1518 4091 ducente
1542 4027 1682 4090 subdu
1693 4026 1751 4088 cit
1762 4024 1857 4103 ·).-

471 4119 641 4204 Epitritus
656 4139 797 4210 quartus
812 4139 846 4189 et
861 4129 1031 4193 molossus
1055 4167 1096 4176 -
1111 4131 1184 4214 inp
1195 4128 1355 4191 ellente
1378 4130 1594 4192 devinxit.

472 4221 643 4305 Epitritus
662 4239 695 4289 et
710 4226 915 4314 dispondius
936 4268 980 4280 -
1001 4243 1282 4296 contemnere
1304 4230 1576 4318 persuadent.

472 4322 642 4407 Epitritus
659 4329 779 4394 tertius
795 4343 828 4394 et
843 4331 1061 4398 ditrochaeus
1077 4371 1122 4384 -
1139 4333 1329 4418 piratico
1353 4332 1596 4397 liberasset.

472 4425 622 4512 Hippius
645 4432 776 4509 tertius,
799 4432 835 4497 id
859 4437 937 4498 est¹
941 4439 987 4517 6),
1015 4439 1122 4502 tertius
1144 4435 1313 4578 epitritus,
1331 4449 1365 4500 et
1386 4436 1527 4522 hippius
1547 4435 1743 4520 primus-
1758 4451 1857 4518 pro-

470 4529 619 4596 vincia
641 4533 905 4598 recedentis.

425 4740 459 4806 ¹⁴)
484 4745 718 4816 reprehendentes
745 4777 780 4792 -
799 4745 1050 4822 repraehendentes
1070 4751 1138 4806 cod.
1165 4753 1198 4825 ¹⁵)
1221 4783 1257 4796 -
1279 4749 1452 4824 neglegentis
1475 4758 1514 4807 stc
1547 4753 1614 4807 cod.
1647 4752 1681 4823 ¹⁶)
1708 4749 1801 4821 posita
1818 4779 1858 4790 -

494 4835 597 4900 positus
616 4838 682 4889 Cod.
706 4842 739 4908 ¹⁷)
760 4837 866 4892 derisus
882 4841 950 4893 cod.
967 4859 1001 4894 ex
1018 4859 1068 4894 em·
1095 4860 1136 4910 pr.
1164 4859 1236 4894 mun.
1256 4842 1363 4897 desitus
1381 4845 1448 4897 Cod.
1463 4863 1531 4913 apr.
1542 4861 1576 4894 m.
1598 4841 1859 4912 ¹¹)pucon-peon

497 4919 563 4971 Cod.
574 4920 600 4970 h.
613 4925 631 4974 l.
653 4925 688 4994 ¹⁹)
699 4926 800 4978 curiam
810 4957 844 4969 -
855 4923 1044 4980 choriambum
1060 4927 1128 4982 Cod.
1140 4927 1299 4998 sphuhuate.
1321 4932 1356 5002 ¹⁰)
1372 4929 1402 4983 id
1419 4937 1463 4982 eet
1472 4953 1509 4972 -ι-
1524 4927 1553 4982 id
1569 4947 1598 4982 es
1611 4929 1677 4982 Cod.

426 5009 453 5066 e)
472 5003 634 5057 Deducente
651 5008 791 5074 subducit,
807 5014 845 5066 its
862 5013 1009 5085 legendum
1024 5033 1075 5088 pro
1091 5031 1124 5068 eo
1142 5013 1218 5087 quod
1233 5014 1303 5070 Cod.
1318 5015 1403 5071 hebet
1421 5015 1535 5070 ducenti
1552 5014 1691 5069 subducit.
1709 5011 1860 5067 bobiensis

496 5101 569 5144 certe
581 5091 785 5149 Cstltolieorum
801 5099 886 5154 Probi
902 5103 998 5157 Codex
1021 5103 1124 5158 diserte
1144 5101 1229 5155 hehet
1244 5101 1395 5160 deducente
1417 5102 1587 5168 subducunt,
1605 5121 1670 5167 non,
1686 5100 1864 5155 deducentur

495 5175 637 5232 abducunt
670 5191 701 5235 nt
731 5183 789 5238 vult
820 5186 1041 5255 Lindemannus,
1076 5211 1156 5264 quem
1182 5190 1330 5248 lectionem
1358 5212 1417 5248 esse
1445 5194 1616 5250 verissimam
1641 5211 1691 5265 per
1714 5208 1743 5246 se
1770 5199 1862 5262 petet.
