4050 6064
431 483 659 540 APPENDIX
682 479 737 540 A'D
763 482 898 540 Puoul
922 483 1073 540 turum
1090 481 1311 540 MINOREM.
1539 491 1608 560 440

229 635 275 700 73.
298 632 394 696 luter
414 631 521 696 velit
543 644 577 697 et
598 631 727 696 vellit
747 634 816 698 hoc
839 633 999 710 interest,
1032 631 1128 718 quod
1149 629 1257 698 velit
1278 629 1453 696 volentem
1476 629 1607 718 'siguifi-

157 745 215 811 ect3
235 735 362 798 vellit
383 745 498 797 autem
523 736 612 799 eruit
634 735 857 800 demonstrat.

228 841 278 904 74.
306 837 402 900 luter
428 839 651 902 honestum
679 851 714 902 et
740 851 941 902 onustum
970 839 1039 902 hoo
1068 836 1226 912 interest,
1256 834 1351 920 quod
1378 838 1607 902 honestum

154 937 293 1004 nobilem
318 941 493 1024 designat,
517 953 716 1004 onustum
740 961 822 1005 vero
846 961 934 1014 onus
957 939 1125 1002 ferentem
1147 939 1372 1004 demonstrat.

229 1047 278 1108 75.
302 1042 397 1106 luter
418 1043 642 1129 nympham
666 1054 699 1106 et
721 1041 975 1128 lympham²)
997 1042 1064 1104 hoc
1087 1041 1246 1116 interest,
1270 1041 1366 1126 quod
1387 1043 1609 1128 nympham

154 1141 252 1208 Deam
273 1143 462 1228 significan
486 1145 696 1230 lympham
720 1156 834 1208 autem
857 1164 980 1230 aquam
1006 1164 1078 1206 esse
1101 1144 1325 1207 demonstrat.

227 1241 277 1312 70.
308 1247 403 1310 luter
431 1265 578 1330 agmen
607 1258 641 1310 et
663 1265 821 1312 amnem
843 1247 912 1310 hoc
934 1247 1094 1321 interest,
1123 1245 1217 1329 quod
1246 1263 1395 1329 agmen
1418 1245 1611 1311 multitudi-

154 1366 223 1412 nem
251 1347 494 1414 universaliter
514 1341 543 1430 ³)
570 1369 644 1420 esse
674 1349 906 1426 demonstran
936 1360 971 1414 at
992 1367 1075 1412 vero
1098 1367 1261 1412 amnem
1289 1349 1433 1436 fluvium
1455 1369 1529 1414 esee
1552 1347 1612 1414 de-

154 1449 265 1535 tignat.
1176 1441 1202 1474 ⁵·

230 1557 281 1619 77.
305 1553 401 1617 luter
423 1555 605 1626 animam
629 1565 663 1617 et
684 1555 866 1618 animum
889 1553 1137 1630 hoc-interest,
1167 1555 1263 1638 quod
1284 1556 1423 1620 anima
1449 1555 1524 1618 eine
1547 1552 1614 1618 dif-

157 1651 293 1720 ferentia
324 1676 397 1720 esse
426 1657 657 1743 intellegitur3
687 1657 852 1721 animus
881 1675 965 1720 vero
994 1657 1109 1720 varius
1132 1668 1166 1721 et
1187 1656 1363 1722 mutabilis
1385 1677 1459 1722 cete
1482 1676 1615 1743 coguo-

39 1837 40 1852 ἢ
154 1756 251 1822 scitur
264 1749 307 1842 6).
1426 1773 1433 1780 ·

231 1864 283 1927 78.
313 1861 409 1925 luter
437 1863 563 1948 nigro
593 1875 628 1928 et
653 1863 789 1948 migro
819 1864 888 1928 hoc
917 1861 1076 1936 interest,
1109 1861 1205 1946 quod
1233 1861 1376 1946 nigro,
1406 1863 1475 1926 hoc
1497 1849 1633 1945 est⁶)‚'

39 2009 40 2012 ,
153 1959 313 2046 nigrum
338 1963 427 2026 facio
443 1964 630 2048 significan
652 1967 788 2050 migro
803 1961 834 2046 ⁵)
852 1978 966 2028 autem
981 1964 1051 2027 loci
1064 1963 1336 2028 demutationem
1349 1957 1378 2048 6)
1392 1963 1616 2028 demonstrat.

232 2068 285 2134 79.
310 2065 404 2130 inter
426 2065 705 2151 abrogantem
735 2078 769 2130 et
790 2067 1073 2150 adrogantem
1097 2066 1164 2128 hoc
1187 2065 1347 2141 interest,
1380 2064 1476 2149 quod
1499 2063 1618 2128 abro-

39 2149 40 2164 ’
154 2180 317 2250 gentem
342 2165 417 2232 aliie
441 2169 653 2233 auferentem
676 2169 865 2253 significem
888 2168 1169 2254 adrogantem
1199 2179 1314 2230 autem
1337 2166 1483 2232 multum
1507 2164 1619 2247 nihii)

152 2281 427 2353 praesumentem
449 2284 607 2336 ostentat

232 2375 285 2436 80.
310 2373 406 2436 luter
427 2393 590 2438 serram
613 2385 647 2436 et
669 2394 805 2439 reram
828 2378 895 2440 hoc
918 2375 1079 2450 interest,
1103 2371 1199 2458 quod
1221 2391 1374 2448 serram
1396 2369 1490 2435 unde
1513 2383 1620 2434 mate-

156 2470 219 2538 riee
242 2472 458 2558 praeciditur
480 2473 653 2558 designem
677 2497 771 2540 sera
792 2497 876 2540 vero
893 2478 985 2540 unde
1009 2475 1136 2540 ortium
1151 2486 1283 2538 tutatur
1305 2493 1378 2536 esee
1396 2473 1621 2538 demonstrat.

236 2579 291 2641 81.
316 2575 411 2642 Inter
433 2574 609 2642 forfices
633 2591 666 2642 et
689 2577 880 2662 forcipes
903 2579 971 2641 hoc
993 2576 1152 2653 interest,
1177 2575 1273 2661 quod
1296 2574 1471 2641 forfices
1493 2575 1623 2640 inciso·

155 2674 219 2741 riae
243 2697 319 2742 erse
342 2675 519 2762 designem
542 2677 732 2766 forcipes
754 2699 838 2744 vero
861 2687 999 2744 tenaces
1023 2699 1096 2744 esee
1120 2679 1344 2743 demonstrat.

237 2782 292 2846 82.
316 2777 413 2844 Inter
434 2781 586 2846 annuit
608 2795 643 2846 et
664 2782 817 2847 abnuit
839 2783 907 2846 hoc
930 2782 1091 2858 interest,
1115 2780 1211 2866 quod
1232 2779 1386 2844 annuit

156 2924 1555 2950 ..........................
1579 2879 1624 2960 ό).
1683 2831 1693 2848 '

240 2984 296 3050 88.
318 2983 414 3046 luter
435 3003 614 3067 procum
639 2999 673 3049 et
694 3003 914 3072 procerem
942 2985 1011 3048 hoc
1032 2985 1192 3060 interest,
1223 2981 1319 3067 quod
1340 2999 1514 3066 procum
1536 2980 1626 3064 peti-

156 3095 268 3148 torem
291 3085 491 3170 nuptiarum
513 3085 690 3171 deaiguat3
713 3107 940 3172 procerem
961 3104 1046 3149 vero
1068 3086 1247 3170 principem
1262 3105 1336 3148 esee
1359 3083 1583 3148 demonstrat.

1584 3295 1595 3322 ι

240 3387 295 3452 et.
326 3385 422 3450 lnter
451 3385 643 3450 nobilem
673 3400 708 3453 et
729 3387 919 3452 nobilem
935 3383 964 3471 ⁸)
982 3387 1012 3472 Α)
1035 3391 1103 3453 hoc
1126 3390 1288 3466 interest,
1318 3386 1415 3472 quod
1436 3291 1628 3448 nohilerfr

156 3505 367 3572 generosum
391 3487 579 3571 signifieat,
603 3489 799 3554 nobilem
816 3493 846 3574 9)
869 3503 983 3555 autem
997 3505 1120 3555 notum
1139 3489 1301 3554 omnihus
1316 3509 1390 3553 esee
1404 3486 1628 3553 demonstrat.

242 3591 296 3654 85.
326 3588 423 3654 luter
445 3589 591 3672 Syram
623 3604 656 3655 et
678 3613 817 3655 euram
840 3594 908 3656 hoc
930 3593 1092 3670 interest,
1123 3593 1219 3676 quod
1241 3592 1385 3673 Syram
1412 3589 1526 3675 gentis
1549 3609 1630 3652 suae
1740 3628 1743 3639 ‚

160 3688 329 3754 feminam
352 3691 527 3776 designem
549 3707 689 3756 atvero
712 3715 849 3758 euram
873 3706 1006 3779 partem
1029 3696 1127 3781 pedis
1151 3716 1225 3759 esse
1248 3694 1471 3757 demonstrat.

149 3807 151 3814 “
245 3793 299 3858 86.
329 3792 425 3857 luter
455 3795 616 3880 templa
647 3808 681 3858 et
703 3794 882 3861 delubra
905 3798 972 3860 hoc
994 3798 1152 3873 interest,
1182 3795 1278 3882 quod
1300 3794 1476 3878 templa,
1499 3792 1560 3856 uhi
1583 3794 1630 3856 ri-

158 3893 317 3958 mulacra
339 3895 409 3959 eint
431 3895 607 3980 designem
636 3896 813 3961 delubra
835 3918 918 3962 vero
942 3919 1057 3962 aream
1081 3919 1159 3962 cum
1188 3895 1383 3983 porticibus
1405 3896 1629 3960 demonstrat.

230 3999 300 4062 87.
324 3996 419 4060 luter
442 4017 485 4060 os
509 4009 543 4060 et
565 4017 637 4062 ora
659 4001 728 4062 hoc
749 3999 909 4075 interest,
938 4000 1034 4084 quod
1056 4020 1102 4063 os
1131 4000 1265 4064 vultum
1288 3998 1343 4062 vel
1367 4012 1516 4062 rostrum
1539 3997 1631 4061 desi·

157 4108 264 4182 guat;
288 4116 404 4160 oram
426 4117 509 4162 vero
532 4099 689 4162 ultimam
712 4113 846 4187 partem
869 4091 1140 4187 uniuscuiusque
1163 4102 1310 4166 reicere
1333 4100 1555 4180 demonstrat.

244 4201 298 4264 88.
323 4197 418 4264 luter
440 4220 543 4264 eune
568 4215 601 4266 et
624 4223 695 4266 sue
718 4204 785 4267 hoc
807 4205 965 4282 interest,
996 4204 1091 4290 quod
1114 4223 1210 4268 suut
1237 4222 1434 4290 pronomen
1456 4202 1632 4286 intellegi=
1652 4235 1675 4264 ν

156 4311 232 4376 tur;
256 4320 327 4364 eus
350 4323 433 4366 vero
457 4303 585 4366 animal
609 4325 682 4368 esse
706 4305 928 4390 intellegitur.

242 4405 296 4470 89.
322 4402 418 4468 Inter
440 4417 646 4469 sertorem
670 4418 704 4470 et
731 4409 994 4482 sarcitorem
1023 4409 1090 4472 hoc
1112 4406 1273 4487 interest,
1304 4407 1399 4493 quod
1421 4418 1630 4470 sartorem

1324 4579 1630 4596 --—-·-—

208 4697 233 4763 ¹)
258 4691 399 4766 lympham
415 4725 452 4738 -
468 4693 579 4765 lymfaru
600 4699 666 4751 eod.
678 4711 704 4752 et
721 4703 759 4754 εἰσ
776 4719 841 4753 mox
857 4704 941 4770 infra.
968 4703 990 4771 ⁸)
1009 4697 1200 4754 univeraliter
1217 4729 1252 4741 -
1270 4697 1346 4751 ulter
1363 4697 1426 4768 (rie)
1447 4697 1514 4750 Cod.
1542 4698 1564 4768 ⁴)
1585 4714 1632 4750 co-

269 4783 413 4852 gnoscitur
429 4811 465 4825 ·-
484 4785 662 4851 cognescitur
682 4787 748 4840 eod.
767 4789 791 4859 ⁵)
810 4788 897 4858 migro
919 4819 953 4830 -
970 4787 1056 4842 micro
1077 4788 1145 4841 Cod.
1158 4787 1320 4857 sphalmate.
1340 4782 1633 4853 ‘ydemutationem-

269 4867 459 5012 dflepptaetiozne
480 4870 546 4924 Ccd.
567 4874 590 4943 7)
608 4871 665 4928 tihi
681 4905 718 4918 -
735 4875 787 4930 riri
807 4875 875 4930 dod.
892 4878 916 4947 Ι)
934 4872 1057 4928 nobilem
1074 4905 1111 4917 -
1127 4871 1247 4928 novilenr
1267 4874 1333 4928 cort
1353 4875 1375 4944 9)
1394 4868 1518 4924 nobilem
1535 4901 1569 4914 -
1581 4887 1632 4924 ne-

212 5061 243 5130 u)
267 5060 319 5114 hoc
337 5075 392 5129 ert,-
411 5062 509 5118 malim
528 5062 646 5120 aberret.
666 5069 695 5140 b)
713 5067 825 5123 Dernut
842 5066 912 5121 dune
930 5065 1027 5120 lineae.
1053 5067 1082 5138 c)
1102 5067 1213 5120 Desunt
1231 5062 1389 5138 quindecim
1406 5063 1504 5118 lineae.
1524 5067 1554 5135 d)
1573 5064 1633 5118 Du-

268 5147 333 5219 plex
350 5149 513 5220 significatio
533 5153 656 5208 eiusdem
672 5153 803 5212 vocabuli
821 5152 978 5213 ermoditur
994 5155 1030 5210 cf.
1049 5163 1108 5212 not.
1126 5152 1156 5211 b.
1174 5151 1210 5210 ad
1229 5155 1252 5226 §-
1261 5159 1305 5214 61.

1352 5243 1395 5310 ‘29
