4020 6068
382 571 449 631 m
850 565 1387 622 rranrrrro

381 683 550 772 beret:
593 673 753 763 multa
791 675 1043 764 nobilium
1074 675 1382 792 scriptorum
1424 671 1684 760 volumina
1720 674 1853 794 (reli-

382 811 539 934 quiae
569 833 713 897 erant
740 807 1227 926 Langobardorum)
1267 842 1325 894 er
1355 839 1559 896 carcere
1599 835 1852 927 perpetuo

382 973 430 1035 et
452 946 683 1034 tenebris
703 945 752 1028 in
771 943 935 1030 lucem
960 941 1110 1029 eduxi
1134 966 1182 1028 et
1205 939 1436 1028 advitam
1458 947 1701 1031 revocavi
1731 960 1853 1032 etc.“

384 1086 430 1170 ln
449 1081 666 1200 privilegio
697 1109 798 1166 vero
827 1078 1060 1163 Ssortiae
1091 1081 1195 1162 haec
1223 1077 1375 1163 habes:
1413 1109 1552 1180 „cum
1585 1081 1852 1193 superiori

382 1247 514 1303 anno
538 1219 616 1330 (sc.
641 1217 773 1326 1495,
804 1211 1066 1327 privilegium
1088 1213 1200 1298 enirn
1222 1208 1292 1298 die
1316 1213 1465 1328 quinto
1481 1213 1718 1328 Septemhr.
1740 1245 1851 1301 anno

386 1356 497 1464 1496
516 1346 661 1434 datum
687 1348 770 1460 est)
792 1371 1005 1432 auctore
1030 1344 1329 1432 doctissimo
1354 1344 1612 1461 quondam
1629 1348 1737 1432 viro
1758 1351 1852 1434 Do·

381 1487 521 1570 mino
558 1483 791 1593 Georgio
821 1481 1022 1566 Merula
1055 1478 1413 1566 Alexandrino
1449 1482 1703 1593 Georgius
1735 1483 1852 1568 Gal-

380 1619 578 1722 biatus,
615 1617 719 1700 eius
748 1616 1097 1717 amanuensis,
1137 1615 1401 1698 invenerit
1429 1638 1585 1730 atque
1617 1646 1672 1701 ex
1702 1645 1851 1731 squa-

380 1753 488 1840 lore
512 1775 562 1837 et
584 1751 687 1837 situ
717 1751 907 1834 eruerit
930 1779 1012 1834 sex
1033 1770 1307 1834 annotatos
1334 1749 1468 1834 inira
1496 1752 1850 1861 grammaticos

380 1887 454 2007 (sc.
479 1885 842 1970 Terentianum
871 1879 931 1968 de
959 1883 1132 1966 metris
1167 1905 1216 1966 et
1246 1882 1463 1994 syllabis
1497 1885 1706 1969 Horatii
1740 1885 1848 2004 (sic),

380 2005 812 2107 Fortunatianum
835 2013 896 2101 de
918 2015 1471 2123 carminibusHoratii,
1502 2019 1708 2104 Velium
1725 2020 1850 2108 Lon-

380 2185 493 2267 gum
517 2152 577 2238 de
599 2151 986 2266 orthographia,
1015 2147 1378 2236 Adamantium
1402 2147 1463 2238 de
1486 2154 1849 2268 orthographia

380 2287 627 2374 catholica
657 2287 836 2388 Probi,
870 2284 1103 2369 Cornelii
1132 2285 1414 2371 Frontonis
1446 2285 1750 2400 elegantias)
1779 2309 1850 2368 at-

379 2453 482 2538 que
512 2449 596 2504 eos
620 2421 671 2501 in
692 2419 958 2535 praesenti
976 2419 1023 2502 in
1044 2447 1360 2502 communem
1381 2415 1728 2503 studiosorum
1758 2417 1848 2502 uti-

378 2553 577 2640 litatem
599 2548 1168 2667 tradere]impressurae
1188 2551 1436 2634 statuerit
1457 2583 1514 2636 ex
1534 2550 1727 2638 litteris
1745 2551 1848 2636 lon-

297 2725 303 2740 ·
379 2683 627 2802 gohardis
657 2685 708 2770 in
738 2685 966 2770 usitatos
998 2709 1278 2770 caracteres
1306 2711 1629 2772 suamanuet
1651 2684 1848 2798 vigiliis

380 2821 728 2934 transcriptos
757 2828 864 2904 etc.“
912 2819 978 2904 De
1016 2849 1088 2903 ser
1115 2820 1179 2906 his
1212 2819 1420 2933 opusculis
1453 2821 1729 2932 grammaticis
1759 2820 1847 2906 sola

343 3021 348 3028 .
379 2953 533 3040 Probi
555 2952 812 3038 catholica
833 2953 942 3067 typis
961 2950 1200 3040 Udalrici
1221 2951 1582 3039 Scinzenzeler
1603 2986 1626 3039 a
1647 2953 1846 3041 Galbiato

380 3086 493 3173 edita
511 3111 620 3172 sunt.
641 3083 917 3202 Reliquorum
928 3085 1157 3200 publicatio
1169 3083 1411 3202 praepedita
1422 3084 1586 3174 videtur
1605 3088 1847 3174 morteMe·

379 3221 525 3308 rulae
549 3245 590 3306 et
610 3221 684 3340 Io.
704 3219 1023 3323 Placentini,
1045 3251 1227 3336 quorum
1248 3251 1331 3334 ope
1348 3216 1583 3333 indiguerat
1610 3221 1846 3325 Galbiatus,

378 3355 610 3470 sioutpatet
631 3385 653 3438 e
674 3353 940 3468 praelationis
961 3351 1065 3438 fine:
1087 3351 1265 3463 „Quod
1284 3384 1399 3438 vero
1424 3355 1570 3440 nohis
1590 3354 1847 3469 superluit

378 3485 674 3602 diligentia
716 3510 765 3572 et
793 3489 897 3573 acri
927 3484 1139 3574 iudicio
1164 3488 1426 3573 Merulae:
1454 3509 1504 3572 et
1526 3518 1663 3574 nunc
1686 3501 1847 3602 nuper

377 3621 590 3710 Ioannis
621 3621 911 3707 Placentini
933 3620 1376 3736 peremendatum
1403 3623 1679 3735 accipies.“
1719 3623 1844 3704 Anno

382 3763 492 3870 1509
517 3754 691 3840 demum
716 3755 867 3836 lanus
887 3755 1183 3874 Parrhasius
1205 3756 1404 3840 catholica
1426 3753 1582 3838 Probi
1603 3754 1727 3839 simul
1749 3785 1844 3840 cum

375 4020 478 4105 lani
503 4025 612 4116 1504
633 4019 741 4133 typis
764 4019 1156 4105 Scinzenzelerianis
1174 4018 1380 4139 ediderat)
1394 4053 1576 4137 cumque
1597 4021 1843 4109 Cornelio

376 4155 638 4239 Frontone
663 4175 704 4236 et
724 4153 888 4238 Phoca
910 4154 1124 4239 Veicetiae
1138 4157 1247 4271 typis
1263 4156 1433 4241 Henrici
1447 4179 1488 4240 et
1505 4158 1564 4241 lo.
1584 4155 1741 4240 Mariae
1755 4155 1844 4242 eins

375 4287 462 4393 filii,
480 4289 639 4404 primus
661 4319 711 4371 er
734 4285 886 4372 eodem
908 4286 1053 4374 codice
1073 4289 1274 4376 Bobiensi
1293 4321 1380 4407 quo
1403 4319 1501 4375 usus
1528 4292 1658 4376 luerat
1672 4289 1845 4376 Galbia-

376 4446 454 4526 tuS,
478 4421 520 4504 in
540 4421 675 4506 lucem
698 4419 882 4536 protulit,
902 4423 1007 4507 sicut
1026 4455 1048 4508 e
1070 4424 1272 4508 Parrhasii
1290 4420 1555 4511 dedicatione
1569 4423 1624 4510 ad
1642 4422 1845 4508 Senatum

374 4549 669 4640 Veicentinum
697 4553 794 4640 huic
815 4554 990 4642 editioni
1014 4557 1240 4673 praemissa
1270 4556 1375 4644 clare
1408 4582 1534 4675 patet.
1565 4559 1678 4644 Dicit
1706 4558 1842 4642 enirn:

376 4689 449 4796 „ls
472 4688 702 4808 (Probus)
724 4691 858 4775 inter
878 4691 978 4776 alia
1006 4693 1319 4776 monimenta
1339 4692 1575 4805 frugiferi
1604 4693 1680 4777 sui
1703 4690 1845 4778 labo·

374 4825 442 4908 ris
479 4823 718 4908 instituta
752 4823 933 4910 artium
963 4826 1179 4941 reliquit
1212 4851 1262 4912 et
1290 4826 1561 4931 catholica,
1607 4858 1741 4944 quae
1772 4857 1846 4910 ra·

376 4958 567 5043 tionem
589 4957 752 5040 totius
775 4956 1045 5044 emendati
1069 4962 1326 5046 sermonis
1351 4961 1745 5075 amplectuntur.
1769 4959 1843 5046 Ea

374 5091 627 5176 sexcentis
660 5093 956 5208 etamplius
984 5095 1166 5180 abhinc
1193 5095 1341 5178 annis
1369 5095 1417 5176 in
1449 5093 1701 5180 altissimo
1731 5094 1841 5208 pul·

372 5255 495 5310 τετε
518 5225 787 5312 iacuerunt
809 5227 1096 5342 incognita,
1119 5224 1279 5317 donec
1299 5257 1323 5312 a
1344 5227 1447 5312 situ
1467 5229 1718 5342 Georgius
1739 5227 1842 5343 pri·
