4036 6068
585 497 1142 575 naootansuruou.
1529 503 1596 574 my

212 651 287 718 443.
310 649 400 715 Sunt
421 649 582 728 uomina,
605 651 701 735 'quae
726 639 765 731 ¹⁸)
794 648 831 711 in
852 667 999 712 numero
1023 646 1189 732 singulari
1212 647 1281 712 siut
1300 649 1342 731 ’4)
1362 649 1500 732 generis
1524 668 1596 712 ma·
1648 698 1656 713 .

141 749 271 828 malini,
301 765 341 817 nt
368 763 470 839 putat
502 754 570 817 hic
599 764 805 826 tartarum
835 750 872 813 in
903 769 1049 814 numero
1080 769 1164 814 vero
1185 753 1228 833 ³⁰)
1249 750 1376 836 plurali
1395 754 1438 835 ’·)
1459 753 1597 837 generis

141 855 262 930 neutri,
285 868 324 918 ut
346 867 450 940 puta:
473 857 575 918 haec
598 865 760 919 tartara
786 865 820 916 et
842 866 957 931 cetera
979 852 1061 916 talia
1078 854 1129 934 ”).

211 958 286 1020 444.
319 955 407 1021 Sunt
438 957 581 1020 nomina
601 949 643 1037 ἰ)
673 955 811 1039 generis
844 955 977 1031 neutri,
1008 975 1097 1040 quae
1126 975 1206 1019 cum
1235 954 1312 1019 aliis
1336 947 1378 1038 ’4)
1412 956 1598 1040 gonoribus

142 1059 336 1143 iunguntur,
368 1071 520 1123 attamen
545 1053 586 1138 ²⁵)
615 1057 688 1122 vim
719 1065 816 1122 au'am
840 1049 883 1139 ’6)
908 1057 1125 1134 contineant,
1152 1069 1192 1121 ut
1213 1070 1310 1143 puta:
1334 1071 1597 1144 portentum

140 1161 257 1224 (licitur
283 1161 377 1224 enim
403 1173 650 1246 portentum
681 1161 809 1224 homo
833 1162 893 1240 ²⁷),
924 1161 992 1223 hoc
1014 1171 1083 1236 est,
1112 1172 1152 1224 ut
1178 1161 1223 1224 sit
1244 1161 1365 1224 homo
1388 1155 1431 1243 ²⁸)
1460 1159 1598 1244 generis

142 1261 314 1326 masculini
336 1275 371 1330 et
391 1274 649 1350 portentum
672 1263 809 1348 generis
831 1263 957 1326 neutri.

214 1367 290 1430 445.
313 1363 402 1429 Sunt
423 1365 585 1444 nomina,
608 1387 699 1451 quae
718 1364 934 1429 nominativo
956 1363 1014 1429 vel
1035 1365 1196 1430 vocativo
1220 1385 1301 1428 casu
1322 1364 1459 1428 numeri
1481 1365 1600 1450 siugu-

142 1465 289 1530 laris.·ll·
311 1466 474 1532 ultimum
497 1469 590 1532 etin
612 1467 660 1534 ·8·
682 1468 835 1532 litteram
850 1469 893 1551 ’4)
916 1479 1131 1546 convertant,
1154 1480 1308 1553 utputa:
1331 1465 1454 1532 color
1476 1479 1511 1532 et
1533 1487 1599 1532 co-

142 1567 194 1633 los
217 1580 252 1634 et
273 1581 389 1634 cetera
409 1568 502 1634 talia.

30 1743 32 1770 R
215 1673 290 1738 446.
314 1671 400 1736 ltem
416 1664 459 1754 4’)
480 1685 560 1737 suut
581 1672 742 1749 nomina,
766 1691 856 1757 quae
879 1669 937 1737 Ὀ·
957 1671 1108 1736 litteram
1130 1672 1168 1735 in
1191 1672 1276 1735 ·AU·
1299 1671 1431 1736 litteras
1454 1691 1600 1736 conver·
1616 1681 1640 1727 ν.
1657 1679 1707 1727 2³8.

30 1827 32 1846 ᾖ
144 1785 221 1848 tant,
246 1787 284 1837 ut
305 1787 405 1860 puta:
427 1772 542 1838 lotus
557 1767 601 1857 3·)
623 1787 659 1838 et
679 1775 838 1851 lautus,
862 1786 897 1838 et
919 1785 1032 1838 cetera
1055 1773 1149 1839 talia.

216 1879 291 1942 447.
321 1877 408 1940 ltem
436 1887 517 1939 sunt
547 1877 707 1954 nomina,
739 1897 828 1963 quae
857 1876 1012 1963 plerosiu
1040 1870 1081 1960 ³²)
1108 1877 1301 1962 patiantur,
1329 1879 1398 1940 hoc
1420 1888 1488 1952 est,
1513 1895 1606 1960 quac

30 2041 31 2064 χ
144 1977 185 2041 ·Ε·
206 1978 322 2043 littera
342 1979 422 2065 plus
444 1977 658 2054 scribantur,
680 1991 720 2044 ut
741 1991 842 2064 puta:
865 1980 998 2043 limen
1021 1991 1056 2042 et
1076 1979 1250 2054 leimeu,
1273 1991 1309 2043 et
1330 1990 1445 2042 cetera
1466 1978 1559 2042 talia.

218 2084 292 2146 448.
325 2081 413 2145 ltem
436 2092 516 2144 suut
543 2079 705 2155 nomina,
734 2102 824 2166 quae
855 2080 940 2144 ·AU·
963 2081 1094 2146 litteras
1117 2094 1151 2145 et
1175 2076 1219 2167 33)
1242 2083 1280 2146 in
1304 2079 1362 2147 ·0·
1386 2092 1602 2155 convertant,

144 2193 292 2268 utputa:
316 2181 450 2246 cauda
471 2194 505 2246 et
528 2182 654 2259 coda,
679 2195 713 2246 et
736 2196 851 2247 cetera
872 2183 965 2248 talia.

216 2287 291 2352 449.
315 2283 401 2348 Item
425 2297 505 2348 suut
525 2285 685 2361 uomina,
709 2307 798 2370 quae
822 2286 859 2350 ·1·
882 2285 1031 2350 litteram
1055 2297 1090 2350 et
1106 2275 1148 2368 64)
1172 2285 1208 2348 iu
1225 2285 1275 2348 ·E·
1291 2283 1442 2350 litteram
1461 2273 1502 2365 ³⁵)
1517 2302 1601 2348 con—

145 2397 285 2462 vertam,
308 2398 468 2471 utputa:
492 2387 725 2452 malivolus
748 2400 783 2452 et
803 2388 1057 2466 malevolus,
1081 2399 1116 2451 et
1138 2399 1252 2451 cetera
1274 2385 1366 2451 t'alia.

218 2489 292 2552 too.
316 2488 403 2550 Item
426 2501 506 2552 suut
528 2491 687 2566 uomina,
712 2509 800 2576 quae
823 2491 877 2554 ·U·
895 2483 938 2574 ’6)
961 2491 1075 2554 littera
1096 2489 1177 2575 plus
1198 2487 1411 2566 scribentur,
1439 2497 1480 2551 ut
1501 2497 1603 2571 puta:

146 2607 239 2673 equs
262 2601 298 2653 et
318 2611 451 2674 equus
469 2586 511 2674 34)
534 2604 568 2655 et
590 2605 703 2656 cetera
726 2593 808 2656 talia
824 2584 876 2675 68).

219 2693 293 2756 451.
317 2691 403 2756 ltem
427 2705 508 2757 ιιιιιι
528 2695 689 2770 uomina,
713 2715 802 2781 quae
826 2693 883 2760 ·0·
906 2695 1021 2759 littera
1041 2693 1120 2782 plue
1143 2692 1340 2758 scribantur
1356 2682 1420 2772 ³⁹),
1441 2703 1481 2755 ut
1502 2701 1601 2776 puta:

147 2811 231 2878 qum
247 2783 291 2877 ⁴⁰)
315 2807 350 2858 et
371 2815 496 2880 quom
520 2809 554 2860 et
577 2808 691 2860 cetera
712 2796 805 2863 talia.

218 2898 292 2962 452.
315 2896 403 2960 Item
415 2911 495 2962 suut
506 2899 660 2974 uomina,
678 2919 766 2984 quae
781 2899 820 2963 ·l·
834 2898 985 2963 litteram
1000 2891 1042 2978 ⁴¹)
1059 2909 1093 2961 et
1109 2897 1146 2960 in
1160 2897 1214 2960 ·U·
1229 2887 1275 2979 4’)
1290 2895 1439 2959 litteram
1458 2913 1604 2960 conver·

146 3005 218 3075 unt,
240 3011 280 3061 ut
296 3011 381 3084 puta
394 2991 453 3082 ⁴³):
476 3001 739 3086 mancipium
754 2992 797 3083 44)
815 3014 850 3065 et
865 2991 909 3082 45)
926 3000 1196 3084 mancupium
1216 2988 1260 3080 46)
1277 3013 1311 3062 et
1324 3010 1436 3062 cetera
1453 2996 1535 3060 talia
1549 2987 1602 3077 47)

219 3101 293 3165 453.
317 3100 404 3165 Item
427 3114 507 3166 sunt
526 3101 706 3178 vocabula,
731 3123 820 3188 quae
843 3101 893 3164 ·E·
916 3100 1067 3164 litteram
1091 3114 1125 3164 et
1147 3103 1184 3164 iu
1207 3101 1261 3164 ·U·
1284 3101 1435 3164 litteram
1458 3116 1604 3162 couver-

149 3211 225 3278 tant‚
246 3213 286 3265 ut
308 3195 463 3289 puta⁴⁸):
487 3204 721 3289 capiendus
744 3217 778 3268 et
801 3203 1061 3289 capiundum
1085 3215 1119 3266 et
1143 3216 1256 3267 cetera
1278 3202 1371 3266 talia.

222 3305 294 3370 454.
317 3303 430 3370 'Item
453 3321 533 3371 sunt
554 3307 708 3385 nomina,
732 3327 821 3392 quae
846 3306 897 3368 ·F.·
919 3304 1068 3369 litteram
1092 3318 1126 3370 ct
1142 3297 1184 3388 44)
1206 3306 1243 3367 in
1266 3302 1324 3368 Ὀ·
1346 3303 1497 3368 litteram
1520 3323 1604 3368 cen·
1627 3304 1700 3359 cett.

149 3416 286 3484 vertam,
308 3420 349 3472 ut
369 3420 468 3494 puta:
492 3409 698 3474 adversus
721 3421 756 3472 et
778 3408 985 3474 advorsus
1009 3419 1042 3470 et
1065 3420 1178 3471 cetera
1200 3407 1292 3472 talia.

223 3510 294 3573 455.
323 3511 410 3574 Item
438 3523 518 3575 suut
545 3511 705 3586 nomina,
735 3531 824 3596 quae
848 3510 906 3573 ·U·*
924 3509 1076 3574 litteram
1098 3509 1279 3586 omittunt,
1303 3520 1343 3572 ut
1363 3517 1463 3594 puta:
1486 3527 1603 3572 secus
1693 3572 1696 3578 ,

151 3605 223 3670 lum
244 3622 278 3674 et
299 3612 461 3678 seclum
479 3606 534 3692 ⁵⁰).

190 3849 211 3880 ιΙ
439 3881 475 3893 .-
613 3859 634 3894 ¹⁹
680 3851 688 3864 ·
831 3881 869 3902 q
984 3859 1040 3902 ..ο
1084 3849 1091 3863 ·
1191 3849 1269 3901 ·ΗΗ
1391 3885 1398 3898 ·
1446 3884 1454 3901 ι
1495 3869 1604 3897 ..τι

174 3913 181 3920 ⁸
211 3851 221 3918 6
243 3850 857 4012 ‘¹1:³⁰ssssssV‘iuassssplluffifinsd
881 3845 1498 4012 tilfitlpuctciaslliiiliiui'ortkzeeioverbialji
1516 3844 1607 4004 ιιιογιιιι

245 4029 354 4080 iurarit:
376 4034 442 4079 snnt
462 4027 573 4080 uomina
597 4026 704 4097 generis
728 4024 890 4090 masculini,
909 4037 941 4081 ut
957 4035 1025 4098 puta
1039 4023 1087 4078 hic
1106 4033 1222 4079 tartarus
1242 4024 1272 4076 iu
1288 4023 1394 4074 numeri
1418 4023 1479 4093 (ric)
1497 4017 1606 4093 plurali.

248 4115 283 4184 ’4)
300 4123 365 4167 cnut
379 4113 489 4168 nomina
505 4115 537 4168 Β.
553 4114 588 4169 V.
605 4115 638 4168 Ρ.
652 4137 688 4165 .-.·
703 4115 741 4170 A.
768 4115 804 4187 ’4)
819 4131 882 4165 cuna
895 4111 956 4166 eliis
974 4115 1009 4169 V.
1022 4113 1058 4166 A.
1073 4144 1109 4154 -
1122 4129 1185 4164 cnm
1197 4121 1226 4166 et
1241 4109 1302 4164 aliis
1316 4113 1349 4164 B.
1377 4111 1413 4181 ²⁵)
1438 4117 1557 4163 attamen
1574 4108 1606 4160 Β.

246 4229 281 4246 ·-
295 4210 324 4256 et
338 4211 427 4255 tamen
438 4203 475 4256 V.
484 4202 521 4256 A.
540 4204 577 4271 ’4)
592 4201 649 4254 viru
663 4217 739 4254 auam
751 4203 781 4257 Β.
797 4203 833 4258 V.
848 4233 886 4244 -
899 4202 986 4256 rivam
1004 4201 1033 4256 P.
1048 4225 1085 4251 ·.-..·
1098 4201 1135 4254 A.
1155 4203 1191 4270 ²⁷)
1209 4198 1290 4252 horno
1308 4199 1341 4255 B.
1358 4196 1395 4251 A.
1410 4217 1448 4248 ··.-.
1464 4197 1499 4251 V.
1520 4197 1555 4265 ’4)
1572 4195 1611 4248 ιιι

246 4285 325 4344 hemo
341 4292 373 4343 Β.
390 4291 425 4343 V.
447 4317 484 4332 ·-
506 4285 588 4342 horne
607 4289 645 4343 ιιι
660 4289 697 4342 A.
724 4295 760 4362 ’4)
778 4287 898 4344 litteram
913 4291 950 4346 V.
965 4290 1001 4344 A.
1015 4319 1052 4332 ·-
1066 4287 1159 4344 littera
1174 4289 1205 4342 B.
1233 4289 1269 4359 ⁸⁰)
1291 4287 1364 4341 Item
1378 4287 1411 4340 B.
1430 4285 1466 4341 V.
1476 4285 1508 4338 P.
1521 4306 1557 4333 =
1573 4283 1609 4337 A.

247 4379 283 4450 4’)
301 4376 377 4431 totus
387 4379 422 4432 Β.
440 4378 475 4432 V.
493 4407 527 4420 -
542 4374 616 4430 lotor
630 4375 665 4431 A.
680 4407 716 4420 -
727 4375 806 4431 locut
818 4380 850 4432 P.
867 4380 904 4448 ³¹)
920 4377 1043 4451 plerosin
1059 4380 1095 4434 V.
1111 4407 1146 4421 -
1161 4374 1347 4449 pluerotiafl·
1364 4393 1384 4428 ο
1396 4393 1439 4446 pr·
1455 4391 1492 4426 m·
1503 4404 1536 4414 -
1552 4369 1609 4442 ple·

247 4467 315 4518 rosia
330 4468 364 4522 B.
380 4485 416 4519 aar
431 4485 481 4520 em.
497 4485 539 4538 pr.
552 4485 588 4520 m.
609 4501 644 4516 -
661 4464 779 4537 leprosis
791 4467 823 4518 P.
838 4497 874 4506 -
887 4463 1092 4538 plenitudinem
1106 4467 1143 4520 A.
1170 4468 1207 4534 44)
1228 4471 1257 4516 et
1274 4464 1304 4517 Β.
1321 4464 1358 4519 V.
1377 4463 1409 4516 Ρ.
1420 4481 1456 4512 =
1471 4460 1508 4515 A.
1529 4461 1564 4527 44)
1582 4468 1610 4512 ct

247 4553 271 4606 Β
296 4554 332 4609 V.
350 4556 380 4608 P.
393 4556 480 4610 =A.
507 4557 545 4626 44)
563 4554 728 4610 litteram'B.
744 4553 781 4610 V.
796 4553 827 4606 P.
844 4575 880 4603 =
895 4552 932 4606 A.
958 4553 996 4625 ³⁶)
1011 4552 1057 4608 ·U·
1074 4554 1109 4607 V.
1130 4555 1161 4606 P.
1174 4583 1211 4594 -·
1224 4550 1291 4605 tls·
1312 4551 1350 4603 A.
1378 4547 1525 4618 ’7)1ιοιιι.
1544 4583 1575 4599 ..
1599 4584 1605 4597 .

248 4659 333 4714 equor
348 4644 385 4698 V.
399 4645 436 4697 A.
451 4643 480 4697 Ρ.
496 4665 535 4694 =
550 4645 580 4697 B.
601 4644 637 4715 ’4)
654 4650 684 4696 el
695 4649 784 4694 cetera
798 4637 861 4694 talia
876 4641 912 4693 V.
927 4663 964 4690 =
979 4643 1010 4694 Β.
1028 4643 1063 4695 A.
1075 4642 1104 4694 P.
1124 4641 1161 4712 47)
1176 4635 1332 4690 scribantur
1351 4637 1385 4690 B.
1404 4635 1438 4691 V.
1455 4634 1485 4686 P.
1496 4663 1530 4672 -
1540 4633 1609 4683 acri-

249 4727 350 4784 buntur
361 4731 399 4786 A.
419 4733 454 4800 4’)
471 4749 534 4804 qum
550 4731 586 4785 V.
600 4733 631 4785 P.
646 4746 774 4803 -quam
788 4728 819 4780 Β.
836 4758 872 4770 -
886 4728 953 4800 quin
965 4729 1002 4782 A.
1023 4730 1058 4800 ⁴¹)
1074 4726 1193 4781 litteram
1209 4727 1245 4779 V.
1261 4725 1296 4779 A.
1310 4751 1346 4766 -
1357 4721 1449 4776 littera
1459 4721 1490 4778 B.
1511 4721 1547 4791 4’)
1563 4719 1608 4775 ·U·

249 4818 283 4872 V.
298 4818 333 4872 A.
350 4847 387 4864 -
407 4819 483 4874 ott·
496 4820 529 4874 B.
557 4821 593 4890 44)
611 4826 723 4890 utputa
738 4817 775 4875 V.
791 4817 827 4869 A.
843 4845 878 4860 -
892 4824 922 4868 ut
943 4824 975 4869 ut
988 4825 1054 4889 puta
1070 4819 1103 4870 B.
1130 4815 1168 4886 44)
1188 4811 1353 4882 mancipium
1371 4811 1404 4864 Β.
1423 4809 1459 4863 V.
1477 4809 1508 4862 P.
1523 4831 1560 4858 =
1573 4810 1609 4861 A.

247 4906 281 4972 44)
294 4914 323 4959 et
337 4907 374 4960 V.
388 4908 420 4960 P.
436 4927 473 4957 =
485 4909 517 4960 B.
532 4907 567 4960 A.
595 4908 631 4976 44)
645 4905 812 4977 mancipium
828 4905 860 4958 Β.
878 4905 911 4958 V.
931 4905 961 4958 Ρ.
976 4927 1011 4953 =
1026 4903 1060 4956 A.
1088 4905 1123 4971 ⁴⁷)
1145 4911 1173 4954 et
1188 4907 1278 4952 cetera
1297 4896 1362 4951 talia
1373 4899 1404 4954 B.
1421 4898 1457 4950 V.
1475 4918 1510 4946 =
1527 4898 1562 4951 A.
1580 4897 1610 4948 Ρ.

248 4995 283 5065 4“)
300 4995 371 5048 Item
385 5033 392 5048 .
408 5033 414 5046 .
430 5031 437 5048 .
452 5033 459 5048 .
477 5003 587 5067 utputa
606 4995 637 5048 Β.
656 4996 691 5050 V.
710 4996 741 5048 Ρ.
754 4991 837 5047 =A.
866 4992 903 5063 ⁴⁹)
923 5001 952 5046 et
965 4993 996 5046 B.
1015 4992 1050 5046 V.
1064 5013 1100 5042 =
1117 4989 1152 5043 Α.
1179 4989 1214 5055 ⁵⁰)
1230 4987 1436 5041 omittunt....
1456 4981 1560 5038 secluru
1578 4984 1612 5036 Β.

250 5083 284 5138 V.
301 5083 331 5138 P.
347 5106 384 5133 =
395 5084 431 5137 A.
451 5081 574 5136 seculum
589 5091 617 5136 et
630 5080 735 5136 seclum
751 5115 782 5128 -
800 5080 940 5136 sacculum
951 5077 1071 5134 taculum
1086 5079 1135 5150 (.··.·.
1149 5077 1190 5149 et)
1210 5076 1245 5131 V.
1277 5071 1416 5128 curcurlum
1433 5083 1460 5128 et
1477 5068 1615 5126 sacculum

252 5172 279 5222 P.
294 5170 482 5228 -saeculum
501 5180 529 5226 et
547 5169 651 5226 seclum
670 5172 701 5226 Β.
1270 5179 1271 5184 ’
