4032 6070
570 473 1159 580 rnonrnnsnrrron.¹
1512 523 1582 596 m

190 673 246 738 De
263 673 415 738 ablativo
441 693 523 740 casn
543 675 680 738 numeri
699 672 900 758 singularis,
925 671 985 756 qui
1004 669 1064 734 ·M·
1087 670 1202 734 littera
1225 671 1444 746 ‘terrninatnn
1469 691 1580 756 qnan-

121 792 181 840 tum
206 778 295 842 ratio
320 775 505 863 poscebat,
529 778 761 842 tractavimus.

192 881 266 945 432.
292 879 356 942 DE
380 879 437 943 ·S·.
468 879 514 944 ·S·
545 879 661 943 littera
691 877 860 941 ablativus
884 895 981 940 casus
1011 875 1147 939 numeri
1170 874 1353 960 singularis
1378 877 1581 940 terminatus

122 983 180 1046 dno
203 984 290 1046 haec
313 1001 442 1066 genera
464 983 619 1046 continet
642 993 794 1056 tantum,
818 979 854 1042 id
877 991 946 1052 est,
969 990 1152 1054 nentrum,
1176 998 1288 1056 omne.

194 1086 269 1150 433.
292 1085 354 1148 Ile
376 1103 532 1168 genere
556 1097 709 1150 neutro
731 1077 788 1164 57).
817 1080 940 1144 Neutri
964 1081 1100 1166 generis
1121 1080 1283 1155 nomina,
1316 1101 1405 1165 quae
1429 1081 1590 1145 ablativo·-

120 1207 189 1249 casn
211 1189 351 1250 numeri
372 1186 555 1272 singularis
579 1187 625 1252 ·S·
652 1181 694 1268 5⁸¹)
719 1187 834 1250 littera
853 1183 1098 1256 terminantur,
1123 1181 1207 1247 haec
1227 1184 1272 1247 ad
1290 1185 1364 1248 hoc
1382 1184 1589 1270 exemplum

123 1289 349 1352 declinantur:

193 1391 343 1455 Numeri
359 1392 558 1476 singularis:
582 1395 660 1455 lroc
683 1390 764 1464 ias,
788 1390 908 1452 liuius
932 1389 1012 1465 las,
1035 1390 1138 1454 huic
1159 1388 1239 1467 ias,
1264 1390 1341 1453 lroc
1364 1388 1443 1466 ias,
1467 1409 1488 1452 c
1509 1388 1584 1463 fas,

123 1492 162 1555 ab
184 1495 267 1557 lroc
283 1489 328 1578 59)
352 1495 425 1560 las.

198 1596 294 1660 llaec
311 1617 493 1661 numerum
511 1589 555 1676 ι”·’)
573 1595 742 1681 pluralem
760 1595 871 1658 lacere
891 1593 1131 1680 prohibentur.

200 1701 273 1763 tat.
298 1699 400 1763 Nunc
419 1700 455 1762 in
471 1702 536 1762 hac
554 1699 663 1760 l'nrma
686 1699 822 1782 generis
842 1697 967 1772 nentri,
991 1695 1089 1781 *qna
1107 1698 1260 1761 diximus
1279 1695 1429 1760 ablativo
1446 1715 1527 1760 casu
1539 1689 1583 1778 6“)
1603 1704 1677 1754 corr».
1732 1729 1739 1744 .

123 1801 249 1863 numeri
272 1801 457 1884 singularis
475 1801 619 1864 nomina
637 1799 683 1863 ·S·
709 1801 823 1864 littera
847 1799 1038 1875 terminari,
1062 1801 1130 1863 hoc
1148 1797 1345 1875 monemus,
1369 1799 1464 1884 qnod
1481 1820 1525 1862 ex
1545 1819 1586 1862 ea

123 1903 190 1986 plus
207 1923 311 1986 qnam
331 1903 487 1988 quinque
502 1903 590 1976 soni,
606 1903 673 1965 hoc
690 1913 751 1979 est,
768 1901 845 1988 plns
863 1922 967 1986 quem
979 1896 1188 1988 quinque⁶¹)
1206 1903 1349 1966 nomina
1365 1901 1587 1986 nonpossint

126 2005 285 2068 exhiheri.

197 2107 251 2170 Dc
266 2107 378 2171 forma
393 2107 530 2191 generis
546 2106 672 2182 neutri,
689 2125 758 2192 qna
773 2105 924 2170 ablativo
942 2125 1024 2170 casn
1041 2109 1176 2170 numeri
1189 2107 1375 2191 singularis
1390 2098 1585 2186 nomiuaffl)

126 2207 163 2271 ·S·
182 2207 296 2272 littera
310 2201 354 2290 Μ)
368 2209 618 2283 terminantur,
640 2221 807 2292 qnantum
822 2203 866 2290 ⁶³)
890 2209 977 2272 ratio
994 2209 1171 2294 poscebat,
1200 2210 1432 2274 tractavimus.

200 2313 273 2376 435.
302 2311 362 2374 De
389 2331 545 2394 genere
573 2309 690 2374 omni
714 2303 768 2392 ‘³¹⁵).
804 2311 930 2376 Omnis
962 2315 1099 2395 generis
1125 2313 1288 2386 nomina,
1320 2329 1408 2395 qnae
1432 2309 1584 2373 ablativo

125 2433 194 2476 casn
219 2413 357 2476 numeri
377 2413 560 2497 singularis
586 2413 631 2478 ·S·
655 2411 770 2478 littera
794 2415 1024 2478 terminantur
1033 2457 1047 2490 ,,
1079 2416 1164 2478 haec
1185 2435 1250 2501 per
1273 2416 1394 2478 omnes
1423 2433 1521 2478 casus
1541 2405 1586 2492 ϋ7)

125 2527 231 2600 aptote
248 2510 294 2597 ⁰⁸)
318 2517 552 2580 declinantur:

194 2617 341 2680 Numeri
365 2619 570 2702 singularis:
593 2619 662 2680 liic
685 2631 718 2681 ct
741 2619 901 2682 nannet
925 2621 1003 2684 hoc
1024 2639 1173 2703 nugas,
1197 2616 1323 2682 lanius
1347 2631 1380 2681 et
1403 2617 1530 2681 huius
1554 2631 1587 2680 et

127 2719 238 2783 huius
263 2713 308 2800 67)
330 2740 482 2804 nugas,
515 2721 613 2783 huic
636 2733 670 2784 et
692 2721 793 2783 hnic
815 2732 850 2783 et
871 2722 970 2785 huic
995 2724 1037 2805 7ο)
1059 2742 1212 2806 nugas,
1238 2723 1348 2784 hunc
1371 2733 1404 2783 ct
1426 2722 1530 2783 hanc
1554 2732 1588 2784 ct

126 2821 193 2884 hcc
214 2841 369 2906 nugas,
402 2842 423 2885 ο
457 2835 490 2884 et
512 2842 533 2885 ο
557 2835 590 2885 et
613 2843 634 2886 ο
662 2823 704 2903 ⁷¹)
732 2842 883 2906 nugas,
913 2823 964 2886 ab
988 2826 1066 2887 hoc
1089 2827 1180 2904 οβ’)
1204 2823 1253 2886 ab
1277 2825 1354 2886 hec
1376 2835 1409 2886 et
1432 2822 1480 2884 ab
1504 2825 1587 2886 hoc

126 2941 262 3007 nugam
285 2936 319 2987 et
341 2923 536 3009 pluraliter:
566 2925 607 2987 hi
631 2937 665 2988 et
687 2925 766 2986 hae
789 2937 824 2988 et
845 2926 947 2988 haec
969 2945 1127 3010 ungas,
1157 2929 1302 2989 norum
1326 2938 1360 2988 et
1382 2927 1528 2988 harum
1552 2936 1587 2987 et

126 3025 264 3089 horum
288 3047 435 3110 nugas,
459 3027 524 3090 his
547 3037 580 3090 et
603 3027 668 3088 his
692 3017 729 3088 et'
749 3027 810 3088 his
828 3021 869 3108 73)
892 3047 1045 3110 nugas,
1076 3031 1154 3092 hos
1177 3041 1211 3090 et
1234 3029 1305 3090 lias
1330 3038 1363 3090 et
1387 3029 1490 3089 haec
1513 3046 1585 3088 nn-

126 3145 205 3210 gas‚
229 3150 250 3192 o
274 3141 308 3193 et
330 3141 438 3192 ceto
455 3119 497 3210 ²⁴)
519 3147 674 3211 nugas,
698 3126 747 3189 ab
771 3129 834 3192 his
857 3141 891 3191 ct
913 3129 963 3192 ab
987 3131 1052 3193 his
1075 3144 1109 3193 et
1132 3129 1181 3192 ab
1205 3130 1271 3192 his
1288 3123 1331 3211 ⁷⁵)
1353 3149 1499 3212 nugas.

200 3231 272 3296 t36.
295 3232 399 3295 Nunc
418 3232 454 3294 in
477 3233 542 3294 hec
561 3230 672 3293 forma
688 3221 746 3310 5⁶),
771 3251 839 3314 qua
863 3231 1015 3296 diximus
1035 3231 1186 3296 ablativo
1204 3251 1285 3296 casu
1309 3231 1446 3294 numeri
1466 3230 1586 3314 singu.-

126 3328 196 3394 laris
218 3333 362 3396 nomina
387 3333 433 3397 ·S·
458 3333 572 3397 littera
594 3333 791 3408 terminari,
816 3335 883 3396 hoc
907 3353 1105 3409 monemus,
1129 3335 1225 3418 qnod
1250 3353 1295 3396 ex
1316 3353 1357 3396 ea
1375 3331 1454 3418 plns
1481 3353 1583 3417 qnam

127 3445 277 3514 quattuor
291 3436 380 3511 soni,
398 3437 464 3499 hoc
480 3448 542 3510 est,
557 3435 635 3520 plns
651 3454 755 3518 qnam
768 3447 907 3518 quattor
920 3439 963 3518 77)
976 3437 1119 3499 nomina
1135 3431 1176 3519 78)
1187 3455 1258 3499 non
1268 3437 1405 3521 possint
1415 3434 1582 3498 exhiberi.

202 3535 253 3598 De
277 3535 429 3602 ablativo
448 3559 529 3601 casn
552 3537 688 3600 numeri
710 3535 904 3619 singularis,
929 3539 991 3623 qui
1016 3537 1061 3602 ·S·
1083 3538 1198 3602 littera
1220 3539 1442 3613 terminatur,
1474 3547 1694 3622 (ιω-Ην·

130 3647 192 3698 tum
213 3639 301 3702 ratio
322 3640 504 3726 poscebat,
530 3639 750 3703 tractavimus
774 3641 826 3720 ⁷⁰).

201 3743 271 3806 tet.
300 3743 403 3805 Nunc
427 3755 506 3806 sunt
528 3743 644 3826 aliqna
665 3741 808 3804 nomina
828 3744 964 3825 generis
987 3743 1168 3807 masculini
1195 3741 1254 3826 ³),
1279 3765 1368 3831 quae
1389 3742 1525 3805 numeri
1541 3733 1585 3823 8’)

128 3838 330 3906 rinttantnm
349 3844 550 3928 singularis,
574 3857 612 3907 ut
632 3857 730 3930 puta:
755 3844 825 3906 lric
841 3841 885 3925 ⁸²)
909 3844 1114 3908 Saturnus
1132 3859 1164 3910 et
1185 3859 1298 3910 cetera
1316 3846 1412 3922 talia,
1437 3844 1497 3907 sed
1517 3845 1583 3908 hcc

130 3961 313 4022 monemus,
338 3947 434 4032 quod
453 3947 539 4011 haec
561 3967 631 4011 non
655 3968 696 4011 cn
716 3945 816 4031 plura
837 3939 883 4027 83)
904 3967 976 4011 esse
998 3948 1225 4033 reperiantur.

168 4146 198 4209 ⁵⁷)
225 4146 264 4200 De
280 4167 380 4219 genere
394 4161 491 4204 neutro
507 4151 540 4204 B.
554 4151 589 4204 V.
609 4179 644 4194 -
663 4148 698 4202 dn
714 4155 811 4201 neutro
827 4165 929 4220 genere
945 4153 982 4205 A.
1002 4153 1038 4220 5“)
1059 4147 1098 4204 ·S·
1113 4152 1191 4205 nst.
1210 4153 1246 4203 A.
1262 4183 1297 4192 --
1313 4150 1357 4204 ·0·
1372 4151 1406 4204 P.
1426 4151 1462 4219 57)
1482 4147 1515 4200 ιώ
1531 4147 1586 4202 hoc

223 4236 257 4289 V.
275 4238 312 4290 A.
333 4267 366 4282 -
385 4237 421 4290 ab
440 4237 482 4292 iris
500 4241 534 4292 B.
560 4241 596 4308 “tl
614 4256 757 4291 numerum
777 4239 811 4292 V.
825 4239 861 4290 A.
880 4267 916 4280 -·
933 4255 1074 4292 nnmerum
1093 4241 1125 4292 Β.
1150 4243 1186 4310 ⁶¹)
1206 4237 1326 4291 ablntivo
1345 4253 1410 4289 cusu
1438 4239 1474 4291 V.
1494 4239 1529 4290 A.
1550 4269 1585 4277 -

220 4321 273 4376 abl.
292 4343 373 4378 casus
394 4329 423 4381 B.
450 4329 486 4396 6’)
505 4328 638 4383 sonim.
657 4328 778 4399 quinque
798 4327 833 4380 V.
853 4357 889 4368 -
907 4327 969 4378 soni
984 4323 1039 4379 lroc
1054 4336 1098 4379 cst
1112 4345 1191 4400 qum
1207 4329 1328 4400 quinque
1350 4327 1381 4380 P.
1405 4353 1436 4370 ·-
1455 4326 1517 4378 toni
1531 4322 1584 4378 lroc

222 4421 263 4466 est
279 4414 403 4486 quinque
421 4415 450 4468 A
475 4435 511 4465 ε
529 4417 561 4468 Β.
588 4418 625 4487 ⁶³)
644 4415 754 4468 nomine
772 4415 804 4466 B.
825 4401 861 4468 V.
880 4435 917 4464 =
934 4414 970 4468 A.
997 4417 1034 4484 θ’)
1052 4414 1144 4469 littera
1165 4417 1248 4470 V.A.
1265 4415 1297 4468 B.
1314 4435 1349 4468 e:
1365 4433 1415 4466 em.
1432 4433 1479 4484 pr.
1495 4433 1529 4465 m.
1550 4443 1585 4455 -

219 4499 322 4554 litteras
340 4503 373 4554 B.
392 4523 409 4556 a
427 4523 470 4573 pr.
490 4523 525 4556 m.
552 4506 592 4576 75)
618 4511 750 4578 mentum
768 4503 799 4557 B.
818 4532 856 4546 -
874 4511 904 4554 nt
924 4503 960 4557 V.
980 4503 1015 4556 A.
1044 4505 1079 4573 ὅσ)
1099 4505 1143 4556 De
1162 4519 1262 4573 genere
1286 4502 1361 4555 omni
1378 4503 1410 4555 B.
1430 4502 1466 4554 V.
1485 4530 1521 4542 --
1541 4501 1582 4552 Dc

220 4589 291 4641 omni
311 4609 410 4660 genere
429 4593 464 4645 A.
492 4593 528 4660 67)
548 4609 627 4644 cneus
646 4592 677 4644 B.
697 4591 733 4644 A.
752 4621 788 4634 -
807 4607 906 4643 cnsuus
926 4594 962 4646 V.
991 4593 1027 4660 ι’)
1048 4600 1142 4662 uptote
1162 4593 1197 4644 V.
1218 4592 1253 4643 A.
1273 4621 1308 4632 ·-
1326 4597 1422 4660 eptots
1436 4590 1470 4642 B.
1498 4590 1533 4656 69)
1554 4597 1583 4638 et

221 4672 298 4729 itttint
319 4687 348 4731 et
366 4675 447 4730 iuvius
467 4681 503 4734 V.
522 4679 559 4732 A.
577 4701 612 4730 τ·-
630 4681 661 4732 B.
682 4683 718 4750 ⁷⁰)
738 4685 766 4731 ct
784 4675 850 4730 huic
868 4687 897 4732 et
915 4675 980 4730 huic
995 4679 1128 4732 'V.A.=
1145 4681 1177 4732 B.
1198 4680 1237 4747 ⁷¹)
1256 4687 1284 4728 el
1300 4697 1317 4730 ο
1336 4687 1366 4729 et.
1383 4695 1400 4728 o
1420 4676 1580 4729 V.A.=B.

222 4771 255 4832 ⁷¹>
273 4777 301 4820 er
320 4767 357 4820 V.
370 4767 404 4819 A.
425 4789 461 4815 ==
480 4769 509 4819 rr.
531 4767 568 4838 ν)
588 4777 616 4819 er
635 4764 678 4820 his
697 4777 725 4821 et
742 4764 785 4819 his
805 4768 840 4818 V.
859 4767 896 4820 A.
916 4789 952 4816 =
971 4769 1001 4820 B.
1023 4769 1057 4832 ²⁴)
1078 4776 1106 4820 n
1125 4789 1141 4818 ο
1161 4775 1188 4818 er
1207 4787 1223 4818 s
1244 4765 1279 4818 V.
1295 4766 1329 4816 A.
1345 4785 1381 4814 .-.·
1399 4765 1432 4816 Β.
1453 4765 1494 4832 ⁷⁵)
1510 4761 1581 4814 stab

220 4849 261 4905 liis
276 4853 352 4906 etat»
370 4854 412 4906 nis
428 4841 468 4910 ¹1<
488 4855 524 4908 A.
544 4875 580 4906 =
599 4857 630 4908 B.
659 4851 697 4927 ⁷²)
716 4855 745 4907 in
764 4851 815 4906 hec
841 4855 928 4908 torma
948 4855 983 4908 V.
1002 4855 1038 4906 A.
1059 4885 1094 4894 -
1118 4851 1185 4906 lnrec
1212 4853 1298 4904 forme
1317 4854 1348 4905 B.
1373 4853 1411 4919 77)
1430 4851 1565 4904 soni...

222 4951 347 5012 quattuor
365 4944 402 4998 V.
426 4947 454 4998 Ρ.
473 4967 508 4994 =
527 4941 561 4996 A.
583 4947 618 5014 ⁷⁸)
638 4941 690 4998 lroc
709 4953 751 4996 cst
771 4983 778 4996 .
799 4983 806 4996 .
826 4981 833 4996 .
852 4943 962 4995 nomina
988 4943 1023 4996 V.
1045 4943 1074 4995 P.
1093 4965 1128 4990 =
1147 4943 1180 4994 B.-
1208 4945 1245 5012 77)
1265 4941 1308 4992 De
1328 4936 1447 4992 eblntivo
1467 4975 1573 4992 .....

219 5031 388 5082 tnctavimns
416 5033 446 5084 Il.
477 5033 512 5084 V.
539 5035 571 5086 Ρ.
596 5055 632 5081 =
657 5032 693 5086 A.
722 5036 758 5099 ⁸⁰)
786 5031 893 5101 generis
920 5029 1063 5082 masculini
1082 5031 1112 5083 B.
1134 5029 1169 5084 V.
1189 5059 1223 5070 -
1254 5025 1397 5082 masculini
1417 5029 1524 5098 generis
1544 5029 1580 5081 A.

222 5119 254 5184 ¹¹)
272 5119 377 5172 numeri
397 5121 432 5173 V.
452 5121 487 5172 A.
507 5149 542 5162 -
560 5121 664 5172 nometi
684 5121 715 5173 B.
735 5123 773 5192 ⁸²)
792 5117 838 5172 lric
858 5121 893 5174 V.
914 5121 948 5173 A.
968 5141 1004 5171 =
1022 5121 1052 5174 B.
1074 5122 1110 5190 ⁸³)
1130 5137 1162 5170 cc
1183 5114 1260 5188 piurn
1280 5117 1316 5170 V.
1334 5118 1365 5170 B.
1382 5137 1415 5170 en
1432 5137 1480 5170 em.
1491 5137 1582 5188 pmn.

222 5237 252 5246 -
270 5225 301 5260 co
320 5205 413 5278 plures
432 5210 463 5262 B.
484 5229 501 5260 n
519 5229 561 5279 pr.
581 5229 614 5262 m.
636 5211 670 5263 A.
691 5237 725 5250 -
745 5227 776 5262 co
797 5207 914 5280 plurime
934 5209 962 5262 P.
