4050 6064
409 554 660 640 'srennnrx
685 587 740 640 so
760 585 892 641 rnonr
922 583 1072 640 aaran
1091 583 1309 641 ntnonsn.
1541 589 1603 654 451

153 705 286 814 primam
309 742 442 817 partem
466 734 629 798 carminis
650 727 734 817 '⁵)·)
758 733 945 817 significan
969 735 1144 798 initium
1168 753 1250 798 vero
1273 735 1544 816 uniuscuiusque
1565 725 1605 812 16)

153 832 195 893 rei
216 831 398 897 incidentis
421 847 581 921 coeptum
607 857 679 898 esse
703 836 925 900 demonstrat.

228 933 298 1000 106.
323 935 419 1000 lnter
439 956 544 1024 opus
567 949 600 1002 et
623 957 797 1024 operam
821 940 889 1004 hoc
912 939 1073 1013 interest,
1104 938 1200 1024 quod
1222 957 1331 1024 opus
1354 936 1410 1012 id,
1441 936 1536 1022 quod
1558 937 1605 1012 lit,

153 1035 329 1120 significan
352 1058 520 1126 operam
542 1059 627 1104 vero
649 1061 670 1104 a
693 1041 835 1126 qualit,
860 1061 932 1104 esse
955 1042 1179 1106 demonstrat.

233 1139 302 1204 107.
325 1138 422 1204 Inter
444 1137 611 1206 foedum
636 1153 670 1207 et
693 1143 843 1208 foedus
865 1143 933 1208 hoe
955 1145 1109 1220 interest,
1133 1141 1229 1227 quod
1251 1139 1423 1208 loedum
1447 1141 1611 1226 tarpeai-

152 1239 299 1323 gnificat3
322 1237 339 1269 ⁴
354 1241 502 1306 l'oedus
524 1265 607 1310 vero
631 1245 869 1309 iusiurandum
893 1267 966 1310 esse
989 1245 1212 1310 demonstrat.
1617 1241 1712 1291 ³⁵2¹·-

226 1347 299 1409 108.
322 1343 417 1408 lnter
448 1344 634 1410 oblitum
658 1361 693 1412 et
715 1347 898 1424 oblitum
920 1350 988 1412 hoc
1011 1348 1171 1425 interest,
1202 1346 1297 1432 quod
1326 1345 1506 1411 oblitum
1530 1365 1609 1410 cor-

152 1457 239 1530 repte
260 1446 299 1530 ¹⁷)
321 1444 498 1533 perfusum
515 1447 701 1534 significan
725 1450 910 1515 oblitum
928 1445 969 1534 ¹⁸)
990 1464 1104 1514 autem
1118 1450 1287 1539 producte
1306 1451 1346 1531 ¹⁹)
1369 1450 1608 1512 immemorem

149 1566 214 1610 esse
235 1546 459 1613 demonstrat.

229 1652 302 1719 109.
326 1651 422 1715 Inter
442 1655 642 1720 concidit
663 1669 697 1720 et
720 1654 917 1722 concidit
937 1657 1006 1720 hoc
1022 1657 1176 1732 interest,
1200 1653 1294 1740 quod
1317 1651 1508 1718 concidit
1531 1671 1609 1714 cor-

149 1762 238 1838 repte
258 1755 301 1836 ¹)
332 1753 459 1818 cecidit
484 1757 673 1840 significan
704 1756 904 1823 concidit
932 1771 1047 1823 autem
1069 1759 1238 1847 producte
1264 1758 1306 1841 ¹')
1328 1756 1431 1820 scidit
1453 1775 1527 1818 esse
1549 1754 1609 1816 de-

148 1866 311 1919 monstrat
324 1854 368 1940 ⁵).
1429 1885 1433 1892 ·

227 1958 300 2020 tto.
331 1956 426 2023 lnter
455 1961 621 2027 occidit
651 1974 685 2026 et
707 1963 870 2028 occidit
898 1964 966 2027 lroc
988 1961 1150 2036 interest,
1181 1959 1277 2046 quod
1300 1959 1471 2024 occidit
1494 1977 1609 2020 corre-

37 2051 38 2056 ’
148 2059 255 2142 pte”)
267 2072 441 2124 mortuum
455 2061 643 2147 significan
661 2062 829 2129 occidit
845 2076 961 2127 autem
973 2055 1194 2151 productc²³)
1207 2062 1370 2126 interficit
1387 2061 1609 2124 demonstrat.

711 2239 1035 2258 —u--u-——U

223 2379 349 2446 Moror
368 2420 409 2432 -
432 2405 542 2451 conor
562 2425 606 2440 -
629 2390 781 2454 auxilior
800 2426 844 2441 -
866 2390 1046 2475 ingredior
1071 2425 1114 2440 -
1131 2398 1322 2473 percontor
1335 2420 1376 2432 —
1399 2383 1555 2467 gratulor
1570 2419 1612 2430 -

143 2501 280 2565 grassor
294 2522 339 2533 -
356 2484 539 2571 loquor-
557 2491 685 2554 molior
701 2527 743 2540 —
756 2491 884 2577 fungor
896 2529 939 2540 -
958 2492 1070 2555 laetor
1090 2489 1317 2575 -polliceor
1330 2477 1373 2570 ²⁵)
1394 2521 1438 2534 —-
1456 2486 1613 2570 suspicor

144 2619 181 2632 —
194 2585 332 2650 morior
344 2623 386 2634 -
401 2588 580 2674 largior—
589 2594 750 2680 paciscor
761 2632 803 2642 -
817 2595 990 2678 sullragor
999 2629 1043 2642 -
1055 2592 1274 2656 moderor-
1287 2607 1399 2653 venor
1410 2625 1453 2635 —
1467 2587 1616 2650 insidior

143 2721 180 2734 -
194 2687 320 2774 epulor
340 2725 382 2738 —
401 2710 555 2778 auguror
575 2696 813 2782 -privor-
829 2697 997 2760 misereor
1015 2734 1057 2744 -
1070 2693 1236 2759 recordor
1247 2729 1289 2740 —-
1311 2690 1540 2776 obsequor-
1553 2688 1613 2752 ad-

142 2807 261 2853 versor
275 2823 317 2840 -
331 2793 508 2876 gratificor
520 2833 563 2850 -
585 2798 772 2884 glorior·
791 2797 994 2864 arbitror-
1008 2845 1147 2864 .....
1163 2797 1195 2880 ’)
1220 2793 1371 2858 labricor
1383 2829 1426 2842 -
1446 2785 1612 2870 diduore)

141 2923 182 2939 —
195 2893 364 2957 moechor
378 2889 421 2979 ¹⁵)
436 2901 669 2986 —repperior
682 2904 715 2984 ‘)
728 2938 773 2952 -
786 2901 896 2965 rimor
909 2937 951 2948 -
967 2911 1104 2964 scortor
1116 2945 1145 2964 ..
1161 2945 1171 2961 .
1185 2895 1240 2978 ,1)
1254 2933 1296 2948 -
1307 2894 1539 2981 amplexor·—
1552 2893 1613 2957 ad-

140 2993 281 3074 gredior
297 3032 340 3046 -
356 2996 547 3064 obliviscor
561 3039 604 3049 —
624 3002 798 3088 adsequor
817 3038 859 3049 -—
878 3015 960 3066 utor
984 3037 1024 3051 -
1048 3000 1144 3064 lruor
1166 3035 1209 3048 -
1230 3017 1377 3062 execror
1390 3031 1433 3046 —
1448 3006 1556 3058 testor
1569 3026 1610 3042 -

141 3113 265 3160 vereor
279 3091 322 3180 ²⁰)
345 3133 387 3150 -
410 3102 545 3166 metior.

221 3197 327 3264 Nunc
350 3203 419 3266 hcc
441 3222 633 3276 monemus,
658 3203 765 3287 quod,
789 3195 945 3288 exceptis
959 3201 1167 3289 supradictis
1183 3198 1437 3287 deponentibus
1460 3213 1494 3264 et
1516 3219 1613 3263 com-

142 3298 317 3376 munibus,
340 3323 582 3388 quaecumque
605 3303 674 3366 iam
696 3303 803 3368 verba
822 3305 1013 3369 indicativo
1037 3303 1141 3368 modo
1165 3302 1332 3387 temporis
1355 3301 1544 3388 praesentis
1568 3319 1613 3362 ex

139 3401 255 3484 prima
282 3423 433 3486 persona
455 3405 507 3467 ·1t·
537 3406 651 3468 littera
682 3407 923 3481 terminantur,
955 3419 990 3469 et
1012 3427 1057 3468 cx
1080 3425 1139 3468 sua
1162 3406 1278 3491 specie
1300 3424 1372 3467 non
1394 3416 1540 3491 possunt
1563 3403 1612 3466 la·

141 3520 219 3565 cere
243 3501 350 3566 verba
372 3504 500 3583 activa,
524 3508 609 3570 haec
633 3507 818 3571 indiscreta
842 3508 1007 3593 qualitate
1031 3506 1279 3592 accipiuntur.
1304 3553 1312 3569 .
1337 3510 1394 3590 ,3)
1417 3506 1533 3592 quod.
1550 3527 1568 3568 e
1583 3553 1610 3571 ..

139 3605 336 3671 communis
358 3607 432 3672 sive
454 3607 660 3696 deponentis
683 3610 782 3674 verbi
803 3621 973 3694 potestate
998 3609 1194 3694 iungantur.
1564 3609 1567 3614 “

694 3761 1053 3829 FELICITER.

184 4019 221 4082 ¹⁶)
250 4017 464 4090 uniuscuiusque
482 4049 518 4064 -
535 4018 744 4093 iniascainsqno
765 4023 832 4076 ch.
862 4025 897 4084 ¹⁷)
924 4029 1051 4092 correpte
1068 4049 1106 4066 -
1123 4029 1266 4092 correptae
1288 4021 1355 4086 Cori.
1385 4019 1421 4090 ¹⁸)
1440 4015 1556 4072 oblitum
1576 4051 1611 4062 -
1642 4009 1645 4016 ’

248 4111 277 4155 et
303 4102 420 4158 oblitum
449 4107 516 4161 cod.
546 4109 580 4176 Ἰ)
607 4107 744 4179 producte
768 4139 804 4152 -
829 4105 983 4182 productae
1011 4109 1078 4163 Ccd.
1107 4117 1143 4180 ¹⁰)
1172 4116 1299 4179 correpte
1325 4139 1360 4148 -
1379 4116 1522 4178 correptae
1542 4108 1608 4160 Ccd.

247 4197 283 4261 ”)
302 4191 439 4264 producte
457 4226 492 4237 —
510 4191 663 4268 productae
685 4196 752 4250 eor.
770 4201 805 4266 ²¹)
826 4205 952 4269 correpte
970 4230 1006 4241 -
1025 4205 1166 4270 correptae
1188 4197 1254 4249 cor.
1281 4195 1318 4268 ¹³)
1341 4192 1479 4266 producte
1494 4223 1529 4238 ι-
1545 4213 1609 4265 pro-

245 4277 345 4334 ductae
366 4281 443 4370 eoa·
462 4283 500 4353 ¹⁴)
526 4279 663 4355 polliceor
680 4315 716 4328 -
733 4283 869 4358 polliceor
890 4287 957 4339 ced.
986 4285 1022 4356 ⁸⁵)
1040 4281 1171 4340 moechor
1188 4316 1223 4326 -
1241 4301 1352 4338 moecor
1372 4284 1440 4338 Coei.
1461 4285 1497 4353 ”)
1516 4299 1610 4334 vereor

249 4367 315 4422 coa.
335 4389 370 4422 ex
387 4389 438 4424 em.
456 4391 499 4442 pr.
518 4390 598 4424 ns·
616 4374 736 4428 rererior
754 4394 771 4428 a
789 4395 831 4446 pr.
851 4393 886 4426 m.

189 4475 221 4542 a)
249 4471 293 4527 Cf.
313 4472 415 4528 Isidori
434 4472 493 4529 diff.
512 4479 565 4529 aab
584 4475 637 4530 litt
657 4480 687 4532 Ρ.
702 4478 755 4532 Νο.
772 4485 833 4538 475.
849 4475 897 4530 abi
916 4476 1033 4548 legitars
1051 4481 1151 4542 „later
1167 4482 1388 4550 principiam
1406 4490 1433 4531 et
1451 4479 1608 4532 initiam:

243 4566 479 4634 principium,
497 4569 587 4635 prima
604 4585 688 4635 pars:
717 4571 875 4628 initium,
902 4571 1114 4637 uniuscuiusque
1132 4573 1169 4620 rei
1188 4571 1341 4635 incipientis
1368 4567 1433 4639 (sic)
1452 4579 1609 4637 coeptans“

244 4647 422 4702 Eiiciendum
446 4651 530 4721 igitar
557 4649 667 4706 videtur
690 4649 723 4710 tsi
750 4659 886 4715 carminis,
904 4653 960 4705 nisi
978 4662 1041 4706 ante
1059 4651 1086 4705 b.
1113 4655 1271 4710 ninserere
1286 4652 1354 4729 velie
1372 4658 1488 4723 exempli
1505 4659 1607 4726 gutia.

247 4736 276 4808 b)
294 4739 374 4794 scidit
392 4759 449 4792 ease
466 4740 640 4794 demonstrat.
652 4741 728 4794 llaec
745 4739 948 4814 supplevimus3
973 4748 1038 4812 post
1055 4743 1197 4812 producte,
1217 4739 1254 4792 ob
1279 4738 1462 4792 membranam
1480 4743 1608 4806 avulsam,

245 4835 355 4894 praeter
371 4847 384 4880 a
403 4834 430 4880 et
439 4825 601 4900 particulam
619 4827 670 4882 ‘rai'
686 4849 701 4882 e
719 4827 912 4901 nibilamplius
926 4835 1060 4903 superest.
1081 4827 1236 4900 c)Lacnna‚
1248 4825 1353 4880 obtolit
1363 4837 1468 4898 partem
1479 4829 1607 4885 evulsam.

245 4914 275 4979 d)
294 4915 412 4983 diducr,·
430 4916 469 4968 ila
488 4914 590 4968 diserte
610 4916 697 4986 cod.;
716 4915 862 4989 legendum
881 4918 997 4971 forsitan
1016 4921 1126 4990 dignor.
1145 4917 1173 4988 s)
1190 4916 1227 4968 ita
1247 4913 1329 4986 plane
1349 4913 1435 4982 Cod.;
1460 4915 1608 4989 legendum

245 5001 363 5056 fortasse
381 5009 497 5077 operior.
514 5003 556 5076 J)
574 5003 695 5071 Lacuna,
714 5023 823 5060 ecaaea
837 5007 963 5078 superius
982 5004 1071 5060 allata.
1090 5009 1122 5078 ὅ)
1140 5001 1300 5073 Legendnm
1310 5012 1454 5074 putamus:
1473 5009 1503 5060 id
1516 5006 1608 5062 estrei

246 5091 297 5145 lsoc
313 5105 368 5161 est,-
387 5089 461 5148 linet
478 5092 657 5149 horinonlalis
675 5092 766 5148 saltim
785 5091 944 5165 compendii
963 5111 986 5148 r,
1006 5109 1046 5150 cat
1065 5095 1105 5165 (t)
1125 5091 1257 5171 distincte
1276 5089 1367 5146 adbuc
1385 5105 1508 5166 apparet.

697 5273 1045 5299 *α

1294 5365 1369 5432 29*
