4032 6070
554 515 1166 582 rnouransurnon.
1548 521 1617 590 Μ

150 663 365 730 nominativo
389 685 471 732 casu
492 668 629 732 numeri
652 665 836 752 singularis
850 659 880 750 ὃ)
902 667 1039 750 generis
1062 663 1244 728 masculini
1261 665 1309 746 ⁷),
1332 666 1393 749 qni
1416 663 1499 729 ·Ell·
1522 666 1616 732 litte-

150 769 193 832 ris
216 769 382 832 delinitur
403 770 439 832 in
462 769 585 833 eodem
607 769 823 833 nominativo
848 789 929 832 casu
951 769 1087 853 generis
1110 767 1163 830 sni
1186 788 1250 853 per
1263 766 1428 849 syllabam
1451 787 1524 830 non
1542 787 1617 832 ore·

150 882 266 947 scunt,
299 871 386 935 baec
413 870 451 934 iu
480 869 602 934 eodem
633 871 850 936 nominativo
879 890 941 934 suo
970 891 1033 956 per
1062 871 1253 958 geminatas
1281 882 1511 934 consonantes
1538 882 1619 934 ante

151 973 307 1036 ultimam
330 971 482 1037 litteram
506 971 719 1048 scribuntur,
742 985 901 1057 utputa:
924 973 994 1038 hic
1014 974 1156 1057 niger,
1186 973 1289 1036 haec
1310 973 1439 1057 nigra.
1470 971 1574 1035 Nunc
1588 965 1618 1052 ⁸)

152 1095 228 1140 cum
253 1075 432 1160 hospita
459 1093 525 1138 uec
552 1072 595 1138 ab
622 1076 813 1160 hospite,
842 1095 908 1140 nec
930 1077 997 1156 ιθ)
1024 1075 1202 1139 volucre
1228 1087 1288 1139 aut
1310 1087 1457 1138 tenero
1479 1074 1535 1138 vel
1557 1074 1639 1150 ni·‚

151 1196 222 1262 gro
251 1177 371 1240 venire
400 1176 592 1262 reperiatur
616 1178 670 1259 ¹⁰),
701 1189 735 1240 et
765 1177 845 1240 ideo
867 1175 910 1240 ab
933 1177 1107 1263 bospito
1135 1180 1175 1261 ¹¹)
1196 1177 1270 1240 lieri
1293 1178 1538 1262 pronuntiatur
1559 1177 1619 1258 ¹²);

152 1279 284 1343 scilicet
305 1279 470 1363 quoniam
500 1298 741 1363 quaecumque
763 1279 906 1342 uomina
928 1280 1065 1362 generis
1093 1279 1277 1344 masculini
1298 1280 1514 1343 nominativo
1539 1299 1621 1343 casu

55 1383 60 1396 '
152 1381 289 1444 numeri
312 1379 496 1465 singularis
519 1379 600 1444 ·US·
630 1380 754 1444 litteris
783 1392 863 1466 post
893 1380 1102 1464 singularem
1126 1393 1375 1446 consonantem
1398 1381 1620 1458 deliniuntur,

154 1497 254 1548 etex
276 1503 338 1548 sua
360 1483 475 1569 specie
497 1502 626 1566 genera
647 1482 813 1548 feminina
835 1482 948 1546 iacere
969 1495 1131 1568 possunt,
1162 1485 1248 1550 haec
1274 1485 1394 1548 eadem
1421 1502 1549 1567 genera
1571 1482 1621 1546 ie·

154 1586 284 1650 miniua
310 1585 348 1649 iu
373 1585 589 1649 nominativo
619 1605 701 1650 casu
730 1585 867 1650 numeri
897 1584 1081 1668 singularis
1110 1605 1224 1670 neque
1252 1607 1272 1650 a
1298 1587 1516 1650 nominativo
1539 1604 1623 1649 casu

153 1689 289 1752 numeri
317 1686 540 1770 singularis
557 1689 694 1771 generis
723 1685 906 1750 masculini
927 1707 991 1772 per
1012 1686 1178 1769 syllabam
1201 1701 1376 1763 crescunt,
1405 1705 1519 1772 neque
1540 1699 1621 1752 ante
1645 1721 1717 1782 0⁰),

153 1789 309 1854 ultimam
332 1789 481 1854 litteram
503 1809 568 1875 per
589 1790 779 1873 geminatas
804 1801 1033 1853 consonantes
1055 1788 1268 1866 scribuntur,
1291 1809 1357 1854 nec
1372 1791 1509 1874 generis
1524 1811 1622 1854 com-

157 1893 269 1956 muuis
292 1911 366 1956 esse
389 1891 622 1967 inveniuntur,
646 1904 681 1954 et
703 1890 782 1955 ideo
805 1890 1035 1976 hospitam,
1056 1904 1095 1954 ut
1117 1911 1221 1976 supra
1243 1891 1412 1972 diximus,
1436 1892 1532 1978 quod
1554 1896 1623 1958 bo-

155 1994 293 2079 spitus
317 1992 420 2058 iaciat
441 1992 530 2058 ratio
553 2013 658 2079 supra
679 1994 824 2058 decursa
846 1990 1010 2056 declarat.

235 2097 312 2164 226.
343 2095 468 2160 ltem'
459 2116 495 2158 nr
525 2097 590 2160 bac
619 2094 731 2160 iorma
758 2095 993 2180 suprascripta
1022 2094 1218 2178 quaeritur,
1254 2094 1298 2158 ab
1333 2115 1375 2158 eo
1410 2095 1506 2182 qnod
1534 2097 1624 2161 dixit

159 2198 403 2284 lergilius-
357 2199 535 2282 -quiu
563 2217 711 2283 aspera
741 2197 845 2262 luno
861 2200 961 2281 ·)-
989 2196 1058 2262 hic
1087 2215 1252 2283 asprns,
1281 2215 1327 2260 au
1353 2214 1624 2284 asperus,an

158 2319 281 2388 asper
302 2299 415 2364 iacere
438 2297 581 2364 debeat?

238 2402 358 2485 Quare
379 2403 448 2465 boc
469 2419 663 2476 monemus,
687 2399 783 2486 quod
804 2421 1045 2486 quaecumque
1066 2401 1211 2498 nomina
1232 2399 1369 2485 generis
1393 2401 1552 2464 feminini
1573 2421 1618 2465 ex

160 2505 270 2589 specie
292 2523 355 2567 sua
375 2501 548 2567 vocabula
568 2504 761 2568 masculina
783 2503 895 2568 lacere
917 2515 1079 2590 possunt,
1103 2503 1191 2566 haee
1212 2503 1333 2566 eadem
1354 2502 1525 2590 uocabula
1547 2523 1621 2568 ma-

161 2604 306 2682 sculina,
330 2605 360 2668 si
382 2605 419 2670 iu
441 2604 599 2690 quolibet
621 2625 704 2670 casu
726 2604 769 2669 ab
792 2606 916 2670 iisdem
938 2605 1139 2671 nominibus
1155 2605 1292 2688 generis
1316 2605 1474 2668 feminini
1496 2605 1626 2670 minori

162 2725 302 2772 numero
322 2697 362 2789 ¹³)
385 2707 595 2790 syllabarum
620 2707 807 2774 constituta
830 2729 903 2772 esse
925 2707 1158 2793 reperiuntur,
1171 2708 1267 2772 ‘baec
1280 2708 1524 2793 numquamin
1537 2727 1626 2792 quo-

162 2807 239 2872 libet
253 2829 337 2873 casu
351 2807 389 2870 iu
401 2803 578 2894 ultima1'4)
591 2810 649 2875 vel
660 2829 771 2896 paene
785 2810 907 2873 ultima
921 2809 1053 2892 syllaba
1064 2802 1105 2891 ¹⁵)
1118 2828 1183 2892 per
1197 2810 1388 2893 geminatas
1396 2821 1627 2875 consonantes

165 2909 368 2986 scribuntur,
392 2923 427 2975 et
443 2909 523 2974 ideo
536 2911 581 2976 ab
603 2910 764 2998 aspera,
788 2931 935 2996 asprus
957 2911 1031 2974 lieri
1048 2908 1263 2996 prohibetur.
1285 2911 1331 2976 At
1344 2929 1428 2974 vero
1450 2910 1493 2974 ab
1509 2929 1626 2995 aspe-

165 3031 219 3087 ra,
248 3013 318 3076 hic
348 3033 524 3098 asperus
553 3034 598 3078 an
627 3034 754 3100 asper
775 3013 930 3092 dicatur,
957 3016 1025 3078 boc
1040 3013 1085 3076 'in
1105 3025 1231 3077 natura
1253 3011 1461 3094 syllabarum
1484 3030 1626 3096 compe·

168 3125 274 3178 tenter
295 3112 521 3180 tractabimus
542 3106 593 3199 ¹⁶).

1578 2155 1730 2262 muns

240 3219 315 3282 227.
338 3215 442 3282 Nunc
464 3218 532 3282 boc
554 3228 736 3282 monemus
759 3217 795 3280 iu
818 3219 884 3280 hac
906 3216 1017 3282 forma
1040 3216 1176 3300 generis
1189 3214 1358 3290 feminini,
1382 3233 1451 3298 qua
1473 3213 1627 3278 diximus

167 3314 309 3382 ablativo
333 3338 415 3386 casu
437 3321 575 3384 numeri
596 3317 783 3404 singularis
805 3318 948 3382 nomina
977 3317 1027 3382 al·
1050 3318 1166 3381 littera
1194 3317 1375 3380 terminari
1396 3329 1431 3380 et
1449 3316 1490 3397 17)
1510 3317 1626 3379 norni-

167 3418 275 3484 nativo
297 3438 380 3485 casu
401 3421 540 3485 numeri
562 3421 748 3506 singularis
772 3421 823 3484 nl·
846 3419 961 3484 littera
984 3418 1135 3492 deliniri,
1166 3417 1261 3501 quod
1289 3437 1336 3480 ex
1357 3437 1398 3482 ea
1421 3435 1524 3502 quam
1547 3415 1626 3502 pln-

168 3539 216 3584 res
234 3523 328 3597 soni,
351 3524 420 3588 boc
442 3535 494 3588 est
511 3518 570 3607 ¹⁸),
593 3543 698 3608 quam
721 3522 873 3608 plurima
894 3522 1038 3586 uomina
1060 3519 1194 3606 possint
1217 3516 1386 3584 exbiberi.

243 3623 297 3688 De
320 3621 433 3690 forma
455 3625 592 3710 generis
616 3625 793 3701 feminini,
824 3645 894 3709 qua
917 3622 1068 3688 ablativo
1092 3641 1173 3686 casu
1194 3619 1332 3682 numeri
1354 3617 1540 3702 singularis
1562 3638 1627 3682 no-

171 3723 254 3786 mina
281 3723 332 3788 ·Α·
360 3726 476 3790 littera
503 3728 734 3792 terminantur
764 3739 798 3790 et
823 3726 1040 3790 nominativo
1069 3739 1150 3788 casu
1185 3721 1324 3785 numeri
1360 3720 1545 3805 singularis
1575 3721 1625 3784 Ἀ·

168 3822 272 3889 littera
293 3827 507 3892 deliniuntur
528 3841 697 3914 quantum
721 3830 810 3894 ratio
832 3827 1016 3914 poscebat,
1040 3823 1262 3889 tractavimus
1286 3824 1337 3905 ¹⁹).

243 3932 314 3994 228.
338 3930 403 3993 DE
424 3929 492 3993 ln·
507 3933 560 4014 ²⁰).
585 3931 837 4016 Quaecumque
859 3931 1004 3994 uomina
1025 3925 1162 4011 generis
1190 3923 1348 3986 feminini
1370 3922 1522 3987 ablativo
1546 3944 1628 3988 casu

168 4032 293 4096 numeri
315 4031 503 4118 singularis
526 4031 576 4098 aa·
602 4035 646 4117 ³¹)
678 4032 795 4098 littera
818 4031 1065 4107 terminantur,
1090 4039 1123 4092 et
1145 4027 1361 4091 nominativo
1386 4046 1467 4090 casu
1490 4028 1628 4090 numeri

217 4353 239 4421 Ι)
259 4353 365 4407 numeri
382 4349 528 4424 singularia
545 4353 578 4408 B.
595 4355 677 4410 V.=
691 4353 727 4406 A.
747 4354 771 4425 ²)
790 4353 899 4424 grueria
915 4349 1060 4406 masculini
1080 4351 1115 4406 V.
1134 4379 1171 4393 -
1187 4345 1332 4401 masculini
1349 4349 1382 4401 B.
1402 4367 1439 4399 π
1456 4345 1492 4400 A.
1513 4341 1536 4416 ⁸)
1555 4360 1629 4396 uuuc

267 4443 297 4495 B·
310 4439 347 4498 V·
365 4471 402 4484 -·
420 4459 474 4494 uec
490 4441 526 4496 A.
555 4443 578 4512 ⁹)
598 4460 613 4494 a
632 4443 669 4498 Υ.
688 4442 773 4495 --Β.
790 4442 827 4496 A.
857 4442 893 4515 ¹⁰)
919 4440 1070 4511 reperiatur
1090 4437 1125 4492 V.
1139 4438 1172 4492 Β.
1201 4455 1299 4489 esem.
1313 4455 1355 4506 pr.
1373 4454 1408 4488 m.
1435 4461 1469 4476 -
1494 4433 1629 4501 rerepsri·

269 4528 391 4583 taturB.
408 4549 426 4582 a
439 4549 482 4600 pr.
475 4547 533 4584 ..ιιι
551 4559 588 4574 -·
605 4529 775 4602 reperiantur
792 4527 857 4582 A.'
864 4523 1018 4598 ¹)hospito
1037 4528 1116 4580 Β.-
1133 4521 1244 4595 bospite
1264 4523 1299 4577 V.
1314 4522 1352 4578 A.
1381 4520 1629 4593 ”)pronnutiatnr

268 4616 300 4669 Β.
319 4618 355 4671 V.
374 4647 410 4658 —
428 4615 641 4688 pronuntiantur
658 4619 695 4672 A.
717 4619 755 4690 ¹⁸)
774 4633 887 4669 numere
908 4616 943 4668 V.
962 4616 1000 4670 A.
1018 4645 1055 4658 -
1072 4613 1234 4666 uomsroll.
1257 4612 1290 4680 ¹⁴)
1309 4609 1404 4664 ultima
1423 4610 1454 4662 Β.
1476 4607 1567 4662 Υ.-
1584 4603 1627 4656 ul·

267 4704 330 4756 tima
347 4700 454 4774 syllaba
470 4704 508 4758 A.
529 4707 564 4776 ¹⁵)
583 4723 670 4777 paene
689 4702 784 4758 ultima
803 4699 925 4774 syllaba,
943 4707 982 4755 aie
1005 4708 1099 4776 utique
1118 4701 1263 4772 &gendum
1281 4715 1350 4767 pro.-
1375 4703 1441 4768 pest
1458 4691 1551 4746 ultima
1571 4689 1627 4762 syl·

266 4787 328 4845 laba
352 4791 386 4846 B.
413 4805 442 4846 st
464 4801 531 4865 post
553 4792 677 4848 ultimam
705 4791 837 4864 syllabam
862 4791 897 4846 V.
913 4790 950 4843 A.
980 4793 1015 4862 ¹⁸)
1044 4784 1220 4842 tractabimus
1240 4785 1329 4840 V.—
1348 4783 1520 4836 tractavimus
1539 4782 1571 4834 B.
1590 4782 1626 4834 A

271 4881 408 4952 '’)stV.
426 4880 518 4935 A.=
481 4883 567 4935 ··.B
590 4881 743 4954 Ι’)ιιιΥ.
762 4881 853 4936 A.=
817 4880 905 4932 -.B
927 4877 1132 4950 ¹⁹)Deiorma
1150 4908 1267 4928 .....
1287 4871 1460 4925 tranmissus
1481 4870 1516 4925 V.
1536 4872 1574 4923 A.
1591 4901 1627 4910 -

267 4996 302 5011 -
317 4968 403 5023 ΙιιΒ.
421 4974 461 5024 sie
477 4969 546 5025 laese
564 4970 708 5024 decurtata
725 4982 805 5023 sunt.-
823 4969 867 5021 De
885 4967 971 5020 soma
990 4961 1162 5036 supradicta,
1181 4967 1312 5034 quautam
1331 4957 1400 5012 ratio
1420 4953 1555 5030 poscebat
1574 4967 1627 5012 tra·

271 5057 439 5110 clarinnaa.¹
441 5059 711 5128 ‘)Hiereditcod.
731 5059 793 5112 Β·
798 5055 1125 5128 ')··ABVR-et
1144 5053 1185 5102 “A
1205 5051 1241 5102 A·

223 5199 249 5262 ι)
269 5193 342 5268 virg.
359 5201 426 5254 Asu.
445 5197 466 5252 l.
485 5203 546 5260 279.
567 5159 573 5168 -

1314 5278 1389 5344 ιθ*
