4032 6070
413 515 484 584 atti
595 507 602 525 ‘
871 509 1439 570 rsoctsssntucu.

413 659 518 724 teris
541 655 755 724 delinitur
774 651 828 744 ³⁰).
861 661 1112 748 Quaecumque
1134 659 1277 726 uomina
1300 658 1437 743 generis
1460 656 1643 722 masculini
1664 653 1886 721 nominativo

412 780 494 826 casu
521 762 657 825 numeri
686 761 872 846 singularia
902 763 980 830 its·
1009 763 1133 829 litteris
1156 762 1368 826 deliniuntur
1390 773 1424 826 et
1452 770 1571 846 aptota
1593 781 1666 824 esse
1689 777 1760 822 non
1784 758 1886 821 inve-

408 863 568 940 niuntur,
592 866 677 928 baec
700 863 859 948 indigent
879 864 955 931 aliis
979 835 1134 944 casibud,
1157 885 1222 952 per
1244 883 1333 950 qnos
1355 875 1545 950 appareant
1558 855 1601 945 ΙΙ7)
1623 861 1786 947 adquam
1811 858 1886 922 ior-

409 985 501 1030 mam
525 966 699 1052 pertinere
723 967 951 1054 reperiantur.
1316 959 1324 974 '

495 1069 569 1134 209.
599 1067 716 1152 Quare
746 1089 986 1156 quaecumque
1014 1069 1158 1134 nomina
1185 1069 1323 1154 generis
1351 1067 1534 1132 masculini
1561 1063 1778 1130 nominativo
1803 1081 1888 1127 casu

409 1169 546 1232 numeri
563 1161 606 1249 ⁸⁸)
628 1170 812 1254 singularis
836 1171 913 1238 ·ES·
933 1169 975 1256 ¹⁸⁹)
996 1173 1121 1238 litteris
1148 1171 1377 1247 deliniuntur,
1409 1180 1557 1254 excepto
1581 1165 1778 1231 accusativo
1802 1185 1888 1230 casn

410 1269 548 1334 numeri
571 1271 704 1336 scilicet
726 1273 928 1358 singularia,
953 1275 982 1339 ai
1004 1276 1110 1340 alium
1140 1273 1332 1360 quemlibet
1354 1293 1471 1336 casnm
1495 1270 1538 1364 ad
1562 1270 1706 1334 formam
1730 1267 1888 1331 Anchi-

411 1393 478 1436 sae
508 1371 621 1438 iacere
651 1375 889 1460 reperiuntur,
918 1388 1001 1442 tunc
1021 1381 1066 1462 ⁹⁰)
1095 1380 1180 1442 haec
1210 1396 1275 1463 per
1304 1388 1437 1440 ceteros
1466 1371 1631 1460 casuspad
1659 1391 1783 1434 sonum
1805 1369 1888 1434 An-

412 1476 560 1540 chisae
584 1475 811 1542 declinantur.

496 1581 570 1642 210.
593 1578 654 1641 De
678 1581 925 1645 accusativo
949 1601 1046 1646 caan
1068 1581 1232 1644 numeri
1256 1577 1503 1662 singularis,
1528 1576 1597 1661 qni
1621 1575 1887 1639 ·EN·litteria

411 1679 685 1762 definituri').
711 1681 961 1767 Quaecumque
983 1684 1126 1747 itomina
1148 1682 1286 1767 generis
1305 1680 1487 1744 masculini
1504 1679 1701 1744 accusativo
1725 1697 1805 1741 casu
1820 1696 1867 1739 nu

411 1783 498 1844 meri
526 1781 711 1866 singularia
741 1783 826 1848 ·EN·
849 1784 974 1849 litteris
997 1785 1209 1850 definiuntur
1236 1793 1271 1848 et
1302 1795 1420 1869 aptota
1452 1803 1526 1846 esse
1555 1800 1627 1845 nnn
1649 1780 1891 1854 inveniuntur,

411 1884 498 1949 baec
528 1884 687 1969 indigent
715 1885 793 1952 aliia
824 1886 960 1952 casibus
987 1907 1053 1973 per
1082 1907 1170 1974 quus
1193 1897 1384 1974 appareant
1405 1884 1449 1949 ad
1478 1903 1584 1970 quam
1608 1881 1754 1947 iormam
1777 1881 1891 1969 perti·

412 2004 495 2050 uere
519 1987 745 2072 reperiantur.

498 2091 572 2153 211.
604 2087 722 2171 Quare
753 2109 993 2176 quaecumque
1021 2091 1164 2156 nomina
1194 2091 1332 2176 generis
1365 2088 1548 2153 masculini
1579 2087 1777 2152 accusativo
1806 2104 1891 2150 man

317 2201 390 2254 cett·
414 2190 552 2254 numeri
581 2189 766 2274 singularis
789 2195 833 2275 9’)
869 2193 953 2258 ·ΕΝ·
983 2193 1107 2257 litteris
1131 2193 1342 2258 deliniuntur
1363 2191 1378 2222 ⁴⁸
1393 2203 1427 2256 et
1449 2203 1567 2277 aptota
1596 2211 1669 2254 esse
1696 2207 1769 2252 non
1793 2188 1893 2250 inve·

411 2291 575 2368 ninantur,
598 2306 748 2378 excepto
771 2295 988 2358 nominativo
1012 2317 1094 2360 casu
1117 2296 1254 2359 numeri
1277 2295 1409 2358 scilicet
1427 2287 1470 2378 91)
1493 2293 1696 2377 singularis,
1728 2290 1756 2352 si
1781 2288 1891 2352 alium

305 2421 336 2472 v,
355 2392 604 2480 .9,‚quemlibet
634 2415 752 2458 casum
783 2396 827 2460 ad
857 2397 1002 2460 lormam
1033 2399 1249 2462 Anchisae
1277 2397 1389 2460 iacere
1419 2397 1656 2482 reperiuntur,
1687 2405 1769 2456 tnnc
1801 2393 1891 2454 baec

411 2513 477 2580 per
499 2507 632 2560 ceteros
656 2516 755 2560 casus
777 2497 821 2562 ad
844 2518 967 2562 sonunt
983 2491 1026 2582 θ’)
1049 2499 1269 2564 Anchisae
1293 2499 1521 2564 declinantur.

498 2598 573 2662 212.
602 2597 663 2662 De
692 2601 891 2664 vocativo
926 2621 1023 2664 casn
1060 2602 1226 2664 numeri
1253 2600 1515 2685 singularis,
1551 2598 1625 2684 qui
1656 2595 1706 2660 lt·
1737 2595 1893 2660 littera

414 2697 668 2762 terminatur
690 2691 743 2782 9“).
778 2701 1030 2787 Quaecumque
1057 2703 1200 2768 nomina
1229 2705 1366 2788 generis
1397 2701 1580 2766 masculini
1611 2699 1774 2762 vocativo
1807 2718 1891 2761 casu

413 2799 551 2862 numeri
573 2799 757 2885 singularis
781 2803 832 2866 ·E·
863 2804 979 2867 littera
1001 2803 1232 2868 terminantur
1254 2820 1288 2871 et
1316 2818 1433 2894 aptota
1457 2821 1625 2868 essenon
1648 2800 1889 2875 inveniuntur,

413 2902 500 2966 haec
529 2899 690 2986 indigent
717 2903 794 2969 allis
823 2905 958 2971 casibus
985 2926 1049 2994 per
1078 2926 1167 2991 quos
1197 2919 1387 2994 appareant
1408 2907 1454 2972 ad
1475 2925 1578 2992 qnam
1608 2903 1754 2968 lumnam
1778 2901 1891 2986 perti-

412 3021 497 3066 nere
520 3005 747 3090 reperiantur.

499 3107 575 3170 213.
599 3105 716 3189 Quare
739 3128 980 3194 quaecumque
1002 3112 1146 3176 nentina
1167 3113 1305 3196 generis
1329 3110 1512 3176 masculini
1533 3109 1693 3172 vocativo
1717 3125 1799 3168 casu
1823 3123 1890 3168 nu-

414 3207 502 3270 meri
525 3207 709 3292 singularis
733 3210 784 3273 ·E·
806 3209 921 3275 littera
943 3214 1175 3278 terminantur
1197 3228 1231 3279 et
1253 3227 1370 3300 aptota
1393 3234 1467 3278 esse
1489 3232 1561 3276 non
1583 3205 1628 3292 96)
1651 3205 1891 3281 inveniuntur,

415 3307 445 3374 ai
467 3307 572 3372 alium
596 3311 787 3395 quemlibet
809 3333 926 3378 casnm
949 3314 994 3378 ad
1018 3316 1163 3380 iormam
1185 3315 1399 3381 Anchisae
1422 3316 1534 3380 lacere
1549 3312 1781 3400 reperiuntur,
1806 3322 1893 3373 tunc

415 3409 501 3474 baec
523 3432 587 3497 per
609 3425 742 3479 ceteros
766 3435 864 3480 casus
886 3417 930 3481 ad
953 3437 1077 3482 sonum
1091 3419 1135 3500 ⁹⁷)
1157 3419 1372 3482 Anchisae
1395 3417 1623 3483 declinantur.

500 3515 574 3578 214.
602 3515 725 3595 Nunc,
754 3519 819 3582 etsi
842 3519 919 3605 quis
943 3539 1041 3584 casus
1060 3513 1103 3601 98)
1134 3520 1427 3604 quemadmodum
1452 3539 1555 3604 quem
1580 3535 1696 3580 casum
1726 3525 1825 3598 regat
1845 3514 1892 3596 ⁹⁹)

416 3611 747 3696 demonstravimus,
778 3631 930 3684 attamen
955 3624 1008 3703 ¹⁰⁹)
1041 3633 1075 3684 et
1103 3620 1220 3707 aliqua
1247 3624 1391 3687 nomina
1420 3621 1647 3693 subiciamus,
1683 3637 1729 3680 ex
1759 3613 1891 3700 quibua

415 3717 495 3802 qnia
517 3739 620 3802 quern
645 3739 761 3784 casum
781 3723 805 3804 ¹)
829 3734 926 3807 regat
947 3722 1112 3787 facillime
1135 3725 1350 3801 dinoscatum
1373 3735 1517 3809 utputa
1540 3742 1617 3786 cum
1642 3720 1736 3784 dicat
1759 3718 1893 3802 Vergi-

414 3816 547 3882 lius-
570 3819 648 3884 llle
679 3823 792 3886 inter
821 3845 1055 3910 navemque
1080 3825 1197 3908 'Gyae
1216 3807 1349 3910 7⁴)ss
1378 3845 1472 3889 nnnc
1494 3826 1563 3888 iam
1579 3819 1607 3906 ³)
1629 3821 1809 3907 quaeritur
1831 3839 1894 3884 ce-

417 3919 482 3982 teri
505 3939 601 3984 casua
615 3915 644 4006 ⁴)
669 3923 781 4006 Gyae
796 3919 825 4002 ⁵)
847 3926 891 3990 ad
914 3946 1018 4012 quam
1042 3927 1188 3992 formam
1211 3929 1385 4014 pertinere
1410 3927 1642 4012 reperientem
1673 3936 1707 3987 et
1728 3922 1828 3998 ideo,
1850 3933 1894 3986 nt

416 4019 453 4084 in
476 4022 712 4106 superioribus
735 4029 976 4109 tractavimus,
1000 4031 1051 4096 sic
1073 4043 1107 4096 et
1127 4029 1277 4118 probare
1298 4028 1501 4096 debebimus
1517 4021 1564 4112 ⁶),
1588 4027 1625 4091 id
1647 4039 1709 4104 est,
1732 4036 1772 4089 ut
1786 4024 1897 4088 buius

452 4360 491 4435 ”)
510 4360 640 4416 delinitur
649 4363 681 4417 V
678 4401 686 4416 .
694 4363 731 4418 A.
740 4365 772 4418 P.
781 4397 817 4408 -
828 4363 996 4420 deliniuntur
1002 4369 1034 4423 Β.
1056 4367 1094 4439 ⁸²)
1102 4376 1252 4439 appareant
1258 4367 1291 4422 Β.
1303 4367 1340 4422 V.
1352 4367 1387 4421 A.
1399 4371 1559 4438 -apparet
1575 4365 1608 4417 P.
1628 4364 1667 4435 ⁸⁸)
1686 4360 1795 4413 numeri
1807 4359 1843 4414 V·
1853 4359 1899 4414 Α·

522 4481 557 4492 -
575 4451 664 4504 nunt-i
681 4453 716 4505 B.
736 4454 775 4524 ⁸⁰)
797 4453 859 4508 ·ES·
879 4455 911 4508 Β.
921 4454 958 4508 A.
977 4486 1014 4498 —
1032 4455 1074 4507 ·E·
1095 4456 1130 4509 V.
1151 4460 1188 4527 θ’)
1207 4465 1273 4509 tnnc
1293 4455 1374 4509 V.A.
1384 4455 1461 4508 =B.
1481 4458 1517 4524 θ’)
1537 4447 1662 4504 Titulurn
1677 4471 1712 4500 =
1725 4450 1760 4503 B.
1779 4449 1818 4520 μ)
1833 4447 1904 4499 tin·

521 4537 624 4610 gularia
641 4541 673 4596 B.
686 4542 769 4602 V.A.
789 4569 824 4584 ··-
841 4539 988 4611 singularis
1006 4543 1175 4596 nominativo
1194 4561 1258 4597 casu
1278 4545 1308 4597 Ρ.
1335 4547 1371 4611 θ’)
1392 4540 1500 4596 scilicet
1518 4542 1551 4594 B.
1570 4563 1607 4590 =
1627 4537 1662 4594 V·
1677 4537 1714 4592 A·
1729 4537 1762 4593 P·
1788 4537 1826 4602 ’Ἰ
1845 4551 1905 4586 ⁸⁰¹·

400 4635 403 4642 ’
521 4645 586 4682 nnrn
605 4628 637 4683 Β.
648 4630 685 4686 V.
704 4661 741 4672 -·
757 4630 872 4682 sormam
889 4629 926 4684 A.
944 4631 982 4702 ⁸⁵)
1003 4632 1125 4684 Titulum
1142 4632 1216 4686 bunc
1233 4653 1269 4683 =
1285 4633 1318 4685 B.
1338 4633 1374 4702 θ’)
1393 4647 1449 4682 non
1466 4631 1500 4682 Β.
1517 4629 1553 4684 V.
1568 4630 1600 4683 Ρ.
1618 4649 1657 4678 =
1673 4626 1709 4678 A·
1735 4625 1773 4696 ⁸⁷)
1792 4639 1906 4676 *ΟΜΝ

521 4715 555 4770 Β.
568 4716 652 4773 V.A.
672 4749 706 4761 -
725 4717 839 4772 ioannem
858 4719 890 4772 Ρ.
917 4719 954 4788 1’)
973 4719 1026 4771 etsi
1046 4719 1107 4790 quia
1126 4737 1206 4772 caasa
1223 4721 1256 4775 Β.
1275 4721 1312 4774 V.
1331 4749 1366 4762 -
1385 4727 1414 4770 et
1432 4718 1456 4770 ai
1475 4731 1555 4769 cassu
1572 4717 1611 4769 A.
1630 4745 1665 4756 —
1683 4713 1708 4765 ti
1727 4711 1790 4783 quit
1810 4727 1905 4763 “⁸⁰⁸

522 4789 675 4876 quemlibet
690 4807 724 4860 P.
750 4810 787 4879 θ’)
807 4813 883 4877 regal
901 4806 938 4862 V.
954 4804 991 4860 A.
1008 4835 1043 4848 -
1061 4815 1138 4877 repet
1155 4807 1187 4861 Β.
1214 4809 1264 4880 ⁸⁰⁰)
1283 4817 1402 4860 attamen
1421 4805 1458 4872 V.
1475 4805 1512 4859 A.
1533 4833 1564 4846 -
1585 4801 1711 4856 adtamen
1731 4799 1764 4852 Β.
1787 4800 1811 4871 ¹)
1830 4798 1908 4870 quia

523 4909 604 4962 qnam
623 4909 716 4946 cunm
734 4894 767 4946 Β.
779 4893 856 4948 V.P.
875 4923 911 4936 -
929 4911 1012 4966 (μου
1030 4911 1063 4947 ex
1082 4911 1146 4948 caan
1163 4896 1200 4948 A.
1221 4897 1244 4964 ²)
1264 4893 1342 4964 Gyae
1362 4894 1398 4948 V.
1410 4894 1441 4947 P.
1456 4925 1492 4935 -—
1507 4891 1577 4947 Giaa
1596 4887 1671 4944 ΒΑ.
1692 4891 1716 4956 ’)
1735 4885 1789 4938 itm
1802 4884 1835 4938 B·
1855 4885 1898 4938 V
1896 4925 1905 4938 ·

521 4978 558 5029 A·
576 5001 613 5030 =
629 4981 661 5034 P.
681 4983 704 5051 ⁴)
724 4999 803 5036 casua
821 4983 941 5039 B.V.P.
961 5011 995 5026 -
1015 4999 1080 5036 caan
1097 4981 1134 5036 A.
1154 4982 1176 5050 ⁵)
1197 4979 1274 5052 Gyae
1293 4982 1330 5039 V.
1343 4981 1381 5036 A.
1400 5011 1436 5024 -
1454 4979 1524 5038 Giaa
1543 4981 1575 5035 Β.
1592 4978 1629 5033 A.
1657 4979 1680 5048 ’)
1699 4971 1820 5052 probare
1839 4969 1905 5026 de-

524 5061 651 5120 bebimus
669 5068 701 5120 Β.
714 5066 751 5123 V.
766 5067 804 5124 A.
825 5097 857 5113 -
876 5067 1055 5144 probabimus
1079 5065 1243 5124 debebimus
1260 5070 1292 5123 P.

461 5171 491 5242 a)
519 5167 597 5242 Virq.
615 5169 681 5224 ben.
702 5171 735 5227 V.
756 5177 817 5234 169.
