4104 6064
413 549 478 620 514
738 543 1556 606 rnauuunrsonsnuartca

414 1179 882 1270 uxonnrrunr
902 1183 1011 1270 nx
1024 1183 1331 1270 rnonnrr
1352 1164 1895 1312 oomnramo

492 1355 496 1363 ·
523 1319 602 1402 nu
620 1320 905 1406 noum
928 1320 1353 1406 nonnionem
1383 1317 1784 1406 snounuarr.

557 1699 589 1764 E
611 1697 701 1769 eoa
723 1699 930 1770 Monastsrii
952 1701 988 1768 S.
1011 1701 1112 1768 Pauli
1135 1703 1172 1766 iu
1193 1700 1296 1768 Valle
1317 1699 1512 1768 Larentina
1531 1697 1599 1765 No.
1621 1697 1749 1764 XXIV.

306 2056 407 2106 Mu·
505 2051 856 2120 autumnoue
868 2055 894 2139 ¹)
905 2053 1202 2140 ll.lnoipiteditio
1213 2051 1502 2118 aeouudaDonati
1513 2049 1796 2116 Grammatieide
1808 2071 1889 2138 par·

322 2112 396 2163 ‘⁰¹3'
414 2151 506 2216 tibus
520 2155 698 2221 orationis.
711 2157 1072 2245 Scripsitenimartem
1083 2157 1324 2246 duplicem‚id
1341 2169 1402 2230 est,
1418 2168 1498 2219 octo
1521 2167 1648 2241 partes,
1663 2175 1749 2240 quas
1772 2156 1888 2218 mino-

414 2275 469 2318 res
491 2269 619 2321 vocant
638 2272 749 2335 artes,
775 2281 795 2322 a
818 2259 943 2346 quibus
967 2259 1118 2323 secunda
1143 2261 1228 2323 haec
1251 2265 1306 2323 est
1324 2258 1442 2322 editio.
1478 2302 1484 2307 -
1750 2247 1754 2256 ’

497 2363 530 2423 2.
546 2359 616 2423 Sed
630 2361 821 2425 notandum
841 2376 892 2426 est
910 2361 1035 2448 quibus
1045 2363 1204 2448 personis
1219 2363 1381 2449 primam,
1393 2359 1590 2447 quibusque
1608 2360 1748 2444 scripsit
1766 2379 1891 2424 seeun-

415 2457 511 2535 dam,
536 2473 569 2522 et
587 2447 888 2546 interrogandum,
913 2475 999 2549 quot
1021 2475 1055 2526 et
1078 2463 1203 2548 quibua
1220 2466 1331 2528 causis
1354 2475 1443 2528 artes
1462 2463 1614 2527 minores
1638 2462 1795 2548 scripsit„
1811 2463 1887 2525 Hoc

415 2571 466 2623 est
489 2563 647 2646 personis
676 2585 863 2650 puerorum
888 2541 928 2628 'et
951 2566 1062 2628 causis
1086 2565 1206 2630 tribus.
1230 2563 1363 2639 Prima,
1394 2577 1433 2626 ut
1455 2565 1600 2654 scirent,
1624 2563 1887 2648 quibusmodis
1947 2628 1953 2639 ,

415 2673 505 2724 esset
528 2682 598 2738 ars;
623 2665 675 2742 11,
698 2679 738 2728 ut
760 2667 932 2729 discerent
954 2667 1181 2750 interrogare,
1204 2677 1243 2730 ut
1266 2680 1332 2730 est:
1357 2665 1508 2730 Partes
1531 2667 1761 2742 orationis,
1785 2675 1889 2750 quot

415 2767 533 2826 sunt?
555 2763 606 2829 111
630 2787 751 2843 causa,
774 2768 825 2832 uti
848 2773 991 2833 n'ossent
1006 2771 1034 2852 ³)
1057 2769 1190 2832 solvere
1213 2771 1436 2854 interrogata,
1460 2781 1499 2832 ut
1522 2781 1587 2832 est:
1611 2767 1741 2843 Octo,
1767 2778 1802 2831 et
1825 2766 1886 2831 rel.

414 2864 455 2928 In
478 2867 590 2952 prima
612 2869 658 2932 ad
680 2869 857 2934 docendos
879 2889 1007 2956 pueros
1030 2871 1297 2954 interrogationi
1320 2871 1486 2934 satisfacit
1509 2883 1544 2934 et
1566 2868 1748 2944 solutioni;
1771 2869 1809 2937 in
1833 2889 1889 2931 se-

414 2968 527 3031 cunda
550 2982 664 3033 autern
678 2971 842 3036 'editione
865 2991 1031 3059 personas
1053 2973 1224 3062 periectas
1247 2973 1349 3037 docet
1372 2974 1551 3037 seientiam
1580 2971 1788 3036 Latinitatis.
1819 2969 1890 3035 Sed

411 3086 476 3132 nos
506 3089 599 3134 nune
627 3073 743 3138 dicere
774 3076 963 3149 convenit,
999 3073 1124 3160 quibus
1153 3075 1266 3140 modis
1297 3077 1341 3140 sit
1368 3075 1627 3160 interrogatim·
1653 3073 1691 3138 id
1720 3085 1788 3150 est,
1818 3071 1885 3136 111:

413 3172 512 3256 quasi
535 3171 668 3239 discere
698 3176 838 3252 volens,
869 3178 925 3239 vel
956 3178 1100 3253 docere,
1131 3198 1175 3240 an
1198 3179 1410 3263 quaestionis
1436 3177 1650 3263 promendae
1672 3175 1793 3260 gratia.
1817 3173 1887 3237 Sed

412 3271 449 3335 in
478 3274 610 3339 artibus
642 3276 835 3342 minoribus
867 3279 965 3365 quasi
995 3279 1120 3343 docere
1142 3279 1264 3344 voleus
1287 3282 1480 3365 interrogat
1501 3281 1678 3355 Donatus,
1703 3277 1801 3341 cuius
1822 3297 1884 3340 au·

412 3374 608 3440 ctoritatem
638 3381 789 3445 ostendit
819 3379 1007 3467 Pompeius
1038 3382 1204 3448 dicendo:
1234 3382 1304 3447 Alii
1334 3384 1449 3468 inquit
1469 3375 1495 3464 ³)
1519 3382 1733 3466 scripserunt
1756 3387 1901 3452 artem,'

410 3475 473 3540 sed
495 3477 574 3542 iilos
596 3499 667 3544 non
690 3496 790 3568 putes
813 3483 1031 3568 intellegere,
1054 3485 1123 3547 nisi
1146 3505 1166 3546 a
1186 3485 1327 3548 Donato
1351 3483 1562 3571 sumpserint
1584 3481 1817 3568 principium,
1845 3493 1884 3543 ut

411 3591 463 3642 est
485 3578 620 3646 Probus
644 3597 678 3648 et
707 3583 836 3649 Caesar
856 3578 885 3668 ⁴)
909 3597 942 3650 et
965 3585 1040 3663 alii,
1071 3586 1131 3650 aed
1154 3607 1174 3650 a
1195 3589 1338 3652 Donato
1362 3597 1584 3673 sumpserunt
1606 3584 1818 3671 principium
1837 3585 1881 3667 ⁴).

408 3679 463 3743 De
486 3684 642 3768 partibus
665 3687 747 3750 artis
771 3687 852 3750 satis
875 3687 912 3751 iu
934 3689 1083 3775 proiogo
1106 3689 1250 3775 promsi.

464 3947 486 4015 ¹)
511 3929 651 3999 deditione
671 3948 738 4001 Cod.
758 3962 842 4003 conat.
862 3951 885 4019 ¹)
905 3957 1006 4003 rorent
1026 3949 1094 4003 cod.
1114 3953 1136 4022 ³)
1156 3947 1256 4023 inquid
1276 3949 1343 4003 Cod.
1364 3949 1387 4019 ⁴)
1407 3945 1525 4004 Caesare
1545 3947 1611 4001 Cod.

462 4051 494 4124 a)
513 4051 619 4106 Locum
637 4049 710 4108 huuc
729 4053 854 4128 Pompeii
873 4054 972 4110 frustra
991 4055 1185 4128 quaesivimus.
