4020 6068
625 563 1159 633 attestato
1574 569 1631 626 m

165 667 515 792 praemittendum
536 667 750 790 duximus)
775 673 884 758 loliis
901 671 1086 762 sedecim
1106 675 1315 791 prioribus
1336 674 1507 767 Codicis
1531 677 1632 764 olim

166 808 444 896 Bobieusis
466 838 578 892 nunc
605 805 1038 894 Vindobonensis
1067 809 1151 896 No.
1168 811 1305 900 XVII.
1331 813 1422 900 Sec.
1443 814 1545 900 VIII
1566 813 1633 898 vel

52 1039 55 1045 ¹
167 945 227 1030 IX
253 941 308 1026 ab
334 938 590 1029 Endlichero
622 953 807 1052 Catulog.
837 953 966 1028 Codd.
991 953 1133 1030 Pla-ilci.
1166 957 1259 1030 Lat.
1286 957 1472 1033 Bthttorlr.
1497 959 1631 1031 Pacu.

167 1085 383 1163 Vindobon.
402 1110 444 1192 p.
469 1095 551 1175 214
573 1106 667 1193 seq.
689 1073 906 1193 descripti,
928 1078 1204 1164 continentur.
1236 1078 1430 1166 Sedecim
1449 1083 1553 1166 haec
1571 1081 1632 1166 fo·

165 1213 218 1298 lia
241 1243 333 1296 curn
363 1235 544 1328 quatuor
569 1212 728 1296 amissis
758 1207 865 1298 duos
895 1213 1087 1328 primitus
1109 1214 1418 1301 constituebant
1448 1217 1632 1332 quintet·
1736 1295 1739 1300 .

164 1349 325 1452 niones,
357 1376 541 1464 quorum
569 1343 781 1434 secundus
805 1344 903 1432 lolia
929 1377 1028 1434 t-
1050 1377 1102 1435 ro
1135 1345 1304 1434 Codicis
1332 1349 1480 1465 implet
1499 1373 1541 1436 ct
1561 1351 1631 1434 sol.

171 1515 217 1570 ro
237 1513 275 1566 v.
297 1481 641 1596 quinternionum
661 1481 780 1591 signo
806 1495 855 1594 Q.
871 1493 927 1564 II.
947 1481 1130 1592 signatus
1152 1507 1240 1591 est3.
1254 1484 1415 1598 primus
1436 1514 1535 1570 vero
1563 1513 1634 1567 sex

166 1614 686 1730 tantumsolia(11-16)
711 1615 908 1718 continet,
929 1615 1151 1702 mulctatus
1168 1617 1323 1702 scilicet
1343 1617 1450 1703 loliis
1463 1615 1632 1702 duobus

161 1749 368 1866 prioribus
398 1772 440 1833 ct
468 1744 638 1834 duobus
664 1747 840 1852 ultimis,
871 1749 968 1834 hinc
996 1750 1122 1834 etiam
1141 1753 1484 1867 quinternionum
1514 1751 1632 1864 signo

163 1901 236 2000 (Q.
257 1897 340 1986 L),
372 1879 494 1998 quod
514 1881 662 1966 ultimo
689 1882 788 1967 folio
808 1883 1052 1998 impositum
1074 1906 1177 1989 erat,
1202 1882 1438 1978 destitutus.
1468 1885 1566 1972 Duo
1590 1887 1632 1968 hi

165 2017 477 2135 quinternioues
493 2047 515 2100 a
533 2014 780 2129 bibliopego
803 2019 1009 2102 monacho
1031 2043 1296 2132 praepostere
1315 2019 1429 2132 ligati
1446 2043 1555 2124 sunt,
1576 2021 1633 2103 ita

164 2177 203 2236 ut
218 2151 461 2268 quinternio
480 2147 688 2235 secundus
705 2151 886 2264 primum
904 2149 1137 2266 praecedat,
1158 2149 1271 2238 unde
1295 2154 1419 2238 etiam
1439 2185 1632 2268 perversu

166 2287 357 2372 loliorum
375 2284 609 2370 numeratio
638 2281 809 2368 Codicis
834 2287 964 2370 nostri
992 2284 1182 2401 explicari
1209 2287 1375 2401 poterit.

214 2419 561 2530 Fragmentum
583 2416 643 2503 de
661 2419 859 2504 nomine
876 2443 924 2504 et
939 2420 1632 2539 pronomincincipitdaepdbms,

164 2554 251 2640 sine
271 2553 358 2636 ulla
378 2553 645 2667 inscriptione
663 2551 777 2669 (nam
801 2583 894 2638 earn
916 2553 1189 2668 quamhabes
1205 2555 1245 2636 in
1265 2551 1451 2638 editione
1470 2575 1628 2638 nostra:
1677 2649 1681 2660 V

161 2689 225 2774 De
253 2687 496 2776 Genitivo
517 2684 788 2798 Singulari,
820 2717 898 2772 uos
916 2685 1144 2772 adiecimus
1162 2683 1217 2772 ad
1237 2717 1430 2774 normam
1450 2715 1627 2802 sequen-

164 2821 281 2938 tium)
305 2831 389 2932 sol.
420 2852 466 2908 11
494 2858 552 2926 r.‚
575 2818 694 2936 quod
716 2845 778 2906 est
798 2820 946 2906 folium
971 2821 1137 2906 tortium
1161 2820 1466 2938 quinternionis
1493 2820 1630 2934 primi,

162 2956 367 3073 prioribus
389 2952 557 3040 duobus
569 2955 741 3059 amissis,
754 2981 800 3040 ut
820 2953 1021 3063 diximus3
1044 2953 1184 3038 {initur
1202 2985 1300 3040 vero
1315 2965 1400 3063 sol.
1415 2972 1517 3054 ψ.
1534 2985 1629 3039 cunt

163 3089 487 3204 subscriptione:
529 3087 757 3202 Explicit
790 3087 851 3176 de
880 3090 1186 3174 Pronomine
1215 3087 1444 3174 feliciter.
1484 3065 1627 3174 Bono

161 3224 369 3310 Milicho
388 3221 639 3308 Romalco.
669 3220 881 3309 Addimus
903 3225 973 3308 hic
990 3219 1046 3306 ad
1068 3246 1213 3308 notam
1230 3232 1278 3306 d..
1292 3254 1334 3336 p.
1362 3239 1457 3318 141·
1473 3220 1629 3336 proba-

162 3358 283 3443 bilius
304 3357 428 3444 nobis
450 3387 562 3443 nuuc
579 3354 712 3442 videri
736 3357 1002 3442 Milichum
1032 3387 1187 3440 nomeu
1207 3355 1424 3470 proprium
1443 3384 1533 3440 esse
1556 3385 1629 3470 pa·

165 3492 269 3576 troni
287 3521 364 3607 pro
394 3522 484 3607 quo
516 3514 709 3576 tractatus
730 3489 798 3574 hic
826 3489 1115 3601 grammaticus
1146 3488 1437 3608 scribebatur3.
1457 3511 1566 3574 certe
1586 3490 1629 3572 in

165 3627 268 3710 serie
287 3627 576 3740 episcoporum
594 3625 896 3726 Africanorum,
910 3651 1020 3739 quae
1032 3621 1473 3734 legiturinMorceIli
1491 3621 1630 3704 Africa

167 3759 421 3862 Christiana,
451 3789 607 3844 nomen
627 3759 793 3842 Milici
814 3757 980 3872 saepius
1000 3757 1181 3860 recurrit,
1203 3778 1438 3870 notumque
1462 3777 1524 3840 est
1548 3753 1629 3840 illis

165 3894 424 4010 temporibus
441 3893 619 4004 viguisse
641 3889 826 3978 studium
848 3891 1135 4004 grammatices
1153 3889 1305 3973 latinae
1328 3890 1371 3972 in
1393 3888 1553 3994 Asrica;
1578 3887 1627 3970 ci.

163 4029 289 4114 Bien
302 4059 354 4114 er
373 4036 511 4112 Gcsclr.
529 4037 604 4110 der
618 4037 803 4114 Novelleu
817 4035 1045 4112 ertimau'r
1062 4061 1104 4134 p.
1130 4042 1181 4122 ll
1201 4050 1287 4110 not.
1305 4029 1380 4126 55,
1400 4023 1546 4138 ibique
1567 4021 1630 4106 lo·

166 4192 257 4248 curn
282 4161 449 4246 Ioannis
469 4160 581 4272 Lydi
605 4159 660 4246 de
678 4161 901 4272 magistrat.
914 4197 955 4268 p.
980 4163 1061 4246 286
1079 4169 1144 4242 ed.
1163 4170 1271 4242 Hace
1288 4153 1524 4258 laudatum,
1555 4156 1630 4240 ubi

164 4319 240 4381 cst:
272 4291 400 4396 ἠξίου
426 4290 612 4394 (sptenis)
637 4290 869 4394 περινοήσαί
894 4319 985 4369 τινα
1007 4287 1108 4390 πρὸς
1133 4287 1398 4368 διδασκαλίαν
1423 4285 1543 4366 αὐτῶ
1561 4293 1629 4386 τῆς

164 4422 369 4504 Ἰταλῖὸος
403 4430 554 4532 φωνῆς,
580 4421 720 4524 Audire
746 4423 956 4528 ἐπιᾶητών·
983 4423 1137 4502 αὐτοῦς
1161 4423 1242 4525 γὰρ
1269 4420 1436 4527 ἔφασκεν
1461 4418 1630 4524 e’yvauae‘·

165 4569 225 4620 rut
251 4541 581 4648 cropvlmrepms
606 4541 717 4640 παρὰ
743 4540 842 4618 τοὺς
866 4537 1061 4618 Ἰταλοὺς
1086 4539 1357 4642 διαλέγεσθαι.

279 4694 639 4805 Fragmentum
663 4690 725 4778 dc
746 4691 912 4780 verbo.
929 4689 992 4777 ad
1013 4693 1251 4777 Severum
1275 4688 1331 4774 ab
1350 4683 1639 4774 eademmauu

164 4849 399 4932 exaratum,
429 4857 540 4943 quae
560 4829 778 4942 scripserat
804 4829 1079 4938 fragmentum
1100 4820 1378 4941 praecedens,
1405 4821 1548 4936 incipit
1568 4821 1643 4906 fol.

167 4981 215 5060 14
237 5003 273 5046 ν.
294 4973 368 5048 col.
388 4999 428 5046 α.
450 4962 844 5077 cuminscriptionc:
868 4962 1056 5076 Incipit
1077 4957 1136 5046 de
1157 4957 1353 5064 Verbo;
1377 4954 1519 5039 [initur
1542 4985 1641 5038 vero

162 5096 231 5182 sol.
251 5103 283 5184 8
307 5135 341 5182 r.
366 5111 437 5184 col.
459 5135 498 5182 α.
516 5093 668 5184 addito
695 5095 757 5195 τῷ
785 5097 1007 5212 explicit
1048 5095 1102 5180 ab
1133 5094 1211 5178 alia
1243 5123 1370 5176 mauu
1397 5111 1440 5174 et
1469 5084 1643 5204 quidem

158 5233 212 5320 ab
237 5229 390 5322 eadem
409 5232 475 5320 cui
499 5227 707 5328 debentur
727 5231 880 5320 Probi
905 5252 1154 5346 excerpta
1191 5225 1254 5314 de
1276 5225 1644 5334 nominamus
