4104 6064
515 514 1341 574 nnsonnnrsonanusrrcs.
1589 523 1656 596 ω

182 685 271 752 qnae
300 676 417 730 tamen
447 663 582 750 liquido
611 665 777 750 cognosci
803 683 875 728 non
897 673 1030 751 potest,
1059 662 1128 728 nisi
1149 662 1378 748 longitudinis
1402 683 1542 752 quoque
1566 666 1655 730 ratio

181 767 366 846 habeatur3
397 767 435 830 in
466 767 539 832 eius
571 765 665 830 enim
694 765 810 851 aliqua
839 777 938 853 parte
961 785 1035 829 esse
1058 763 1161 830 debet
1182 763 1220 828 id
1246 765 1343 851 quod
1365 765 1569 830 altissimum
1592 781 1654 834 cst.

179 871 359 955 Denique,
384 889 462 934 cum
485 862 630 932 verbnm
654 870 870 944 enuntietur,
900 865 1017 952 aliqua
1038 867 1076 930 in
1099 887 1141 931 eo
1164 865 1295 948 syllaba
1323 888 1464 932 necesse
1487 883 1539 934 est
1560 890 1655 934 sum-

181 991 278 1034 mum
298 970 387 1036 illud
402 965 445 1055 ⁸⁹)
463 970 559 1034 vocis
575 969 750 1056 fastigium
765 969 951 1056 possideat,
975 969 1035 1034 sed
1058 989 1146 1054 quae
1168 970 1388 1055 potissimum
1412 971 1467 1049 sit,
1490 992 1531 1035 ea
1553 991 1655 1036 mon-

180 1073 283 1138 strari
305 1091 377 1135 non
406 1083 541 1158 potest,
571 1072 641 1136 nisi
667 1093 732 1160 per
753 1085 951 1158 temporum
974 1070 1225 1152 syllabarumve
1254 1083 1455 1148 numerum,
1488 1073 1548 1157 qui
1570 1094 1654 1158 pro-

181 1175 257 1260 prio
275 1176 320 1258 ⁹⁰)
348 1173 578 1257 longitudinis
608 1187 668 1238 est.
700 1174 943 1260 Quapropter,
974 1175 1038 1236 etsi
1060 1171 1217 1239 Metricis
1246 1173 1262 1204 ⁴
1284 1173 1423 1239 videtur
1444 1171 1653 1255 syllabarum
1674 1172 1746 1223 9999·

181 1289 340 1342 naturam
358 1275 403 1340 ad
416 1273 645 1351 Rhytbmicos
661 1277 706 1360 91)
722 1275 815 1340 solos
829 1275 1004 1360 pertinere
1020 1275 1051 1358 ⁴)
1074 1271 1272 1360 tempohnm
1296 1274 1523 1340 denumerare
1545 1278 1654 1341 inter-

178 1378 290 1456 valla,
314 1379 449 1454 tamen,
472 1377 555 1462 quia
578 1377 697 1442 titulus
718 1377 892 1466 propositi
912 1390 1097 1462 utramque
1112 1379 1157 1459 ⁹²)
1189 1377 1318 1461 llagltat
1341 1378 1578 1461 cognitionem
1597 1374 1653 1464 ⁹³),
1770 1433 1777 1442 .

179 1501 223 1543 ne
253 1480 357 1566 quid,
388 1478 485 1565 quod
516 1478 561 1543 ad
590 1479 774 1543 discendos
795 1471 839 1563 99)
870 1492 1034 1544 accentus
1061 1479 1229 1564 pertinet,
1260 1479 1377 1543 deesse
1403 1480 1579 1559 uideatur,
1610 1481 1653 1545 de

178 1580 278 1646 verbi
304 1581 524 1666 longitudine
553 1579 740 1645 dicendum
770 1592 841 1660 est,
873 1601 914 1645 ea
936 1579 1011 1645 sola
1032 1578 1269 1666 adtingentes,
1298 1603 1386 1668 qnae
1410 1583 1508 1669 operi
1531 1604 1652 1648 neces-

180 1684 269 1748 saria
290 1683 511 1748 videbuntur.

264 1787 317 1850 30.
345 1784 546 1868 Longiludo
576 1783 766 1853 verborum
794 1783 927 1866 duabus
953 1783 992 1868 in
1020 1783 1124 1848 rebus
1151 1797 1219 1849 cst:
1248 1799 1406 1872 tempore
1438 1799 1473 1850 et
1501 1786 1650 1868 syllabis.

179 1887 333 1971 Tempus
355 1885 399 1949 ad
422 1884 650 1968 Rhythmicos
672 1887 840 1974 pertinet,
864 1885 1015 1969 syllabas
1038 1886 1083 1952 ad
1104 1885 1281 1952 Metricos.
1306 1889 1402 1952 lnter
1423 1887 1651 1970 Rhythmicos

179 1999 214 2052 et
234 1985 402 2052 Metricos
425 1987 595 2053 dissensio
616 1987 786 2052 nonnulla
809 2001 879 2067 est,
907 1988 1004 2073 quod
1025 1986 1225 2070 Rhythmici
1248 1991 1285 2052 in
1307 2010 1409 2053 versu
1422 1989 1650 2076 longitudine

178 2090 275 2154 vocis
302 2101 462 2176 tempora
491 2091 682 2154 metiuntur
711 2102 746 2154 ct
780 2091 883 2154 huius
914 2109 1096 2153 mensurae
1131 2089 1312 2154 modulum
1345 2089 1476 2154 iaciunt
1513 2105 1650 2177 tempus

176 2189 421 2256 brevissimum
449 2193 486 2258 in
513 2211 737 2278 quocumque
769 2189 900 2272 syllaba
928 2193 1104 2256 enuntiata
1134 2193 1177 2255 sit
1206 2190 1347 2258 brevem
1369 2192 1489 2257 vocari
1505 2191 1549 2280 9).
1572 2191 1650 2258 Me-

177 2293 257 2358 trici
278 2308 394 2360 autern
424 2315 588 2360 versuum
618 2313 817 2359 mensuram
844 2290 985 2373 syllabis
1015 2294 1303 2382 conprehendunt
1327 2307 1360 2357 et
1383 2287 1427 2378 ⁹⁵)
1447 2295 1551 2359 huius
1574 2317 1649 2360 mo·

177 2395 297 2460 dolum
320 2395 487 2480 syllabam
509 2383 651 2462 brevem
665 2391 711 2480 ⁹⁵)
733 2393 955 2471 arbitrantur,
978 2409 1115 2482 tempus
1130 2408 1245 2462 autem
1267 2394 1512 2481 brevissimum
1528 2399 1573 2481 ⁹⁷)
1596 2400 1650 2467 in-

177 2497 314 2582 tellegi,
342 2498 438 2582 quod
459 2499 696 2566 enuntiatione
718 2496 944 2564 brevissimae
956 2489 1001 2580 99)
1023 2496 1174 2578 syllabae
1198 2500 1393 2564 cohaerens
1409 2500 1454 2582 99)
1477 2500 1649 2586 adaequa-

177 2599 267 2662 verit
293 2593 347 2681 Ι’99)
370 2602 413 2682 9).
436 2599 556 2685 ltaque
578 2599 780 2681 Rhythmici
806 2599 831 2682 ¹)
853 2597 1069 2684 temporibus
1092 2597 1239 2680 syllabas
1260 2601 1305 2683 ¹),
1328 2597 1470 2664 Metrici
1492 2613 1650 2689 tempora

176 2698 316 2782 syllabis
338 2700 478 2778 liniunt;
501 2700 722 2786 nequeenim
746 2697 861 2776 refert,
886 2711 1022 2787 tempus
1045 2701 1082 2764 in
1104 2699 1235 2782 syllaba
1258 2721 1342 2778 csse,
1366 2722 1411 2765 an
1432 2703 1470 2765 in
1492 2715 1649 2789 tempore

175 2801 343 2884 syllabam
359 2801 527 2878 dicamus,
552 2801 741 2868 dummodo
759 2800 917 2866 discendi
932 2821 1036 2865 causa
1050 2821 1255 2866 concessum
1273 2796 1301 2886 ³)
1324 2813 1385 2881 est,
1402 2823 1478 2866 eam
1501 2823 1647 2880 moram,

175 2921 245 2986 qua
272 2898 439 2989 breviat)
470 2902 600 2986 syllaba
622 2902 766 2983 dicitur,
797 2921 905 2966 unum
928 2915 963 2970 et
984 2901 1227 2970 brevissimum
1252 2915 1388 2989 tempus
1409 2924 1555 2984 vocare3
1579 2928 1649 2992 qua

173 3021 258 3066 vero
286 3001 392 3088 longa
419 3003 612 3090 profertur,
642 3003 710 3068 duo
738 3016 898 3094 tempora
929 3003 1228 3093 appellare,kipea
1258 3005 1353 3088 cogit
1386 3017 1526 3086 natura,
1566 3027 1647 3072 cum

172 3103 362 3188 loquimur.
399 3105 547 3174 Brevem
585 3108 852 3178 monochronon
872 3099 921 3188 ⁵),
956 3102 1099 3189 longam
1130 3102 1328 3172 dichronon
1349 3097 1378 3188 ⁶)
1414 3105 1647 3192 appellamus;

172 3205 241 3270 duo
272 3207 365 3270 enim
397 3205 503 3291 longa
530 3206 661 3288 syllaba
688 3207 794 3272 habet
816 3219 976 3292 tempora
999 3209 1044 3289 ⁷):
1074 3206 1260 3292 positionis
1282 3217 1317 3269 et
1338 3219 1501 3285 naturam
1530 3207 1646 3274 brevis
1672 3259 1677 3271 .

173 3319 316 3370 naturas
338 3307 443 3373 habet
463 3309 717 3378 tantummodo.
741 3309 926 3376 Terentius
941 3301 974 3394 ⁸)
995 3307 1164 3395 rhythmis
1186 3305 1307 3373 scribit
1329 3307 1529 3377 comoedias
1542 3312 1572 3393 ⁹)
1591 3309 1646 3376 vel

173 3407 326 3474 Plautus.

214 3667 250 3740 99)
275 3663 347 3722 iliud
371 3699 407 3711 —
428 3666 508 3723 illurn
532 3670 599 3726 Csd.
629 3673 668 3745 99)
687 3673 800 3746 proprie
824 3707 860 3718 -
881 3670 995 3744 probris
1016 3673 1083 3726 Cod.
1110 3674 1147 3743 ⁰¹)
1166 3667 1396 3742 llhythmieos-
1414 3667 1556 3724 rithmieos
1578 3671 1645 3724 coo.

276 3757 313 3827 99)
340 3764 485 3832 utramque
513 3758 581 3814 Ced.
600 3779 634 3813 ex
651 3778 702 3814 em.
720 3780 762 3832 pr.
782 3779 818 3814 m.
837 3792 873 3806 -
890 3767 1036 3832 utrumque
1055 3781 1073 3813 a
1090 3779 1132 3832 pr.
1152 3777 1187 3812 m.
1213 3763 1250 3832 99)
1276 3759 1462 3830 cognitionem
1487 3787 1524 3798 -
1541 3773 1647 3828 cogno·

278 3843 383 3898 tionetn
406 3846 475 3900 Cod.
501 3847 538 3917 99)
562 3843 767 3901 discendos-
786 3846 937 3903 discendus
958 3847 1025 3901 eod.
1052 3847 1088 3916 99)
1109 3844 1339 3917 conprehendunt
1356 3853 1386 3900 et
1404 3877 1438 3887 -
1457 3841 1647 3915 conpraehen-

279 3927 350 3986 dnm
371 3941 405 3986 nl
432 3935 500 3989 cod.
531 3935 568 4005 99)
597 3931 708 3990 brevem
730 3965 762 3978 —
789 3933 903 3989 brebem
929 3936 996 3988 cod.
1021 3935 1060 4007 99)
1084 3931 1276 3988 brevissimum
1299 3965 1335 3976 -
1362 3930 1555 3986 brebissimum
1578 3932 1645 3984 Cod.

278 4019 314 4090 99)
332 4014 510 4076 brevissimae
527 4052 563 4063 -
581 4017 763 4075 brebissimle
785 4025 851 4076 (lod.
879 4028 916 4096 99)
936 4019 1085 4076 cohaerens
1106 4049 1140 4064 -
1159 4019 1293 4074 coherens
1315 4022 1381 4074 Cod.
1409 4021 1457 4092 ¹⁰⁰)
1476 4015 1646 4092 adaequave-

278 4106 315 4161 rit
330 4136 367 4150 -
384 4105 582 4181 adaequsberit
601 4111 670 4165 Cod.
692 4112 716 4182 ¹)
735 4108 895 4180 llhytbmioi
911 4141 947 4156 -
966 4105 1087 4164 rithmihi
1109 4109 1177 4162 Cori.
1205 4111 1228 4179 ¹)
1247 4104 1368 4178 syllabas
1387 4135 1423 4147 —
1440 4103 1555 4176 syllabis
1577 4105 1643 4158 Cod.

278 4196 301 4264 9)
320 4210 484 4248 conoessum
500 4227 537 4239 -
555 4210 703 4252 eoncessum
724 4199 791 4251 Cori.
810 4199 834 4269 9)
853 4195 945 4254 brevis
964 4193 1112 4250 ——brebis
1132 4198 1201 4250 cod.
1226 4197 1249 4267 ⁵)
1269 4191 1477 4247 monochronon
1494 4225 1530 4234 -
1548 4209 1645 4247 naono·

277 4295 382 4336 cronon
403 4283 469 4336 Cod
489 4284 513 4353 9)
532 4279 688 4339 dichronon
705 4315 741 4327 —
759 4284 896 4340 ἀὶοτοηοιι
917 4285 984 4340 cod.
1004 4288 1028 4355 ⁷)
1047 4293 1169 4357 tempora
1187 4313 1223 4326 -
1243 4291 1352 4353 tempus
1373 4280 1439 4334 (lod.
1460 4282 1484 4354 9)
1496 4281 1646 4336 Terentius

278 4397 313 4410 -
330 4367 494 4424 Torrentius
515 4372 581 4424 eod.
602 4374 625 4444 9)
644 4371 802 4427 comoedias
820 4405 856 4416 -
874 4372 1014 4428 comedim
1036 4373 1102 4426 Coei.
1144 4379 1147 4396 ¹

223 4475 253 4544 ι)
280 4477 331 4530 stri
352 4475 477 4530 Metron
495 4481 699 4545 ...pertinere
719 4478 810 4532 Locus
830 4487 991 4550 corruptus,
1010 4477 1051 4530 sie
1069 4477 1184 4530 forsitan
1204 4471 1394 4547 refingendos:
1422 4477 1472 4527 ersi
1490 4475 1527 4526 ad
1544 4473 1643 4526 Metri-

275 4581 322 4616 cos
339 4565 445 4616 viderur
457 4565 629 4632 qualorum
647 4579 759 4630 numa,
778 4567 815 4620 ad
829 4565 1002 4638 thsdtmieor
1019 4567 1108 4618 solnm
1119 4569 1256 4635 pertinere
1274 4569 1326 4616 etc.
1346 4561 1395 4616 sic
1414 4561 1542 4613 inferius:
1564 4561 1642 4613 Tem·

274 4667 327 4720 pus
345 4651 382 4704 nd
405 4649 580 4723 Rhytlsmiuoe
603 4659 740 4723 pertinet,
765 4655 890 4720 syllabae
909 4654 946 4704 od
964 4653 1106 4707 Metricos.
1132 4653 1159 4720 l)
1180 4665 1206 4705 et
1224 4651 1304 4704 liuius
1322 4668 1466 4703 mensurus
1486 4648 1644 4700 ...brevem

271 4742 377 4808 γυψὶ.
404 4737 497 4792 hene
515 4738 683 4810 impeditus,
709 4741 737 4793 in
757 4761 811 4813 qno
835 4737 966 4794 nonnulla
985 4735 1122 4792 excidisse
1148 4737 1285 4792 videntur.
1312 4743 1338 4805 e)
1359 4750 1386 4789 et
1402 4736 1483 4794 omos
1501 4735 1643 4788 modulum

31 4877 33 4920 Ι
335 4826 541 4899 adaequaverit.
569 4825 675 4882 Locum
697 4825 734 4880 ad
757 4825 839 4882 fidem
865 4825 937 4884 Cod,
958 4823 1136 4892 exhibemus,
1162 4823 1381 4880 emendationem
1400 4819 1578 4898 peritioribus
1599 4837 1641 4873 re·

277 4907 443 4986 linquentes.
1201 4935 1203 4938 ·

31 5079 33 5122 l
376 5103 379 5108 ,
598 5083 1208 5120 w*

31 5127 33 5152 l
