4050 6064
427 468 653 575 arrnnntx
678 517 732 572 ΔΙ)
760 517 892 574 PROlil
918 516 1067 574 ARTE!
1086 517 1305 574 ΜΙΝΟΙΕΜ.
1536 521 1604 592 m

38 653 40 705 5
151 668 253 733 acleus
274 699 316 716 -·
338 665 509 750 Pasiphae
525 668 564 747 ¹⁹)
585 699 628 716 -
651 663 808 746 Casybus
825 667 866 746 ¹¹)
887 699 931 716 -
952 664 1113 749 flegedon
1129 666 1169 747 ¹⁸)
1185 699 1227 714 -
1245 662 1377 744 Sibylla
1401 655 1441 745 ¹³)
1463 683 1603 749 praesa·
1692 737 1696 748 ⁸

36 852 40 867 Ι
152 791 205 854 gns
224 805 262 816 --
285 765 491 830 Camilla-
507 767 704 831 Anthea-
726 766 894 832 Camillus
916 802 958 816 ·-
980 766 1106 831 Triton
1126 801 1170 823 -·
1184 765 1366 830 Alcanoris
1388 802 1428 816 -
1453 764 1604 831 Gulussa

152 907 183 920 -
203 869 379 953 Agenoris.

224 973 271 1037 36.
300 970 485 1034 Nomina
515 989 605 1034 cnm
628 982 811 1034 accentu
841 981 1042 1054 correpto
1069 960 1119 1051 ¹⁴).
1144 968 1362 1035 Castoris-
1383 967 1543 1034 Hectoris
1562 961 1603 1048 ¹⁵)

151 1071 282 1136 rhetoris
305 1064 346 1154 '⁶)
369 1107 411 1124 -
432 1069 622 1136 Mnestoris
642 1107 689 1122 -·
707 1072 845 1136 Actoris
873 1071 1030 1136 Aurunci
1044 1073 1078 1154 ⁸)
1106 1106 1150 1123 -
1176 1072 1368 1137 Laodamia
1391 1073 1432 1154 ¹⁷)
1452 1105 1496 1122 -
1510 1089 1558 1134 ca
1574 1114 1600 1133 ..

148 1175 185 1238 bo
203 1209 241 1224 -
260 1167 520 1254 barathrum'¹⁸)
541 1208 585 1224 -
604 1172 749 1238 barcent
767 1173 807 1256 ’4)
835 1210 879 1224 -
900 1173 1066 1258 palanges
1085 1175 1127 1256 '⁰)
1155 1207 1199 1224 -
1219 1172 1393 1254 Prochyta
1412 1174 1455 1255 ²¹)
1476 1209 1520 1221 —
1540 1191 1603 1256 pe·

148 1276 213 1340 licis
229 1274 261 1357 ⁵)
277 1311 322 1322 —
343 1293 379 1338 as
403 1319 412 1340 .
436 1319 445 1338 .
468 1319 476 1335 .
501 1293 561 1336 um
575 1275 609 1356 ‘)
624 1307 668 1325 -
692 1273 920 1340 Garamantas
941 1311 985 1329 -
1008 1274 1129 1339 arbuta
1146 1276 1200 1357 ²²).

221 1380 270 1442 ³7.
293 1375 478 1448 Nomina
500 1376 671 1460 generis
691 1377 936 1443 masculini.
959 1378 1124 1442 Urciolus
1144 1413 1188 1426 —
1211 1375 1298 1442 cinis
1319 1411 1362 1426 -
1383 1373 1604 1439 sextarius-

149 1477 270 1542 l'iberis
295 1471 338 1560 ²³)
367 1513 411 1526 -
442 1478 588 1561 congius
618 1511 657 1528 -
681 1497 784 1544 orcus
806 1515 850 1532 -
872 1499 959 1564 quar
979 1525 988 1543 .
1007 1527 1015 1544 .
1035 1480 1127 1544 arius
1141 1473 1174 1561 ’4)
1190 1513 1233 1530 -
1255 1478 1340 1542 dens
1362 1515 1404 1528 -
1425 1476 1538 1540 nodus
1560 1511 1604 1530 -·

35 1649 36 1666 .
148 1579 363 1642 articulus-
384 1598 511 1642 nervus
532 1615 575 1630 -
594 1592 717 1642 venter
738 1613 780 1630 -
801 1601 863 1664 pes
886 1615 927 1630 -
950 1580 1086 1645 cubitus
1104 1574 1146 1662 ”’)
1169 1617 1212 1628 -
1233 1591 1311 1644 utcr
1324 1615 1368 1631 -
1388 1579 1543 1643 modium
1560 1569 1603 1658 ¹⁵)

35 1671 36 1692 ¹
146 1716 182 1729 -
200 1699 284 1763 grex
301 1671 344 1760 ¹⁶)
374 1715 417 1727 -
453 1681 528 1744 lons
553 1683 597 1762 ²⁷)
625 1716 670 1732 -
691 1694 746 1746 st.
764 1725 774 1744 .
793 1727 802 1745 .
818 1729 826 1745 .
843 1684 876 1764 ’)
893 1717 938 1732 -
967 1682 1236 1746 commentarius
1259 1717 1303 1730 -
1324 1681 1480 1745 cucumis
1498 1670 1539 1763 ²⁸)
1561 1711 1605 1729 -

35 1785 36 1790 ’
146 1781 251 1844 acinus
273 1815 317 1832 -
337 1799 460 1846 vomer
480 1817 524 1833 -
544 1780 617 1866 ligo
640 1817 683 1832 -
705 1801 827 1868 vepres
849 1817 892 1832 -
915 1784 1079 1848 humerus
1096 1786 1149 1867 ²⁹).

217 2039 267 2102 38.
293 2035 582 2120 Porphyreticum
598 2023 640 2118 ³⁰)
664 2056 818 2099 marmor
838 2027 879 2119 ³¹)
901 2056 973 2099 non
995 2041 1258 2122 purpureticum
1282 2057 1437 2100 marmor
1456 2073 1498 2084 -
1516 2033 1604 2098 telo·

143 2137 228 2199 nium
251 2158 324 2200 non
348 2136 523 2200 teloneum
542 2130 585 2220 ³²)
603 2175 644 2184 -
660 2138 838 2222 speculum
854 2159 926 2201 non
949 2139 1102 2223 speclum
1116 2177 1159 2222 -Ι
1174 2139 1346 2203 masculus
1366 2159 1438 2201 non
1455 2135 1603 2200 masclus

142 2275 178 2286 —-
198 2238 331 2302 vetulus
354 2258 426 2301 non
449 2235 619 2320 vectust)
640 2275 682 2286 —
703 2241 832 2303 vitulus
856 2260 927 2304 non
956 2240 1066 2304 viclus
1088 2279 1130 2290 —
1152 2241 1357 2304 vernaculus
1384 2260 1458 2302 non
1479 2257 1605 2300 verna·

143 2337 207 2402 clus
231 2333 275 2387 -ἓ
305 2339 470 2402 articulus
499 2360 571 2402 non
602 2340 742 2404 articlus
770 2379 812 2388 -
833 2340 977 2406 baculus
1000 2363 1071 2405 non
1094 2342 1213 2407 baclns
1228 2333 1267 2423 ³³)
1298 2379 1340 2390 —
1362 2340 1509 2426 angulus
1531 2358 1604 2401 non

141 2441 254 2523 anglus
277 2478 319 2488 —-
342 2441 480 2525 iugulus
510 2460 582 2504 non
611 2441 725 2525 iuglus
748 2480 789 2489 -
813 2442 1040 2528 chalcostcgis
1060 2435 1151 2528 ³⁴)t)
1172 2464 1245 2508 non
1267 2444 1470 2508 chalcostcis
1485 2479 1529 2490 --
1550 2461 1604 2503 sc·

140 2543 327 2626 ptizonium
349 2535 392 2625 35)
422 2563 495 2605 non
518 2541 752 2627 septidonium
769 2537 810 2628 36)
840 2582 882 2592 -
903 2566 1013 2608 vacua
1035 2566 1106 2609 non
1129 2567 1242 2631 vaqua
1263 2585 1306 2594 —
1327 2547 1428 2608 vacui
1451 2562 1523 2606 non
1545 2562 1606 2604 va·

140 2645 193 2726 qui
220 2683 263 2692 —
294 2643 472 2707 cultellum
504 2663 577 2706 non
609 2643 799 2708 cuntellum
830 2683 871 2695 —-
898 2645 1053 2729 Marsyas
1080 2667 1152 2711 non
1174 2647 1332 2711 Marsuas
1358 2684 1402 2695 -
1425 2641 1604 2708 cannelam

138 2761 203 2808 non
226 2745 391 2810 canianus
407 2742 442 2828 l)
465 2783 507 2792 -
529 2745 696 2810 Hercules
720 2768 792 2811 non
814 2747 1006 2813 Herculeus
1034 2747 1077 2797 -'-
1101 2749 1263 2836 columna
1285 2770 1357 2812 nou
1380 2747 1541 2811 colomna
1562 2780 1605 2790 -

138 2859 256 2930 pecten
279 2867 351 2910 non
373 2847 522 2932 pectinis
543 2884 586 2895 —
609 2849 845 2932 aquaeductus
868 2869 939 2913 non
963 2851 1169 2936 aquiduotus
1191 2889 1234 2898 —
1257 2851 1388 2914 cithara
1403 2869 1475 2912 non
1499 2846 1606 2909 citera

139 2983 174 2994 —
197 2951 302 3012 crista
324 2969 396 3012 non
420 2961 532 3030 crysta
553 2985 595 2996 —
618 2948 764 3013 formica
786 2971 857 3013 nou
881 2952 1027 3015 furmica
1047 2989 1090 2999 —
1112 2953 1285 3015 musivum
1301 2971 1372 3014 non
1395 2967 1604 3011 museum-

139 3051 302 3134 exequiae
319 3043 361 3132 ³⁷)
383 3069 455 3112 non
478 3049 619 3113 execiac
641 3044 809 3147 -lgyrus
831 3072 903 3114 non
926 3054 1021 3136 girus
1036 3045 1078 3134 38)
1101 3091 1143 3108 -
1165 3051 1281 3114 *avus
1304 3071 1376 3114 non
1399 3071 1458 3132 aus
1480 3085 1523 3096 -
1537 3045 1603 3108 mi·
1612 3041 1715 3091 ²3⁵⁰*-

137 3148 180 3212 les
202 3171 276 3215 non
300 3151 408 3214 milex
429 3172 508 3214 -s
532 3141 573 3216 .'.
598 3148 609 3216 .“
631 3199 639 3215 .
662 3172 735 3214 non
765 3146 868 3215 suber
887 3153 916 3236 ¹¹)
946 3190 989 3200 —
1011 3153 1135 3236 figulus
1158 3173 1229 3216 uon
1252 3152 1331 3236 figcl
1347 3149 1379 3236 4)
1402 3189 1445 3199 -
1467 3168 1603 3212 mascu-

174 3341 210 3412 ¹⁰)
231 3333 366 3407 Pasiphae
384 3366 420 3377 -
437 3335 556 3406 passifae
577 3337 644 3390 cod.
666 3339 703 3409 ¹¹)
723 3335 848 3407 Casybus
867 3343 906 3392 ita
928 3341 995 3393 cet.
1018 3341 1053 3410 ¹²)
1073 3337 1215 3408 ssogedon3
1235 3345 1274 3391 ita
1293 3340 1392 3390 diserte
1413 3338 1481 3392 cod.
1504 3341 1538 3405 ¹³)
1558 3337 1602 3391 si-

235 3421 313 3493 bylla
330 3419 484 3494 -sybilla
505 3423 571 3477 cot.
592 3423 625 3494 ’4)
645 3433 761 3477 accentu
780 3434 907 3496 correpto
925 3435 1123 3478 -accentum
1142 3435 1299 3498 correptum
1320 3427 1388 3479 Cori.
1415 3427 1452 3497 ¹⁵)
1471 3423 1601 3478 Hectoris

235 3505 426 3564 -haectoris
447 3511 514 3566 eea.
536 3512 574 3579 ¹⁸)
594 3508 712 3566 rhetoris
730 3543 766 3554 ·-
784 3510 900 3566 rethoris
912 3514 979 3566 Coti.
1001 3517 1035 3585 ¹⁷)
1053 3511 1395 3569 Laodamia-landarum
1415 3515 1483 3568 Coei.
1508 3508 1601 3584 ¹⁸)ha·

238 3595 361 3650 rathrurn
379 3627 414 3638 -
431 3594 570 3652 baratrum
590 3598 657 3651 cod.
679 3601 714 3672 ¹⁹)
732 3595 860 3668 barcent3
880 3605 921 3654 ita
937 3603 1022 3673 piane
1042 3602 1110 3656 Coei.
1137 3605 1176 3675 ¹⁰)
1194 3599 1337 3673 pslaoges3
1356 3607 1397 3654 ita
1416 3602 1514 3654 deserte
1530 3599 1599 3652 Cori.

238 3687 277 3757 ¹¹)
297 3681 435 3754 Prochyta
452 3716 488 3725 -
504 3695 620 3756 prooyta
640 3688 707 3740 cod.
736 3689 774 3759 ⁸²)
793 3684 889 3741 arbuta
906 3719 942 3731 -
959 3686 1057 3742 arbota
1077 3690 1144 3744 cod.
1170 3692 1205 3760 ¹³)
1225 3687 1335 3742 'l'iberis
1354 3721 1389 3732 —
1407 3685 1510 3742 teberis
1532 3686 1601 3739 Cod.

238 3774 275 3844 ’4)
295 3768 406 3824 cubitus
433 3801 469 3813 -·
486 3770 599 3841 guhitus
621 3775 688 3827 eod.
717 3775 756 3846 ¹⁵)
775 3772 915 3842 modium;
941 3780 981 3830 ito
998 3781 1083 3849 plane
1103 3778 1189 3843 ΟΜ.)
1212 3783 1305 3847 posuit
1328 3780 1448 3842 lbrsitars
1466 3778 1602 3829 accusati·

239 3879 303 3914 uum
326 3877 378 3930 pro
405 3863 580 3912 nominativo.
609 3862 644 3930 ὀ)
673 3879 737 3930 grou
755 3894 790 3902 -
808 3881 869 3933 gres
891 3865 959 3920 Cod.
980 3867 1015 3936 ²⁷)
1035 3865 1110 3918 frons
1128 3895 1164 3905 —-
1181 3862 1252 3918 ssons
1274 3865 1341 3918 Cori.
1369 3866 1406 3937 2⁸)
1427 3863 1548 3916 cucumis
1567 3893 1602 3904 -

241 3947 363 4000 coeuntis
384 3948 452 4000 Cori.
472 3950 508 4019 ²⁹)
526 3943 656 4002 humerus
674 3981 710 3992 ·-
726 3967 836 4003 umerus
857 3953 924 4012 cod.
950 3955 987 4025 ³⁰)
1005 3949 1230 4024 porphyreticum
1243 3983 1279 3994 -
1296 3949 1512 4024 porphircticum
1534 3949 1602 4004 cod.

238 4035 278 4105 Ἰ)
298 4053 468 4088 marmor-
485 4053 603 4088 marmur
616 4038 698 4091 mot.
718 4051 745 4090 et
771 4058 835 4092 mox
853 4043 960 4094 iterum,
987 4042 1025 4112 ³³)
1044 4037 1182 4092 teloneum
1200 4068 1236 4081 -
1254 4038 1387 4092 telonium
1409 4041 1475 4094 Cori.
1494 4051 1521 4090 et
1539 4056 1603 4090 mox

238 4119 388 4174 toloneum.
406 4124 527 4176 Similem
546 4123 771 4196 orthographiam
798 4127 881 4179 habes
898 4147 945 4199 sp.
973 4129 1161 4182 Boiiandistus
1180 4127 1214 4180 de
1231 4129 1261 4186 S.
1284 4127 1434 4180 Wsrrsherc
1452 4145 1538 4198 puero
1556 4125 1600 4178 M.

239 4213 281 4268 19.
301 4209 392 4281 April.
411 4230 439 4281 p.
459 4215 519 4270 705.
539 4213 585 4264 uiri
602 4215 723 4282 iegitur.-
742 4210 877 4268 lireolonii
895 4228 922 4268 et
939 4220 1028 4287 operis
1046 4220 1193 4288 magistro,·
1211 4212 1456 4287 p.706.the010nii
1473 4214 1601 4283 scriptor.

239 4299 275 4366 ⁵³)
301 4293 397 4348 heolus
421 4329 457 4338 —
482 4295 575 4352 vaolns
602 4301 669 4353 Cori.
698 4301 735 4371 ³⁴)
762 4299 945 4372 chalcostegis
969 4334 1006 4344 -
1030 4301 1194 4374 calcostegis
1222 4305 1289 4356 Cod.
1314 4317 1341 4356 et
1365 4321 1430 4356 mox
1448 4299 1601 4354 calcosteis.

241 4382 278 4454 Ι5)
297 4384 481 4454 septizonium
501 4387 569 4442 Coei.
589 4407 623 4440 ee
641 4407 691 4440 em.
718 4407 760 4459 pr.
788 4407 824 4442 m.
844 4391 1028 4462 serpizoninm
1045 4410 1124 4463 apr.
1144 4410 1180 4444 m.
1208 4391 1243 4460 ³⁶)
1263 4388 1451 4460 sepiidoninnr
1473 4389 1541 4444 ced.
1568 4407 1602 4440 ea

238 4489 290 4524 em.
308 4491 351 4542 pr.
370 4491 406 4526 m.
426 4470 615 4542 scrpidoniurn
635 4493 714 4544 apr.
733 4493 769 4528 ru.
790 4478 828 4546 ³⁷)
847 4478 1150 4549 esequire-eaequae
1171 4478 1240 4532 ch.
1261 4480 1297 4548 ³⁸)
1310 4479 1521 4548 girus—gyrus
1534 4475 1600 4529 eod.

172 4559 207 4630 a)
235 4558 361 4612 Aurunci
385 4557 479 4630 lepide
505 4561 600 4630 posuit
617 4569 683 4631 post
701 4562 811 4614 Actoris
838 4564 947 4634 eVirg.
965 4568 1033 4617 Aen.
1053 4565 1115 4618 ΧΠ.
1135 4570 1179 4622 94.
1206 4567 1232 4636 ὀ)
1251 4568 1361 4636 predicis,¹
1382 4562 1527 4632 legendnm
1547 4564 1601 4613 lor-

241 4647 323 4699 tassis
348 4649 460 4722 pellicis.
488 4651 513 4718 c)
540 4667 571 4700 as
589 4683 597 4700 .
615 4686 621 4699 .
640 4667 704 4715 um3
731 4648 827 4702 literae
846 4649 1043 4714 intermediae,
1070 4648 1106 4704 oh
1125 4650 1221 4703 solium
1241 4649 1314 4707 eod
1333 4649 1453 4704 lacerum
1472 4649 1526 4718 legi
1544 4666 1601 4701 non

237 4741 363 4804 possunt
390 4735 419 4805 d)
439 4753 533 4807 quar.
553 4741 666 4800 .arius,·
691 4733 786 4788 literae
804 4737 983 4791 intermediae
1003 4736 1141 4792 evanidas.
1162 4740 1188 4809 e)
1207 4751 1321 4804 et....,·
1340 4747 1487 4810 sequentes
1506 4735 1602 4789 literae

239 4821 295 4874 situ
313 4817 460 4875 obductae.
478 4825 521 4894 J)
540 4825 630 4876 secius
640 4843 649 4890 ,-
669 4823 707 4876 ita
726 4821 798 4878 Cod.
818 4823 931 4891 diserto,
950 4842 1007 4879 non
1025 4827 1120 4884 vetites,
1140 4823 1215 4896 quod
1234 4833 1379 4896 expectes,
1397 4832 1427 4878 et
1443 4842 1507 4878 mox
1525 4823 1601 4876 simi-

237 4906 302 4962 liter
328 4913 417 4962 vitius.
444 4911 478 4983 ς)
506 4911 684 4983 edaieostegie
709 4907 935 4985 (χαλκοστιγῆς),
959 4913 1033 4965 sicut
1057 4905 1259 4984 narsaeus-psit,
1283 4909 1478 4986 sousscespn'e.
1505 4912 1537 4984 ir)
1560 4911 1602 4964 lte

237 4993 319 5068 plane
345 4994 418 5050 Cod.
443 4994 544 5052 mendo
563 4995 652 5053 tribus
671 5000 783 5070 punctis
802 4997 937 5054 vocabulo
956 5000 1042 5072 priori
1067 4999 1250 5072 praepositis,
1274 4995 1407 5054 indicato.
1436 5002 1458 5071 ι)
1476 5017 1490 5053 s
1510 5039 1516 5053 .
1538 5038 1544 5053 .
1566 5040 1572 5054 .
1594 5037 1600 5052 .

238 5099 292 5136 nen
310 5085 409 5151 subsr,·
428 5077 576 5155 legendum
587 5084 709 5142 videtur:
728 5089 834 5144 sobrius
846 5089 1003 5158 nonsoirer3
1024 5089 1059 5145 ci.
1079 5085 1163 5144 Probi
1181 5095 1230 5142 art.
1246 5087 1312 5148 urin.
1331 5105 1360 5159 p.
1379 5093 1439 5148 247.
1450 5087 1483 5142 V.
1503 5089 1534 5158 l)
1555 5087 1599 5141 Ci.

238 5169 320 5224 l’robi
340 5180 388 5226 art.
408 5173 473 5226 urin.
494 5191 521 5244 p.
542 5177 603 5232 251.
624 5175 656 5228 V.
