4032 6070
588 557 1147 621 suostanstttuon
1293 612 1296 618 ,
1527 563 1600 638 245

132 725 242 778 catera
258 711 359 791 talia,
382 725 475 798 quae
492 711 710 776 nominativo
733 729 814 775 casu
833 709 971 772 numeri
985 707 1170 794 singularis
1184 707 1268 773 ult·
1288 707 1413 775 litteris
1426 709 1597 774 deliniun-

132 829 201 893 tur,
225 815 401 902 quandoa
419 815 448 900 ⁷)
470 813 687 879 nominativo
708 833 790 878 casu
810 811 947 876 numeri
962 811 1147 896 singularis
1165 831 1229 898 pet
1244 825 1378 877 ceteros
1395 833 1493 878 casus
1508 807 1538 896 ⁸)
1552 833 1598 876 ex

132 915 259 999 syllaba
273 931 430 981 macera
445 917 502 980 rel
518 928 592 982 nou
612 933 768 980 crescere
787 913 1019 999 reperiuntur.
1458 977 1462 986 ,

212 1020 267 1088 96.
291 1017 368 1084 lloc
387 1019 493 1083 etiarn
515 1037 715 1094 monemus,
741 1013 836 1102 quod
853 1015 877 1079 ii
893 1015 924 1099 9)
943 1013 1152 1079 nominativi
1166 1017 1217 1098 ¹⁰),
1240 1014 1400 1100 aquibus
1417 1018 1524 1081 ceteri
1539 1037 1597 1082 ca-

133 1143 183 1186 sus
199 1140 263 1208 per
276 1117 444 1203 syllabam
459 1133 630 1196 crescunt,
653 1121 732 1208 plus
749 1117 879 1183 habeut
894 1117 934 1199 ⁸¹)
946 1117 1127 1202 potestatis
1141 1118 1177 1180 in
1193 1118 1375 1182 structuris
1396 1119 1453 1182 vel
1465 1121 1597 1197 metris,

133 1241 232 1310 quam
255 1223 307 1286 illi
326 1223 533 1288 nominativi
555 1243 575 1286 a
597 1223 723 1309 quibus
746 1221 852 1286 ceteri
875 1239 973 1283 casus
987 1207 1051 1304 per
1068 1219 1235 1300 syllabam
1251 1239 1322 1284 nou
1337 1235 1514 1298 crescunt.;
1528 1224 1601 1286 sed

134 1325 170 1390 de
190 1325 385 1390 sotundam
402 1329 440 1406 ”)
462 1336 637 1412 potestate
659 1324 800 1403 eumad
819 1335 929 1386 metra
948 1322 1024 1408 ipsa
1042 1323 1240 1386 venerimus
1257 1317 1308 1402 ¹³).

212 1431 265 1497 97.
297 1427 388 1492 Sane
404 1428 516 1494 'etiam
540 1429 609 1493 lroc
634 1447 818 1492 monemus
845 1425 885 1488 iu
912 1427 978 1488 hac
1005 1423 1117 1490 forma
1145 1425 1283 1510 generis
1307 1423 1506 1503 masculini,
1531 1447 1601 1510 qua

135 1529 283 1594 diximus
306 1529 343 1594 ln
364 1529 516 1616 positivo
531 1531 640 1618 gradu
661 1528 880 1594 nominativo
895 1545 975 1591 casu
996 1525 1135 1590 numeri
1157 1527 1342 1611 singularis
1357 1529 1499 1590 nomina
1514 1527 1598 1590 utt-
1611 1530 1638 1576 V·
1660 1529 1707 1590 ὧι

135 1629 255 1695 litteris
278 1631 431 1710 definiri,
455 1635 552 1720 quod
571 1653 645 1698 uon
668 1651 714 1697 ex
736 1653 778 1697 ea
798 1631 916 1718 plures
939 1629 1037 1708 soni,
1064 1628 1192 1707 idest,
1221 1629 1323 1716 plura
1352 1630 1495 1694 uomina
1518 1649 1600 1716 pos·

136 1731 200 1798 sint
213 1725 256 1816 ¹³)
279 1733 449 1802 exhiberi.

213 1839 270 1904 98.
292 1836 347 1901 De
371 1836 482 1902 iorma
504 1837 641 1922 generis
664 1832 867 1914 masculini,
890 1854 959 1920 qua
973 1827 1013 1916 ¹⁵)
1037 1835 1074 1898 iu
1094 1835 1247 1920 positivo
1260 1833 1370 1920 gradu
1383 1835 1604 1900 nominativo

137 1955 211 2000 casu
233 1931 372 2002 numeri
401 1939 587 2024 singularis
617 1939 760 2004 nomina
790 1941 874 2005 utt-
897 1938 1026 2006 litteris‘
1045 1937 1273 2013 deliniuntur,
1305 1937 1601 2022 quemadmodum
1710 1945 1713 1950 '

137 2057 175 2102 es
203 2041 453 2126 comparativis
479 2042 607 2128 gradus
635 2041 748 2108 iacere
774 2043 925 2129 possint,
955 2053 1124 2126 quantum
1147 2041 1236 2104 ratio
1260 2039 1445 2128 poscebat,
1474 2051 1602 2104 tracta-

137 2159 254 2204 samus.

212 2247 265 2312 99.
289 2243 353 2309 DE
377 2245 471 2311 ·Ex·.
496 2245 749 2333 Quaecumque
764 2249 907 2312 nomina
923 2245 1059 2331 generis
1076 2245 1258 2310 masculini
1273 2245 1308 2309 in
1322 2245 1475 2331 positivo
1490 2245 1599 2330 gradu

136 2347 348 2412 nominativo
366 2368 446 2412 casu
458 2349 596 2413 numeri
614 2349 799 2433 singularis
815 2351 899 2413 ·ΕΧ·
911 2350 1035 2414 litteris
1047 2347 1277 2438 deliniuntur,
1301 2346 1330 2410 si
1344 2349 1600 2432 comparativos
1711 2371 1713 2376 ’
1766 2356 1773 2374 “

136 2449 257 2532 gradus
278 2471 323 2515 ex
343 2471 379 2514 se
398 2450 512 2515 lacere
533 2465 680 2536 possunt
696 2445 752 2534 ¹⁶),
775 2455 862 2517 haec
876 2453 911 2515 in
926 2453 1042 2516 dativo
1059 2470 1140 2513 casu
1154 2449 1292 2512 numeri
1309 2447 1598 2534 singularis·01i·

137 2551 296 2632 syllabam
319 2553 497 2638 accipiunt
516 2565 553 2618 et
576 2555 852 2640 comparativum
871 2555 1017 2638 gradum
1042 2551 1179 2637 generis
1198 2553 1251 2615 sui
1269 2554 1464 2634 ¹⁷),tantum
1481 2564 1597 2616 osten·
1685 2637 1686 2640 Ἴ

138 2651 234 2729 dunt,
262 2666 424 2741 utputa:
453 2656 524 2720 hic
552 2673 702 2731 senex,
731 2656 831 2719 huic
859 2657 973 2733 seui,
1003 2655 1072 2718 hic
1094 2654 1243 2717 senior
1265 2653 1378 2717 iacere
1396 2653 1530 2719 debeat.
1553 2655 1598 2719 At

136 2773 221 2818 tero·
232 2755 320 2820 ltaec
340 2757 477 2842 generis
497 2759 680 2822 masculini
692 2760 846 2832 nomina,
866 2778 955 2843 quae
970 2755 1123 2822 diximus
1137 2756 1173 2819 in
1189 2757 1341 2842 positivo
1360 2757 1470 2840 gradu
1484 2757 1599 2821 norni-

136 2855 248 2922 ttatiso
267 2877 349 2922 casu
368 2853 409 2943 '')
427 2861 564 2924 numeri
585 2860 768 2944 singularis
788 2859 872 2924 ·EX·
894 2857 1019 2924 litteris
1040 2856 1194 2934 deliniri,
1222 2857 1454 2943 superlativos
1472 2860 1600 2943 gradus

136 2955 243 3024 lacere
263 2961 510 3046 prohibentur3
541 2961 675 3026 scilicet
695 2964 862 3047 quoniam
886 2965 972 3026 haec
995 2959 1115 3025 eadem
1140 2959 1358 3044 supradictae
1380 2961 1512 3024 formae
1535 2981 1600 3025 no-

137 3060 225 3124 mina
243 3061 282 3125 iu
305 3062 519 3149 superlativo
538 3065 648 3150 gradu
671 3083 793 3128 sonum
816 3063 945 3152 pedum
966 3064 1004 3126 in
1019 3062 1140 3126 metris
1154 3061 1209 3126 uel
1228 3061 1266 3125 in
1282 3063 1322 3144 ¹⁹)
1340 3063 1522 3127 structuris
1537 3083 1599 3126 ex·

137 3159 249 3228 ltibcre
267 3185 341 3228 uou
361 3178 517 3251 possunt.

218 3269 288 3332 too.
306 3253 398 3331 Sauo
409 3267 479 3331 ltoo
490 3286 685 3343 monemus,
701 3265 795 3353 quod
808 3267 895 3331 haec
912 3265 1066 3332 eiusdem
1081 3267 1299 3353 supradictae
1312 3263 1444 3331 formae
1455 3267 1599 3330 uomina

134 3369 265 3452 generis
289 3369 424 3433 scilicet
443 3369 643 3448 masculini,
666 3369 695 3434 si
716 3381 888 3455 cogantur
902 3389 947 3433 ex
961 3369 1078 3456 specie
1093 3389 1155 3432 sua
1171 3382 1205 3432 et
1221 3369 1358 3453 generis
1374 3368 1532 3432 leminini
1549 3369 1598 3433 la-

134 3489 210 3534 cere
221 3472 381 3548 uomina,
403 3471 499 3556 quod
518 3473 605 3535 haec
617 3471 737 3536 eadetn
754 3473 891 3557 generis
909 3471 1068 3536 lomiuiui
1085 3471 1228 3534 uomina
1239 3491 1305 3557 per
1319 3471 1596 3536 immutationem

135 3575 348 3658 repatiantur
366 3590 442 3642 esso
463 3573 624 3639 anomala
646 3573 708 3658 ¹⁹),
732 3586 772 3638 ut
796 3585 895 3661 putat
926 3573 998 3640 hio
1027 3593 1179 3650 senex,
1221 3574 1326 3638 haec
1354 3593 1459 3638 anus
1484 3573 1596 3638 iacere

133 3673 263 3742 debeat.

218 3783 287 3845 tot.
309 3779 414 3844 Nunc
431 3779 537 3844 stiam
560 3778 629 3843 ltoc
656 3775 837 3844 monemus
860 3779 897 3843 in
916 3775 1112 3843 nae-torma
1136 3779 1274 3863 generis
1297 3777 1498 3854 masculini,
1528 3799 1597 3864 qua

132 3878 280 3946 diximus
304 3881 341 3944 in
362 3881 514 3970 positivo
535 3879 647 3966 gradu
666 3883 884 3946 nominativo
905 3901 987 3947 casu
1001 3882 1138 3945 numeri
1154 3881 1337 3966 singularis
1352 3882 1494 3946 nomina
1512 3881 1595 3944 ·EX·

132 3979 251 4048 litteris
270 3983 423 4062 deliniri,
452 3983 551 4071 quod
567 4003 614 4058 ex
631 4003 671 4046 ea
691 3981 801 4047 lorma
820 3985 899 4071 plus
918 4003 1021 4071 quam
1042 3988 1112 4048 ties
1128 3983 1221 4063 soni,
1245 3986 1314 4049 hoc
1334 4000 1385 4050 est
1407 3986 1461 4068 ¹¹),
1490 4003 1595 4070 quam
1714 3981 1719 3986 ’

132 4085 198 4150 tria
218 4088 360 4152 nomina
377 4105 449 4151 non
471 4083 608 4173 possint
628 4083 786 4150 exhiberi
803 4090 857 4171 ”).

213 4187 265 4252 lle
283 4189 395 4253 lorma
408 4189 545 4274 generis
559 4186 760 4264 masculini,
785 4209 853 4275 qua
870 4189 906 4252 iu
919 4181 964 4273 ²³)
985 4189 1137 4275 positivo
1157 4187 1267 4276 gradu
1281 4190 1500 4254 nominativo
1514 4209 1595 4253 casu

128 4289 262 4353 numeri
282 4291 467 4376 singularis
484 4291 628 4356 nomina
646 4289 730 4353 ·EX·
744 4289 870 4355 litteris
884 4292 1096 4356 deliniuntur
1111 4281 1164 4371 ⁸⁴),
1189 4293 1482 4380 quemadmodum
1498 4313 1542 4356 ex
1558 4313 1595 4356 sc

128 4393 381 4477 comparativus
395 4394 540 4479 gradus,
563 4411 715 4458 necnon
730 4394 918 4458 etnomina
934 4393 1107 4459 feminina
1116 4387 1160 4480 ²⁵)
1184 4395 1296 4460 lacere
1312 4397 1448 4482 possint
1462 4387 1516 4479 ¹⁶),
1538 4395 1595 4460 vel

166 4619 196 4692 Ι)
222 4637 237 4674 t
254 4623 291 4678 V.
304 4623 346 4679 A.
362 4643 400 4678 =
416 4623 447 4678 P.
466 4624 491 4695 ⁸)
509 4641 560 4694 ptr
578 4631 685 4680 meros
704 4639 784 4677 aaut
803 4625 882 4680 V.P.
900 4645 937 4677 =
953 4623 991 4678 A.
1010 4625 1038 4698 θ)
1055 4623 1076 4676 ii
1093 4623 1133 4676 A.
1148 4653 1186 4668 -
1204 4619 1233 4675 lsi
1245 4623 1282 4679 V.
1303 4621 1551 4692 ¹⁰)uatuinativiV.
1562 4623 1593 4677 P.

231 4737 265 4754 -·
282 4711 401 4766 vocativi
419 4713 456 4767 A.
478 4719 513 4780 Ἰ)
532 4709 636 4765 habant
653 4711 691 4768 V.
709 4740 745 4756 ·-
762 4707 882 4765 habeant
900 4712 936 4766 A.
957 4713 996 4784 Ι’)
1013 4709 1165 4765 cucumim
1184 4711 1220 4766 V.
1238 4741 1274 4752 —
1288 4726 1382 4762 eorutu
1400 4710 1435 4762 A.
1459 4711 1494 4781 ¹³)
1510 4727 1594 4763 reue-

231 4797 313 4852 tiutat
331 4797 368 4853 V.
386 4829 423 4843 -
441 4798 630 4852 devenerimus
649 4799 684 4854 A.
708 4801 742 4863 ¹⁴)
761 4801 871 4871 postiui
890 4801 966 4854 V.P.
985 4831 1021 4842 --
1038 4808 1158 4871 possunt
1175 4799 1212 4853 A.
1235 4799 1269 4869 ¹⁵)
1284 4815 1337 4870 qua
1354 4823 1389 4840 ···
1408 4815 1488 4870 qum
1508 4799 1542 4852 V.
1553 4799 1592 4854 A.

234 4887 266 4956 ¹⁴)
284 4893 402 4958 possunt
422 4889 457 4942 V.
473 4889 504 4942 Ρ.
522 4917 558 4929 -
576 4887 687 4959 possint
704 4889 740 4942 A.
771 4891 806 4960 ¹⁷)
826 4888 868 4940 sui
889 4889 924 4942 V.
939 4889 971 4941 P.
993 4917 1024 4930 -
1044 4887 1101 4940 siut
1119 4886 1154 4942 A.
1177 4888 1213 4960 ¹¹)
1232 4883 1400 4938 nominativo
1421 4901 1486 4936 cusu
1506 4887 1542 4940 V.
1559 4886 1590 4939 Ρ.

230 4991 263 5026 =
280 4973 315 5030 A.
337 4979 371 5047 ’⁰1
389 4975 418 5028 itt
438 4975 473 5030 V.
492 4998 529 5026 =
546 4976 582 5029 A.
610 4981 646 5048 ¹⁰)
665 4973 787 5028 anomala
808 4977 844 5030 V.
862 4976 897 5030 Α.
916 5007 953 5019 -
970 4971 1104 5028 ιιιοιιιιῙίι
1122 4975 1155 5030 P.
1177 4975 1216 5045 ¹¹)
1236 4971 1290 5028 ltoc
1308 4981 1351 5026 eal
1370 4973 1406 5028 V.
1425 5003 1462 5016 -
1479 4974 1498 5028 i.
1518 4992 1542 5026 e.
1552 4976 1589 5028 A.

230 5061 268 5132 ⁸²)
280 5057 405 5134 exhiberi
425 5063 462 5118 V·
482 5095 517 5104 -—
536 5059 665 5117 exhibere
683 5063 718 5118 A.
738 5067 846 5120 diserte.
868 5067 905 5136 ²³)
924 5081 976 5136 qua
994 5079 1023 5115 ιιι
1044 5064 1080 5117 V.
1100 5095 1135 5104 -
1153 5070 1285 5134 quantum
1303 5061 1339 5116 A.
1365 5063 1400 5130 ²⁴)
1422 5057 1589 5116 deliniuntur

231 5149 263 5202 V.
278 5151 314 5206 A.
340 5183 376 5194 -
402 5149 568 5206 definiantur
586 5151 617 5207 P.
646 5153 682 5223 ¹⁵)
700 5155 811 5208 uomina
829 5151 960 5208 feminina
980 5152 1016 5207 V.
1035 5184 1069 5194 -
1088 5150 1218 5206 lominica
1237 5150 1346 5206 ucutiua
1366 5151 1402 5206 A.
1425 5153 1459 5222 ²⁶)
1480 5149 1590 5223 possint

231 5237 263 5290 V.
281 5269 315 5282 -
332 5247 452 5312 poatflttl
469 5241 505 5294 A.
