<?xml version="1.0" encoding="UTF-8"?>
<!DOCTYPE html PUBLIC "-//W3C//DTD XHTML 1.0 Transitional//EN"
    "http://www.w3.org/TR/xhtml1/DTD/xhtml1-transitional.dtd">
<html xmlns="http://www.w3.org/1999/xhtml" xml:lang="en" lang="en">
 <head>
  <title>
</title>
<meta http-equiv="Content-Type" content="text/html;charset=utf-8" />
  <meta name='ocr-system' content='tesseract 3.04.00' />
  <meta name='ocr-capabilities' content='ocr_page ocr_carea ocr_par ocr_line ocrx_word'/>
</head>
<body>
  <div class='ocr_page' id='page_1' title='image "./analectagrammat00eichgoog_0079.png"; bbox 0 0 4042 6070; ppageno 0'>
   <div class='ocr_carea' id='block_1_1' title="bbox 421 543 1480 636">
    <p class='ocr_par' dir='ltr' id='par_1_1' title="bbox 421 543 1480 636">
     <span class='ocr_line' id='line_1_1' title="bbox 421 543 1480 636; baseline 0.005 -20"><span class='ocrx_word' id='word_1_1' title='bbox 421 571 467 636; x_wconf 74' lang='lat'><strong>50</strong></span> <span class='ocrx_word' id='word_1_2' title='bbox 894 543 931 618; x_wconf 66' lang='lat' dir='ltr'><strong>u.</strong></span> <span class='ocrx_word' id='word_1_3' title='bbox 970 543 1151 620; x_wconf 76' lang='lat' dir='ltr'><strong>oracul</strong></span> <span class='ocrx_word' id='word_1_4' title='bbox 1177 564 1480 621; x_wconf 84' lang='lat' dir='ltr'><strong>sacennorrs</strong></span> 
     </span>
    </p>
   </div>
   <div class='ocr_carea' id='block_1_2' title="bbox 308 712 1891 3877">
    <p class='ocr_par' dir='ltr' id='par_1_2' title="bbox 419 712 1891 1110">
     <span class='ocr_line' id='line_1_2' title="bbox 422 712 1891 802; baseline 0.006 -25"><span class='ocrx_word' id='word_1_5' title='bbox 422 712 577 798; x_wconf 80' lang='lat' dir='ltr'><strong>exceptis</strong></span> <span class='ocrx_word' id='word_1_6' title='bbox 600 722 779 797; x_wconf 89' lang='lat' dir='ltr'><strong>quattuor,</strong></span> <span class='ocrx_word' id='word_1_7' title='bbox 813 712 908 778; x_wconf 90' lang='lat' dir='ltr'><strong>nulla</strong></span> <span class='ocrx_word' id='word_1_8' title='bbox 935 715 1103 800; x_wconf 80' lang='lat' dir='ltr'><strong>reperies,</strong></span> <span class='ocrx_word' id='word_1_9' title='bbox 1147 715 1216 778; x_wconf 89' lang='lat' dir='ltr'><strong>hic</strong></span> <span class='ocrx_word' id='word_1_10' title='bbox 1246 715 1329 790; x_wconf 91' lang='lat' dir='ltr'><strong>sol,</strong></span> <span class='ocrx_word' id='word_1_11' title='bbox 1361 716 1462 780; x_wconf 90' lang='lat' dir='ltr'><strong>haee</strong></span> <span class='ocrx_word' id='word_1_12' title='bbox 1491 713 1704 800; x_wconf 84' lang='lat' dir='ltr'><strong>Tanaquil</strong></span> <span class='ocrx_word' id='word_1_13' title='bbox 1727 722 1783 802; x_wconf 82' lang='lat'><strong>¹),</strong></span> <span class='ocrx_word' id='word_1_14' title='bbox 1821 724 1891 786; x_wconf 90' lang='lat' dir='ltr'><strong>bic</strong></span> 
     </span>
     <span class='ocr_line' id='line_1_3' title="bbox 421 815 1890 907; baseline 0.005 -27"><span class='ocrx_word' id='word_1_15' title='bbox 421 815 592 892; x_wconf 90' lang='lat' dir='ltr'><strong>consul,</strong></span> <span class='ocrx_word' id='word_1_16' title='bbox 623 816 696 878; x_wconf 87' lang='lat' dir='ltr'><strong>hic</strong></span> <span class='ocrx_word' id='word_1_17' title='bbox 729 828 762 879; x_wconf 88' lang='lat' dir='ltr'><strong>et</strong></span> <span class='ocrx_word' id='word_1_18' title='bbox 792 819 897 880; x_wconf 80' lang='lat' dir='ltr'><strong>liaeo</strong></span> <span class='ocrx_word' id='word_1_19' title='bbox 928 830 962 881; x_wconf 89' lang='lat' dir='ltr'><strong>et</strong></span> <span class='ocrx_word' id='word_1_20' title='bbox 991 818 1070 882; x_wconf 90' lang='lat' dir='ltr'><strong>hoc</strong></span> <span class='ocrx_word' id='word_1_21' title='bbox 1099 818 1197 880; x_wconf 84' lang='lat' dir='ltr'><strong>exul</strong></span> <span class='ocrx_word' id='word_1_22' title='bbox 1219 818 1278 901; x_wconf 74' lang='lat'><strong>¹⁰);</strong></span> <span class='ocrx_word' id='word_1_23' title='bbox 1313 819 1450 902; x_wconf 84' lang='lat' dir='ltr'><strong>generis</strong></span> <span class='ocrx_word' id='word_1_24' title='bbox 1480 839 1564 884; x_wconf 83' lang='lat' dir='ltr'><strong>vero</strong></span> <span class='ocrx_word' id='word_1_25' title='bbox 1590 823 1705 884; x_wconf 88' lang='lat' dir='ltr'><strong>nentri</strong></span> <span class='ocrx_word' id='word_1_26' title='bbox 1726 823 1890 907; x_wconf 89' lang='lat' dir='ltr'><strong>plurima,</strong></span> 
     </span>
     <span class='ocr_line' id='line_1_4' title="bbox 419 917 1891 1006; baseline 0.006 -24"><span class='ocrx_word' id='word_1_27' title='bbox 419 921 667 1006; x_wconf 88' lang='lat' dir='ltr'><strong>quaesierunt</strong></span> <span class='ocrx_word' id='word_1_28' title='bbox 684 917 932 1000; x_wconf 88' lang='lat' dir='ltr'><strong>monosyllaba,</strong></span> <span class='ocrx_word' id='word_1_29' title='bbox 957 921 993 984; x_wconf 94' lang='lat' dir='ltr'><strong>in</strong></span> <span class='ocrx_word' id='word_1_30' title='bbox 1006 923 1168 1004; x_wconf 84' lang='lat' dir='ltr'><strong>genetivo</strong></span> <span class='ocrx_word' id='word_1_31' title='bbox 1182 919 1333 984; x_wconf 82' lang='lat' dir='ltr'><strong>litteram</strong></span> <span class='ocrx_word' id='word_1_32' title='bbox 1350 919 1588 1005; x_wconf 80' lang='lat' dir='ltr'><strong>duplicabant,</strong></span> <span class='ocrx_word' id='word_1_33' title='bbox 1612 923 1711 1000; x_wconf 89' lang='lat' dir='ltr'><strong>mel,</strong></span> <span class='ocrx_word' id='word_1_34' title='bbox 1734 927 1891 1004; x_wconf 87' lang='lat' dir='ltr'><strong>mellis,</strong></span> 
     </span>
     <span class='ocr_line' id='line_1_5' title="bbox 419 1021 1890 1110; baseline 0.006 -25"><span class='ocrx_word' id='word_1_35' title='bbox 419 1023 493 1099; x_wconf 82' lang='lat' dir='ltr'><strong>iel,</strong></span> <span class='ocrx_word' id='word_1_36' title='bbox 518 1021 648 1086; x_wconf 83' lang='lat' dir='ltr'><strong>iellis.</strong></span> <span class='ocrx_word' id='word_1_37' title='bbox 672 1021 859 1107; x_wconf 83' lang='lat' dir='ltr'><strong>Excipitur</strong></span> <span class='ocrx_word' id='word_1_38' title='bbox 878 1043 986 1086; x_wconf 92' lang='lat' dir='ltr'><strong>unum</strong></span> <span class='ocrx_word' id='word_1_39' title='bbox 1010 1025 1092 1102; x_wconf 86' lang='lat' dir='ltr'><strong>sal,</strong></span> <span class='ocrx_word' id='word_1_40' title='bbox 1123 1023 1244 1100; x_wconf 89' lang='lat' dir='ltr'><strong>salis,</strong></span> <span class='ocrx_word' id='word_1_41' title='bbox 1274 1023 1367 1086; x_wconf 90' lang='lat' dir='ltr'><strong>unde</strong></span> <span class='ocrx_word' id='word_1_42' title='bbox 1391 1023 1532 1110; x_wconf 92' lang='lat' dir='ltr'><strong>quidam</strong></span> <span class='ocrx_word' id='word_1_43' title='bbox 1552 1027 1636 1089; x_wconf 88' lang='lat' dir='ltr'><strong>hoc</strong></span> <span class='ocrx_word' id='word_1_44' title='bbox 1668 1028 1756 1092; x_wconf 86' lang='lat' dir='ltr'><strong>sale</strong></span> <span class='ocrx_word' id='word_1_45' title='bbox 1778 1029 1890 1094; x_wconf 90' lang='lat' dir='ltr'><strong>decli-</strong></span> 
     </span>
    </p>

    <p class='ocr_par' dir='ltr' id='par_1_3' title="bbox 308 1122 1888 1626">
     <span class='ocr_line' id='line_1_6' title="bbox 308 1122 1888 1216; baseline 0.006 -29"><span class='ocrx_word' id='word_1_46' title='bbox 308 1153 408 1216; x_wconf 60' lang='lat' dir='ltr'><strong>f„,7„‚</strong></span> <span class='ocrx_word' id='word_1_47' title='bbox 418 1137 502 1188; x_wconf 87' lang='lat' dir='ltr'><strong>nant</strong></span> <span class='ocrx_word' id='word_1_48' title='bbox 522 1123 567 1206; x_wconf 82' lang='lat'><strong>¹¹).</strong></span> <span class='ocrx_word' id='word_1_49' title='bbox 593 1122 723 1188; x_wconf 90' lang='lat' dir='ltr'><strong>Omnia</strong></span> <span class='ocrx_word' id='word_1_50' title='bbox 732 1136 848 1187; x_wconf 90' lang='lat' dir='ltr'><strong>tamen</strong></span> <span class='ocrx_word' id='word_1_51' title='bbox 863 1125 1021 1190; x_wconf 78' lang='lat' dir='ltr'><strong>ratione*</strong></span> <span class='ocrx_word' id='word_1_52' title='bbox 1036 1129 1157 1192; x_wconf 76' lang='lat' dir='ltr'><strong>tertiae</strong></span> <span class='ocrx_word' id='word_1_53' title='bbox 1170 1126 1411 1191; x_wconf 80' lang='lat' dir='ltr'><strong>declinationis</strong></span> <span class='ocrx_word' id='word_1_54' title='bbox 1425 1129 1625 1204; x_wconf 66' lang='lat' dir='ltr'><strong>decanatum</strong></span> <span class='ocrx_word' id='word_1_55' title='bbox 1639 1149 1720 1194; x_wconf 84' lang='lat' dir='ltr'><strong>nam</strong></span> <span class='ocrx_word' id='word_1_56' title='bbox 1736 1131 1800 1194; x_wconf 93' lang='lat' dir='ltr'><strong>·lS·</strong></span> <span class='ocrx_word' id='word_1_57' title='bbox 1818 1134 1888 1215; x_wconf 86' lang='lat' dir='ltr'><strong>syl·</strong></span> 
     </span>
     <span class='ocr_line' id='line_1_7' title="bbox 418 1227 1887 1320; baseline 0.006 -28"><span class='ocrx_word' id='word_1_58' title='bbox 418 1227 496 1292; x_wconf 89' lang='lat' dir='ltr'><strong>laba</strong></span> <span class='ocrx_word' id='word_1_59' title='bbox 510 1227 708 1312; x_wconf 86' lang='lat' dir='ltr'><strong>genetivum</strong></span> <span class='ocrx_word' id='word_1_60' title='bbox 726 1227 917 1312; x_wconf 80' lang='lat' dir='ltr'><strong>proferunt</strong></span> <span class='ocrx_word' id='word_1_61' title='bbox 943 1228 1063 1315; x_wconf 90' lang='lat' dir='ltr'><strong>Siqua</strong></span> <span class='ocrx_word' id='word_1_62' title='bbox 1081 1229 1148 1294; x_wconf 88' lang='lat' dir='ltr'><strong>alia</strong></span> <span class='ocrx_word' id='word_1_63' title='bbox 1168 1231 1308 1296; x_wconf 88' lang='lat' dir='ltr'><strong>inventa</strong></span> <span class='ocrx_word' id='word_1_64' title='bbox 1330 1230 1467 1304; x_wconf 86' lang='lat' dir='ltr'><strong>luerint,</strong></span> <span class='ocrx_word' id='word_1_65' title='bbox 1492 1234 1649 1317; x_wconf 83' lang='lat' dir='ltr'><strong>exceptis</strong></span> <span class='ocrx_word' id='word_1_66' title='bbox 1667 1255 1770 1320; x_wconf 89' lang='lat' dir='ltr'><strong>supra</strong></span> <span class='ocrx_word' id='word_1_67' title='bbox 1790 1239 1887 1320; x_wconf 85' lang='lat' dir='ltr'><strong>poei-</strong></span> 
     </span>
     <span class='ocr_line' id='line_1_8' title="bbox 418 1329 1886 1414; baseline 0.007 -22"><span class='ocrx_word' id='word_1_68' title='bbox 418 1332 471 1404; x_wconf 88' lang='lat' dir='ltr'><strong>tis,</strong></span> <span class='ocrx_word' id='word_1_69' title='bbox 494 1329 632 1414; x_wconf 84' lang='lat' dir='ltr'><strong>generis</strong></span> <span class='ocrx_word' id='word_1_70' title='bbox 649 1330 831 1394; x_wconf 79' lang='lat' dir='ltr'><strong>masculini</strong></span> <span class='ocrx_word' id='word_1_71' title='bbox 848 1333 905 1396; x_wconf 85' lang='lat' dir='ltr'><strong>vel</strong></span> <span class='ocrx_word' id='word_1_72' title='bbox 923 1332 1097 1410; x_wconf 78' lang='lat' dir='ltr'><strong>feminini,</strong></span> <span class='ocrx_word' id='word_1_73' title='bbox 1113 1332 1262 1398; x_wconf 90' lang='lat' dir='ltr'><strong>barbara</strong></span> <span class='ocrx_word' id='word_1_74' title='bbox 1282 1346 1379 1411; x_wconf 87' lang='lat' dir='ltr'><strong>sunt,</strong></span> <span class='ocrx_word' id='word_1_75' title='bbox 1402 1346 1442 1397; x_wconf 90' lang='lat' dir='ltr'><strong>ut</strong></span> <span class='ocrx_word' id='word_1_76' title='bbox 1463 1333 1698 1412; x_wconf 85' lang='lat' dir='ltr'><strong>Hannibal,</strong></span> <span class='ocrx_word' id='word_1_77' title='bbox 1730 1337 1886 1403; x_wconf 80' lang='lat' dir='ltr'><strong>Asdru-</strong></span> 
     </span>
     <span class='ocr_line' id='line_1_9' title="bbox 414 1431 1884 1518; baseline 0.006 -22"><span class='ocrx_word' id='word_1_78' title='bbox 414 1431 496 1496; x_wconf 91' lang='lat' dir='ltr'><strong>bal.</strong></span> <span class='ocrx_word' id='word_1_79' title='bbox 520 1433 747 1496; x_wconf 88' lang='lat' dir='ltr'><strong>lnveniuntnr</strong></span> <span class='ocrx_word' id='word_1_80' title='bbox 762 1447 796 1497; x_wconf 91' lang='lat' dir='ltr'><strong>et</strong></span> <span class='ocrx_word' id='word_1_81' title='bbox 810 1435 947 1518; x_wconf 83' lang='lat' dir='ltr'><strong>generis</strong></span> <span class='ocrx_word' id='word_1_82' title='bbox 964 1437 1079 1500; x_wconf 90' lang='lat' dir='ltr'><strong>neutri</strong></span> <span class='ocrx_word' id='word_1_83' title='bbox 1093 1435 1240 1500; x_wconf 87' lang='lat' dir='ltr'><strong>barbara</strong></span> <span class='ocrx_word' id='word_1_84' title='bbox 1258 1435 1307 1498; x_wconf 86' lang='lat' dir='ltr'><strong>·L·</strong></span> <span class='ocrx_word' id='word_1_85' title='bbox 1331 1435 1446 1500; x_wconf 88' lang='lat' dir='ltr'><strong>littera</strong></span> <span class='ocrx_word' id='word_1_86' title='bbox 1467 1439 1665 1515; x_wconf 89' lang='lat' dir='ltr'><strong>terminata,</strong></span> <span class='ocrx_word' id='word_1_87' title='bbox 1695 1441 1776 1504; x_wconf 89' lang='lat' dir='ltr'><strong>boc</strong></span> <span class='ocrx_word' id='word_1_88' title='bbox 1798 1441 1884 1505; x_wconf 86' lang='lat' dir='ltr'><strong>Mu-</strong></span> 
     </span>
     <span class='ocr_line' id='line_1_10' title="bbox 416 1533 1884 1626; baseline 0.005 -28"><span class='ocrx_word' id='word_1_89' title='bbox 416 1535 508 1598; x_wconf 92' lang='lat' dir='ltr'><strong>thul</strong></span> <span class='ocrx_word' id='word_1_90' title='bbox 528 1536 580 1618; x_wconf 79' lang='lat'><strong>⁶),</strong></span> <span class='ocrx_word' id='word_1_91' title='bbox 605 1537 683 1599; x_wconf 90' lang='lat' dir='ltr'><strong>hoc</strong></span> <span class='ocrx_word' id='word_1_92' title='bbox 705 1533 922 1620; x_wconf 57' lang='lat' dir='ltr'><strong>Suthuld),</strong></span> <span class='ocrx_word' id='word_1_93' title='bbox 946 1540 1158 1624; x_wconf 89' lang='lat' dir='ltr'><strong>oppidorum</strong></span> <span class='ocrx_word' id='word_1_94' title='bbox 1178 1539 1332 1602; x_wconf 88' lang='lat' dir='ltr'><strong>nomina.</strong></span> <span class='ocrx_word' id='word_1_95' title='bbox 1373 1539 1460 1602; x_wconf 90' lang='lat' dir='ltr'><strong>Sunt</strong></span> <span class='ocrx_word' id='word_1_96' title='bbox 1483 1541 1566 1604; x_wconf 88' lang='lat' dir='ltr'><strong>item</strong></span> <span class='ocrx_word' id='word_1_97' title='bbox 1587 1543 1724 1626; x_wconf 86' lang='lat' dir='ltr'><strong>generis</strong></span> <span class='ocrx_word' id='word_1_98' title='bbox 1747 1563 1884 1608; x_wconf 88' lang='lat' dir='ltr'><strong>maseu-</strong></span> 
     </span>
    </p>

    <p class='ocr_par' dir='ltr' id='par_1_4' title="bbox 311 1637 1884 1828">
     <span class='ocr_line' id='line_1_11' title="bbox 311 1637 1884 1720; baseline 0.006 -21"><span class='ocrx_word' id='word_1_99' title='bbox 311 1641 315 1650; x_wconf 91' lang='lat'>&#39;</span> <span class='ocrx_word' id='word_1_100' title='bbox 414 1637 476 1702; x_wconf 93' lang='lat' dir='ltr'><strong>lini</strong></span> <span class='ocrx_word' id='word_1_101' title='bbox 498 1638 547 1702; x_wconf 86' lang='lat' dir='ltr'><strong>·L·</strong></span> <span class='ocrx_word' id='word_1_102' title='bbox 570 1639 844 1704; x_wconf 85' lang='lat' dir='ltr'><strong>littera&#39;nomina</strong></span> <span class='ocrx_word' id='word_1_103' title='bbox 870 1643 1068 1720; x_wconf 89' lang='lat' dir='ltr'><strong>terminata,</strong></span> <span class='ocrx_word' id='word_1_104' title='bbox 1106 1640 1292 1716; x_wconf 78' lang='lat' dir='ltr'><strong>Samuel,</strong></span> <span class='ocrx_word' id='word_1_105' title='bbox 1335 1642 1511 1720; x_wconf 83' lang='lat' dir='ltr'><strong>Daniel,</strong></span> <span class='ocrx_word' id='word_1_106' title='bbox 1550 1647 1696 1708; x_wconf 78' lang='lat' dir='ltr'><strong>isdrahel</strong></span> <span class='ocrx_word' id='word_1_107' title='bbox 1709 1669 1719 1720; x_wconf 75' lang='grc' dir='ltr'><strong>ς</strong></span> <span class='ocrx_word' id='word_1_108' title='bbox 1758 1647 1884 1711; x_wconf 86' lang='lat' dir='ltr'><strong>buius</strong></span> 
     </span>
     <span class='ocr_line' id='line_1_12' title="bbox 415 1741 1206 1828; baseline 0.005 -24"><span class='ocrx_word' id='word_1_109' title='bbox 415 1741 639 1817; x_wconf 85' lang='lat' dir='ltr'><strong>Samuelis,</strong></span> <span class='ocrx_word' id='word_1_110' title='bbox 663 1741 881 1821; x_wconf 87' lang='lat' dir='ltr'><strong>Danielis,</strong></span> <span class='ocrx_word' id='word_1_111' title='bbox 907 1745 1144 1810; x_wconf 89' lang='lat' dir='ltr'><strong>lsdrahelis</strong></span> <span class='ocrx_word' id='word_1_112' title='bbox 1163 1745 1206 1828; x_wconf 80' lang='lat'><strong>‘).</strong></span> 
     </span>
    </p>

    <p class='ocr_par' dir='ltr' id='par_1_5' title="bbox 319 1841 1885 3242">
     <span class='ocr_line' id='line_1_13' title="bbox 319 1841 1882 1951; baseline 0.007 -47"><span class='ocrx_word' id='word_1_113' title='bbox 319 1892 380 1951; x_wconf 33' lang='grc' dir='ltr'><strong>(ὦ.)</strong></span> <span class='ocrx_word' id='word_1_114' title='bbox 502 1847 549 1906; x_wconf 89' lang='grc'><strong>10.</strong></span> <span class='ocrx_word' id='word_1_115' title='bbox 574 1841 633 1906; x_wconf 89' lang='grc' dir='ltr'><strong>·Μ·</strong></span> <span class='ocrx_word' id='word_1_116' title='bbox 655 1843 769 1908; x_wconf 89' lang='lat' dir='ltr'><strong>littera</strong></span> <span class='ocrx_word' id='word_1_117' title='bbox 791 1847 1012 1910; x_wconf 89' lang='lat' dir='ltr'><strong>terminatum</strong></span> <span class='ocrx_word' id='word_1_118' title='bbox 1031 1867 1160 1912; x_wconf 88' lang='lat' dir='ltr'><strong>nomen</strong></span> <span class='ocrx_word' id='word_1_119' title='bbox 1183 1849 1321 1932; x_wconf 79' lang='lat' dir='ltr'><strong>generis</strong></span> <span class='ocrx_word' id='word_1_120' title='bbox 1343 1848 1526 1912; x_wconf 82' lang='lat' dir='ltr'><strong>masculini</strong></span> <span class='ocrx_word' id='word_1_121' title='bbox 1547 1848 1602 1912; x_wconf 89' lang='lat' dir='ltr'><strong>vel</strong></span> <span class='ocrx_word' id='word_1_122' title='bbox 1627 1848 1796 1928; x_wconf 79' lang='lat' dir='ltr'><strong>feminini,</strong></span> <span class='ocrx_word' id='word_1_123' title='bbox 1820 1873 1882 1915; x_wconf 86' lang='lat' dir='ltr'><strong>ex-</strong></span> 
     </span>
     <span class='ocr_line' id='line_1_14' title="bbox 413 1947 1882 2037; baseline 0.007 -30"><span class='ocrx_word' id='word_1_124' title='bbox 413 1957 596 2030; x_wconf 91' lang='lat' dir='ltr'><strong>ceptouno</strong></span> <span class='ocrx_word' id='word_1_125' title='bbox 610 1947 747 2030; x_wconf 85' lang='lat' dir='ltr'><strong>generis</strong></span> <span class='ocrx_word' id='word_1_126' title='bbox 764 1950 877 2012; x_wconf 89' lang='lat' dir='ltr'><strong>omnis</strong></span> <span class='ocrx_word' id='word_1_127' title='bbox 893 1963 1120 2037; x_wconf 85' lang='lat' dir='ltr'><strong>monoptota,</strong></span> <span class='ocrx_word' id='word_1_128' title='bbox 1143 1950 1294 2014; x_wconf 85' lang='lat' dir='ltr'><strong>latinitas</strong></span> <span class='ocrx_word' id='word_1_129' title='bbox 1317 1949 1526 2026; x_wconf 90' lang='lat' dir='ltr'><strong>nonhabet,</strong></span> <span class='ocrx_word' id='word_1_130' title='bbox 1559 1954 1627 2016; x_wconf 90' lang='lat' dir='ltr'><strong>hic</strong></span> <span class='ocrx_word' id='word_1_131' title='bbox 1659 1966 1693 2016; x_wconf 90' lang='lat' dir='ltr'><strong>et</strong></span> <span class='ocrx_word' id='word_1_132' title='bbox 1720 1955 1825 2017; x_wconf 88' lang='lat' dir='ltr'><strong>haec</strong></span> <span class='ocrx_word' id='word_1_133' title='bbox 1848 1969 1882 2017; x_wconf 90' lang='lat' dir='ltr'><strong>et</strong></span> 
     </span>
     <span class='ocr_line' id='line_1_15' title="bbox 411 2050 1882 2140; baseline 0.005 -30"><span class='ocrx_word' id='word_1_134' title='bbox 411 2050 490 2112; x_wconf 88' lang='lat' dir='ltr'><strong>boc</strong></span> <span class='ocrx_word' id='word_1_135' title='bbox 512 2068 704 2134; x_wconf 88' lang='lat' dir='ltr'><strong>nequam.</strong></span> <span class='ocrx_word' id='word_1_136' title='bbox 741 2051 865 2114; x_wconf 90' lang='lat' dir='ltr'><strong>Neutri</strong></span> <span class='ocrx_word' id='word_1_137' title='bbox 884 2055 1022 2136; x_wconf 89' lang='lat' dir='ltr'><strong>generis</strong></span> <span class='ocrx_word' id='word_1_138' title='bbox 1045 2053 1198 2140; x_wconf 90' lang='lat' dir='ltr'><strong>plurima</strong></span> <span class='ocrx_word' id='word_1_139' title='bbox 1222 2055 1390 2138; x_wconf 88' lang='lat' dir='ltr'><strong>reperies,</strong></span> <span class='ocrx_word' id='word_1_140' title='bbox 1425 2073 1512 2137; x_wconf 89' lang='lat' dir='ltr'><strong>quae</strong></span> <span class='ocrx_word' id='word_1_141' title='bbox 1538 2056 1700 2138; x_wconf 84' lang='lat' dir='ltr'><strong>genetivo</strong></span> <span class='ocrx_word' id='word_1_142' title='bbox 1721 2075 1802 2120; x_wconf 88' lang='lat' dir='ltr'><strong>casn</strong></span> <span class='ocrx_word' id='word_1_143' title='bbox 1823 2070 1882 2119; x_wconf 91' lang='lat' dir='ltr'><strong>ant</strong></span> 
     </span>
     <span class='ocr_line' id='line_1_16' title="bbox 409 2151 1882 2239; baseline 0.007 -27"><span class='ocrx_word' id='word_1_144' title='bbox 409 2171 478 2212; x_wconf 87' lang='lat' dir='ltr'><strong>una</strong></span> <span class='ocrx_word' id='word_1_145' title='bbox 493 2151 541 2228; x_wconf 92' lang='lat' dir='ltr'><strong>·l·,</strong></span> <span class='ocrx_word' id='word_1_146' title='bbox 565 2163 624 2214; x_wconf 89' lang='lat' dir='ltr'><strong>aut</strong></span> <span class='ocrx_word' id='word_1_147' title='bbox 639 2151 771 2218; x_wconf 90' lang='lat' dir='ltr'><strong>duabus</strong></span> <span class='ocrx_word' id='word_1_148' title='bbox 785 2153 1073 2220; x_wconf 89' lang='lat' dir='ltr'><strong>terminabuntur.</strong></span> <span class='ocrx_word' id='word_1_149' title='bbox 1098 2157 1199 2221; x_wconf 89' lang='lat' dir='ltr'><strong>Tunc</strong></span> <span class='ocrx_word' id='word_1_150' title='bbox 1214 2156 1255 2239; x_wconf 71' lang='lat'><strong>²¹)</strong></span> <span class='ocrx_word' id='word_1_151' title='bbox 1271 2175 1358 2232; x_wconf 88' lang='lat' dir='ltr'><strong>una,</strong></span> <span class='ocrx_word' id='word_1_152' title='bbox 1389 2157 1418 2220; x_wconf 88' lang='lat' dir='ltr'><strong>si</strong></span> <span class='ocrx_word' id='word_1_153' title='bbox 1433 2169 1511 2220; x_wconf 90' lang='lat' dir='ltr'><strong>ante</strong></span> <span class='ocrx_word' id='word_1_154' title='bbox 1528 2155 1622 2219; x_wconf 86' lang='lat' dir='ltr'><strong>·UM·</strong></span> <span class='ocrx_word' id='word_1_155' title='bbox 1637 2157 1802 2239; x_wconf 88' lang='lat' dir='ltr'><strong>syllabam</strong></span> <span class='ocrx_word' id='word_1_156' title='bbox 1815 2179 1882 2223; x_wconf 94' lang='lat' dir='ltr'><strong>no-</strong></span> 
     </span>
     <span class='ocr_line' id='line_1_17' title="bbox 410 2254 1883 2344; baseline 0.005 -28"><span class='ocrx_word' id='word_1_157' title='bbox 410 2254 594 2317; x_wconf 90' lang='lat' dir='ltr'><strong>minativus</strong></span> <span class='ocrx_word' id='word_1_158' title='bbox 611 2255 653 2336; x_wconf 70' lang='grc' dir='ltr'><strong>Ἰ)</strong></span> <span class='ocrx_word' id='word_1_159' title='bbox 673 2256 708 2316; x_wconf 83' lang='grc' dir='ltr'><strong>Ἰ·</strong></span> <span class='ocrx_word' id='word_1_160' title='bbox 725 2276 797 2320; x_wconf 91' lang='lat' dir='ltr'><strong>non</strong></span> <span class='ocrx_word' id='word_1_161' title='bbox 811 2256 980 2336; x_wconf 87' lang='lat' dir='ltr'><strong>habuerit,</strong></span> <span class='ocrx_word' id='word_1_162' title='bbox 1004 2272 1042 2323; x_wconf 89' lang='lat' dir='ltr'><strong>ut</strong></span> <span class='ocrx_word' id='word_1_163' title='bbox 1064 2257 1242 2335; x_wconf 87' lang='lat' dir='ltr'><strong>bellum,</strong></span> <span class='ocrx_word' id='word_1_164' title='bbox 1266 2279 1468 2342; x_wconf 85' lang='lat' dir='ltr'><strong>regnum,</strong></span> <span class='ocrx_word' id='word_1_165' title='bbox 1499 2272 1732 2344; x_wconf 77' lang='lat' dir='ltr'><strong>sceptrnm3</strong></span> <span class='ocrx_word' id='word_1_166' title='bbox 1754 2259 1883 2337; x_wconf 83' lang='lat' dir='ltr'><strong>belli,</strong></span> 
     </span>
     <span class='ocr_line' id='line_1_18' title="bbox 408 2358 1885 2445; baseline 0.006 -27"><span class='ocrx_word' id='word_1_167' title='bbox 408 2358 552 2440; x_wconf 85' lang='lat' dir='ltr'><strong>regni,</strong></span> <span class='ocrx_word' id='word_1_168' title='bbox 576 2359 748 2443; x_wconf 87' lang='lat' dir='ltr'><strong>sceptri.</strong></span> <span class='ocrx_word' id='word_1_169' title='bbox 774 2359 811 2423; x_wconf 90' lang='lat' dir='ltr'><strong>Si</strong></span> <span class='ocrx_word' id='word_1_170' title='bbox 827 2360 1001 2436; x_wconf 86' lang='lat' dir='ltr'><strong>babuerit,</strong></span> <span class='ocrx_word' id='word_1_171' title='bbox 1025 2362 1186 2445; x_wconf 76' lang='lat' dir='ltr'><strong>genetivo</strong></span> <span class='ocrx_word' id='word_1_172' title='bbox 1227 2361 1361 2426; x_wconf 89' lang='lat' dir='ltr'><strong>duabus</strong></span> <span class='ocrx_word' id='word_1_173' title='bbox 1384 2361 1421 2424; x_wconf 93' lang='lat'><strong>·1·</strong></span> <span class='ocrx_word' id='word_1_174' title='bbox 1450 2361 1709 2440; x_wconf 87' lang='lat' dir='ltr'><strong>terminabitur,</strong></span> <span class='ocrx_word' id='word_1_175' title='bbox 1738 2376 1776 2426; x_wconf 91' lang='lat' dir='ltr'><strong>ut</strong></span> <span class='ocrx_word' id='word_1_176' title='bbox 1805 2367 1885 2428; x_wconf 89' lang='lat' dir='ltr'><strong>boc</strong></span> 
     </span>
     <span class='ocr_line' id='line_1_19' title="bbox 409 2459 1880 2550; baseline 0.004 -28"><span class='ocrx_word' id='word_1_177' title='bbox 409 2459 696 2538; x_wconf 82' lang='lat' dir='ltr'><strong>sacrificium,</strong></span> <span class='ocrx_word' id='word_1_178' title='bbox 727 2462 853 2524; x_wconf 90' lang='lat' dir='ltr'><strong>huius</strong></span> <span class='ocrx_word' id='word_1_179' title='bbox 877 2463 1109 2540; x_wconf 82' lang='lat' dir='ltr'><strong>sacrificii3</strong></span> <span class='ocrx_word' id='word_1_180' title='bbox 1138 2465 1227 2526; x_wconf 91' lang='lat' dir='ltr'><strong>sicut</strong></span> <span class='ocrx_word' id='word_1_181' title='bbox 1248 2465 1368 2542; x_wconf 89' lang='lat' dir='ltr'><strong>etiarn,</strong></span> <span class='ocrx_word' id='word_1_182' title='bbox 1399 2485 1486 2550; x_wconf 87' lang='lat' dir='ltr'><strong>qnae</strong></span> <span class='ocrx_word' id='word_1_183' title='bbox 1504 2476 1585 2528; x_wconf 90' lang='lat' dir='ltr'><strong>ante</strong></span> <span class='ocrx_word' id='word_1_184' title='bbox 1612 2464 1693 2529; x_wconf 90' lang='lat' dir='ltr'><strong>·US·</strong></span> <span class='ocrx_word' id='word_1_185' title='bbox 1713 2464 1880 2547; x_wconf 87' lang='lat' dir='ltr'><strong>syllabam</strong></span> 
     </span>
     <span class='ocr_line' id='line_1_20' title="bbox 410 2561 1884 2652; baseline 0.005 -30"><span class='ocrx_word' id='word_1_186' title='bbox 410 2561 535 2624; x_wconf 81' lang='lat' dir='ltr'><strong>babent</strong></span> <span class='ocrx_word' id='word_1_187' title='bbox 551 2561 605 2623; x_wconf 93' lang='lat' dir='ltr'><strong>·l·:</strong></span> <span class='ocrx_word' id='word_1_188' title='bbox 630 2563 871 2639; x_wconf 81' lang='lat' dir='ltr'><strong>Terentius,</strong></span> <span class='ocrx_word' id='word_1_189' title='bbox 893 2565 1096 2630; x_wconf 84' lang='lat' dir='ltr'><strong>Terentii.</strong></span> <span class='ocrx_word' id='word_1_190' title='bbox 1119 2565 1176 2628; x_wconf 86' lang='lat' dir='ltr'><strong>Ex</strong></span> <span class='ocrx_word' id='word_1_191' title='bbox 1191 2567 1316 2652; x_wconf 91' lang='lat' dir='ltr'><strong>quibus</strong></span> <span class='ocrx_word' id='word_1_192' title='bbox 1332 2587 1401 2631; x_wconf 90' lang='lat' dir='ltr'><strong>una</strong></span> <span class='ocrx_word' id='word_1_193' title='bbox 1419 2569 1544 2649; x_wconf 80' lang='lat' dir='ltr'><strong>syllaba</strong></span> <span class='ocrx_word' id='word_1_194' title='bbox 1567 2565 1700 2629; x_wconf 89' lang='lat' dir='ltr'><strong>sublata</strong></span> <span class='ocrx_word' id='word_1_195' title='bbox 1718 2567 1756 2629; x_wconf 90' lang='lat' dir='ltr'><strong>fit</strong></span> <span class='ocrx_word' id='word_1_196' title='bbox 1777 2587 1884 2632; x_wconf 85' lang='lat' dir='ltr'><strong>voca-</strong></span> 
     </span>
     <span class='ocr_line' id='line_1_21' title="bbox 410 2664 1884 2754; baseline 0.005 -28"><span class='ocrx_word' id='word_1_197' title='bbox 410 2667 498 2728; x_wconf 84' lang='lat' dir='ltr'><strong>tivus</strong></span> <span class='ocrx_word' id='word_1_198' title='bbox 512 2664 706 2748; x_wconf 89' lang='lat' dir='ltr'><strong>singularis,</strong></span> <span class='ocrx_word' id='word_1_199' title='bbox 729 2665 757 2728; x_wconf 89' lang='lat' dir='ltr'><strong>si</strong></span> <span class='ocrx_word' id='word_1_200' title='bbox 771 2665 839 2727; x_wconf 87' lang='lat' dir='ltr'><strong>sint</strong></span> <span class='ocrx_word' id='word_1_201' title='bbox 852 2668 995 2730; x_wconf 91' lang='lat' dir='ltr'><strong>nomina</strong></span> <span class='ocrx_word' id='word_1_202' title='bbox 1010 2669 1165 2754; x_wconf 88' lang='lat' dir='ltr'><strong>propria,</strong></span> <span class='ocrx_word' id='word_1_203' title='bbox 1188 2682 1227 2732; x_wconf 91' lang='lat' dir='ltr'><strong>ut</strong></span> <span class='ocrx_word' id='word_1_204' title='bbox 1245 2689 1265 2732; x_wconf 93' lang='lat' dir='ltr'><strong>o</strong></span> <span class='ocrx_word' id='word_1_205' title='bbox 1290 2668 1484 2744; x_wconf 89' lang='lat' dir='ltr'><strong>Terenti;</strong></span> <span class='ocrx_word' id='word_1_206' title='bbox 1507 2669 1561 2731; x_wconf 90' lang='lat' dir='ltr'><strong>sin</strong></span> <span class='ocrx_word' id='word_1_207' title='bbox 1575 2667 1794 2754; x_wconf 87' lang='lat' dir='ltr'><strong>appellativa,</strong></span> <span class='ocrx_word' id='word_1_208' title='bbox 1815 2689 1884 2734; x_wconf 91' lang='lat' dir='ltr'><strong>no·</strong></span> 
     </span>
     <span class='ocr_line' id='line_1_22' title="bbox 410 2767 1883 2856; baseline 0.006 -28"><span class='ocrx_word' id='word_1_209' title='bbox 410 2767 582 2829; x_wconf 88' lang='lat' dir='ltr'><strong>vissimam</strong></span> <span class='ocrx_word' id='word_1_210' title='bbox 602 2767 682 2831; x_wconf 90' lang='lat' dir='ltr'><strong>·US·</strong></span> <span class='ocrx_word' id='word_1_211' title='bbox 704 2767 740 2829; x_wconf 94' lang='lat' dir='ltr'><strong>in</strong></span> <span class='ocrx_word' id='word_1_212' title='bbox 763 2768 815 2830; x_wconf 89' lang='lat' dir='ltr'><strong>·E·</strong></span> <span class='ocrx_word' id='word_1_213' title='bbox 839 2784 1035 2854; x_wconf 85' lang='lat' dir='ltr'><strong>correptam</strong></span> <span class='ocrx_word' id='word_1_214' title='bbox 1057 2771 1240 2836; x_wconf 90' lang='lat' dir='ltr'><strong>mutabunt</strong></span> <span class='ocrx_word' id='word_1_215' title='bbox 1262 2775 1304 2853; x_wconf 86' lang='lat'><strong>²¹)</strong></span> <span class='ocrx_word' id='word_1_216' title='bbox 1328 2771 1365 2834; x_wconf 89' lang='lat' dir='ltr'><strong>in</strong></span> <span class='ocrx_word' id='word_1_217' title='bbox 1386 2772 1558 2848; x_wconf 85' lang='lat' dir='ltr'><strong>vocativo,</strong></span> <span class='ocrx_word' id='word_1_218' title='bbox 1586 2784 1625 2834; x_wconf 90' lang='lat' dir='ltr'><strong>ut</strong></span> <span class='ocrx_word' id='word_1_219' title='bbox 1646 2792 1667 2834; x_wconf 94' lang='lat' dir='ltr'><strong>o</strong></span> <span class='ocrx_word' id='word_1_220' title='bbox 1691 2775 1883 2856; x_wconf 81' lang='lat' dir='ltr'><strong>egregie.</strong></span> 
     </span>
     <span class='ocr_line' id='line_1_23' title="bbox 409 2869 1882 2949; baseline 0.005 -18"><span class='ocrx_word' id='word_1_221' title='bbox 409 2869 540 2932; x_wconf 90' lang='lat' dir='ltr'><strong>Omnia</strong></span> <span class='ocrx_word' id='word_1_222' title='bbox 560 2881 676 2932; x_wconf 87' lang='lat' dir='ltr'><strong>tamen</strong></span> <span class='ocrx_word' id='word_1_223' title='bbox 702 2871 845 2934; x_wconf 92' lang='lat' dir='ltr'><strong>nomina</strong></span> <span class='ocrx_word' id='word_1_224' title='bbox 868 2871 928 2934; x_wconf 90' lang='lat' dir='ltr'><strong>·M·</strong></span> <span class='ocrx_word' id='word_1_225' title='bbox 949 2875 1131 2936; x_wconf 88' lang='lat' dir='ltr'><strong>terminata</strong></span> <span class='ocrx_word' id='word_1_226' title='bbox 1151 2873 1324 2937; x_wconf 90' lang='lat' dir='ltr'><strong>secundae</strong></span> <span class='ocrx_word' id='word_1_227' title='bbox 1343 2887 1423 2937; x_wconf 88' lang='lat' dir='ltr'><strong>sunt</strong></span> <span class='ocrx_word' id='word_1_228' title='bbox 1443 2873 1703 2949; x_wconf 85' lang='lat' dir='ltr'><strong>declinationis;</strong></span> <span class='ocrx_word' id='word_1_229' title='bbox 1738 2895 1817 2937; x_wconf 90' lang='lat' dir='ltr'><strong>nam</strong></span> <span class='ocrx_word' id='word_1_230' title='bbox 1843 2876 1882 2938; x_wconf 88' lang='lat'><strong>·1·</strong></span> 
     </span>
     <span class='ocr_line' id='line_1_24' title="bbox 408 2971 1881 3062; baseline 0.003 -29"><span class='ocrx_word' id='word_1_231' title='bbox 408 2971 537 3036; x_wconf 84' lang='lat' dir='ltr'><strong>iaciunt</strong></span> <span class='ocrx_word' id='word_1_232' title='bbox 553 2974 726 3056; x_wconf 84' lang='lat' dir='ltr'><strong>genetivo,</strong></span> <span class='ocrx_word' id='word_1_233' title='bbox 751 2987 897 3059; x_wconf 81' lang='lat' dir='ltr'><strong>excepto</strong></span> <span class='ocrx_word' id='word_1_234' title='bbox 921 2995 1118 3061; x_wconf 89' lang='lat' dir='ltr'><strong>nequam,</strong></span> <span class='ocrx_word' id='word_1_235' title='bbox 1143 2990 1360 3062; x_wconf 83' lang='lat' dir='ltr'><strong>monoptota.</strong></span> <span class='ocrx_word' id='word_1_236' title='bbox 1386 2977 1586 3040; x_wconf 87' lang='lat' dir='ltr'><strong>Pronomen</strong></span> <span class='ocrx_word' id='word_1_237' title='bbox 1604 2975 1663 3039; x_wconf 87' lang='lat' dir='ltr'><strong>·M·</strong></span> <span class='ocrx_word' id='word_1_238' title='bbox 1678 2975 1792 3039; x_wconf 89' lang='lat' dir='ltr'><strong>littera</strong></span> <span class='ocrx_word' id='word_1_239' title='bbox 1809 2989 1881 3040; x_wconf 86' lang='lat' dir='ltr'><strong>ter-</strong></span> 
     </span>
     <span class='ocr_line' id='line_1_25' title="bbox 406 3073 1879 3165; baseline 0.003 -29"><span class='ocrx_word' id='word_1_240' title='bbox 406 3077 574 3137; x_wconf 88' lang='lat' dir='ltr'><strong>minatum</strong></span> <span class='ocrx_word' id='word_1_241' title='bbox 589 3076 670 3139; x_wconf 91' lang='lat' dir='ltr'><strong>·US·</strong></span> <span class='ocrx_word' id='word_1_242' title='bbox 685 3073 787 3141; x_wconf 80' lang='lat' dir='ltr'><strong>faciet</strong></span> <span class='ocrx_word' id='word_1_243' title='bbox 802 3077 975 3160; x_wconf 84' lang='lat' dir='ltr'><strong>genetivo,</strong></span> <span class='ocrx_word' id='word_1_244' title='bbox 1000 3079 1081 3143; x_wconf 89' lang='lat' dir='ltr'><strong>boc</strong></span> <span class='ocrx_word' id='word_1_245' title='bbox 1102 3080 1261 3165; x_wconf 85' lang='lat' dir='ltr'><strong>ipsum,</strong></span> <span class='ocrx_word' id='word_1_246' title='bbox 1292 3081 1416 3143; x_wconf 89' lang='lat' dir='ltr'><strong>huius</strong></span> <span class='ocrx_word' id='word_1_247' title='bbox 1440 3080 1597 3165; x_wconf 78' lang='lat' dir='ltr'><strong>ipsins3</strong></span> <span class='ocrx_word' id='word_1_248' title='bbox 1628 3080 1711 3143; x_wconf 90' lang='lat' dir='ltr'><strong>boc</strong></span> <span class='ocrx_word' id='word_1_249' title='bbox 1732 3098 1879 3160; x_wconf 79' lang='lat' dir='ltr'><strong>unum,</strong></span> 
     </span>
     <span class='ocr_line' id='line_1_26' title="bbox 407 3177 687 3242; baseline 0.018 -5"><span class='ocrx_word' id='word_1_250' title='bbox 407 3177 530 3240; x_wconf 87' lang='lat' dir='ltr'><strong>huius</strong></span> <span class='ocrx_word' id='word_1_251' title='bbox 553 3180 687 3242; x_wconf 87' lang='lat' dir='ltr'><strong>unius.</strong></span> 
     </span>
    </p>

    <p class='ocr_par' dir='ltr' id='par_1_6' title="bbox 316 3280 1879 3877">
     <span class='ocr_line' id='line_1_27' title="bbox 316 3280 1879 3382; baseline 0.005 -41"><span class='ocrx_word' id='word_1_252' title='bbox 316 3323 375 3382; x_wconf 34' lang='grc' dir='ltr'><strong>(η’)</strong></span> <span class='ocrx_word' id='word_1_253' title='bbox 495 3283 543 3344; x_wconf 93' lang='lat' dir='ltr'><strong>ll.</strong></span> <span class='ocrx_word' id='word_1_254' title='bbox 568 3280 620 3343; x_wconf 92' lang='lat' dir='ltr'><strong>·N·</strong></span> <span class='ocrx_word' id='word_1_255' title='bbox 644 3281 758 3344; x_wconf 87' lang='lat' dir='ltr'><strong>littera</strong></span> <span class='ocrx_word' id='word_1_256' title='bbox 774 3282 956 3345; x_wconf 88' lang='lat' dir='ltr'><strong>terminata</strong></span> <span class='ocrx_word' id='word_1_257' title='bbox 969 3283 1112 3348; x_wconf 90' lang='lat' dir='ltr'><strong>nomina</strong></span> <span class='ocrx_word' id='word_1_258' title='bbox 1132 3285 1256 3348; x_wconf 86' lang='lat' dir='ltr'><strong>tertiae</strong></span> <span class='ocrx_word' id='word_1_259' title='bbox 1273 3297 1352 3348; x_wconf 91' lang='lat' dir='ltr'><strong>sunt</strong></span> <span class='ocrx_word' id='word_1_260' title='bbox 1372 3283 1632 3358; x_wconf 82' lang='lat' dir='ltr'><strong>declinationis3</strong></span> <span class='ocrx_word' id='word_1_261' title='bbox 1660 3303 1740 3346; x_wconf 90' lang='lat' dir='ltr'><strong>nam</strong></span> <span class='ocrx_word' id='word_1_262' title='bbox 1761 3285 1879 3349; x_wconf 88' lang='lat' dir='ltr'><strong>omnia</strong></span> 
     </span>
     <span class='ocr_line' id='line_1_28' title="bbox 406 3381 1876 3472; baseline 0.005 -29"><span class='ocrx_word' id='word_1_263' title='bbox 406 3383 567 3464; x_wconf 85' lang='lat' dir='ltr'><strong>genetivo</strong></span> <span class='ocrx_word' id='word_1_264' title='bbox 583 3382 645 3447; x_wconf 87' lang='lat' dir='ltr'><strong>·ls·</strong></span> <span class='ocrx_word' id='word_1_265' title='bbox 660 3381 798 3450; x_wconf 84' lang='lat' dir='ltr'><strong>faciunt.</strong></span> <span class='ocrx_word' id='word_1_266' title='bbox 822 3384 945 3449; x_wconf 87' lang='lat' dir='ltr'><strong>Latina</strong></span> <span class='ocrx_word' id='word_1_267' title='bbox 962 3385 1101 3471; x_wconf 90' lang='lat' dir='ltr'><strong>quidem</strong></span> <span class='ocrx_word' id='word_1_268' title='bbox 1119 3389 1256 3472; x_wconf 84' lang='lat' dir='ltr'><strong>generis</strong></span> <span class='ocrx_word' id='word_1_269' title='bbox 1272 3407 1389 3450; x_wconf 91' lang='lat' dir='ltr'><strong>mascn</strong></span> <span class='ocrx_word' id='word_1_270' title='bbox 1404 3388 1455 3450; x_wconf 91' lang='lat' dir='ltr'><strong>ini</strong></span> <span class='ocrx_word' id='word_1_271' title='bbox 1471 3387 1526 3451; x_wconf 76' lang='lat' dir='ltr'><strong>rel</strong></span> <span class='ocrx_word' id='word_1_272' title='bbox 1547 3386 1705 3450; x_wconf 78' lang='lat' dir='ltr'><strong>feminini</strong></span> <span class='ocrx_word' id='word_1_273' title='bbox 1723 3407 1801 3449; x_wconf 90' lang='lat' dir='ltr'><strong>rara</strong></span> <span class='ocrx_word' id='word_1_274' title='bbox 1814 3389 1876 3450; x_wconf 86' lang='lat' dir='ltr'><strong>ha·</strong></span> 
     </span>
     <span class='ocr_line' id='line_1_29' title="bbox 406 3483 1877 3574; baseline 0.004 -28"><span class='ocrx_word' id='word_1_275' title='bbox 406 3483 546 3560; x_wconf 66' lang='lat' dir='ltr'><strong>laentum</strong></span> <span class='ocrx_word' id='word_1_276' title='bbox 563 3485 631 3548; x_wconf 89' lang='lat' dir='ltr'><strong>duo</strong></span> <span class='ocrx_word' id='word_1_277' title='bbox 641 3484 814 3573; x_wconf 90' lang='lat' dir='ltr'><strong>simplicia</strong></span> <span class='ocrx_word' id='word_1_278' title='bbox 829 3489 896 3551; x_wconf 91' lang='lat' dir='ltr'><strong>hic</strong></span> <span class='ocrx_word' id='word_1_279' title='bbox 913 3490 1015 3566; x_wconf 88' lang='lat' dir='ltr'><strong>rien,</strong></span> <span class='ocrx_word' id='word_1_280' title='bbox 1032 3487 1233 3573; x_wconf 88' lang='lat' dir='ltr'><strong>rieniss);</strong></span> <span class='ocrx_word' id='word_1_281' title='bbox 1250 3489 1349 3566; x_wconf 88' lang='lat' dir='ltr'><strong>lien,</strong></span> <span class='ocrx_word' id='word_1_282' title='bbox 1365 3491 1517 3566; x_wconf 89' lang='lat' dir='ltr'><strong>lienis;</strong></span> <span class='ocrx_word' id='word_1_283' title='bbox 1532 3489 1726 3574; x_wconf 88' lang='lat' dir='ltr'><strong>composita</strong></span> <span class='ocrx_word' id='word_1_284' title='bbox 1739 3489 1877 3572; x_wconf 78' lang='lat' dir='ltr'><strong>generis</strong></span> 
     </span>
     <span class='ocr_line' id='line_1_30' title="bbox 406 3583 1878 3675; baseline 0.001 -25"><span class='ocrx_word' id='word_1_285' title='bbox 406 3588 538 3663; x_wconf 87' lang='lat' dir='ltr'><strong>omnis,</strong></span> <span class='ocrx_word' id='word_1_286' title='bbox 568 3589 635 3652; x_wconf 92' lang='lat' dir='ltr'><strong>hic</strong></span> <span class='ocrx_word' id='word_1_287' title='bbox 659 3591 818 3653; x_wconf 88' lang='lat' dir='ltr'><strong>ethaeo</strong></span> <span class='ocrx_word' id='word_1_288' title='bbox 850 3603 883 3652; x_wconf 90' lang='lat' dir='ltr'><strong>et</strong></span> <span class='ocrx_word' id='word_1_289' title='bbox 906 3583 986 3654; x_wconf 88' lang='lat' dir='ltr'><strong>hoo</strong></span> <span class='ocrx_word' id='word_1_290' title='bbox 1009 3591 1193 3669; x_wconf 90' lang='lat' dir='ltr'><strong>tibicen,</strong></span> <span class='ocrx_word' id='word_1_291' title='bbox 1216 3587 1258 3675; x_wconf 85' lang='lat'><strong>²³)</strong></span> <span class='ocrx_word' id='word_1_292' title='bbox 1289 3595 1511 3657; x_wconf 86' lang='lat' dir='ltr'><strong>cornicen:</strong></span> <span class='ocrx_word' id='word_1_293' title='bbox 1546 3591 1762 3666; x_wconf 88' lang='lat' dir='ltr'><strong>tibicinis,</strong></span> <span class='ocrx_word' id='word_1_294' title='bbox 1786 3610 1878 3653; x_wconf 90' lang='lat' dir='ltr'><strong>cor-</strong></span> 
     </span>
     <span class='ocr_line' id='line_1_31' title="bbox 404 3691 1877 3778; baseline 0.003 -28"><span class='ocrx_word' id='word_1_295' title='bbox 404 3691 588 3768; x_wconf 88' lang='lat' dir='ltr'><strong>nicinis;</strong></span> <span class='ocrx_word' id='word_1_296' title='bbox 625 3691 815 3766; x_wconf 81' lang='lat' dir='ltr'><strong>fidicen,</strong></span> <span class='ocrx_word' id='word_1_297' title='bbox 854 3691 1072 3768; x_wconf 81' lang='lat' dir='ltr'><strong>lidicirris3</strong></span> <span class='ocrx_word' id='word_1_298' title='bbox 1106 3695 1263 3778; x_wconf 89' lang='lat' dir='ltr'><strong>quamvis</strong></span> <span class='ocrx_word' id='word_1_299' title='bbox 1295 3694 1478 3757; x_wconf 82' lang='lat' dir='ltr'><strong>Terentius</strong></span> <span class='ocrx_word' id='word_1_300' title='bbox 1510 3694 1693 3758; x_wconf 78' lang='lat' dir='ltr'><strong>fidicina</strong></span> <span class='ocrx_word' id='word_1_301' title='bbox 1720 3691 1877 3756; x_wconf 87' lang='lat' dir='ltr'><strong>ettibi-</strong></span> 
     </span>
     <span class='ocr_line' id='line_1_32' title="bbox 406 3793 1877 3877; baseline 0.003 -25"><span class='ocrx_word' id='word_1_302' title='bbox 406 3793 498 3855; x_wconf 90' lang='lat' dir='ltr'><strong>cina</strong></span> <span class='ocrx_word' id='word_1_303' title='bbox 510 3795 540 3874; x_wconf 78' lang='lat'><strong>⁸)</strong></span> <span class='ocrx_word' id='word_1_304' title='bbox 557 3795 724 3877; x_wconf 88' lang='lat' dir='ltr'><strong>posuerit.</strong></span> <span class='ocrx_word' id='word_1_305' title='bbox 746 3793 870 3857; x_wconf 86' lang='lat' dir='ltr'><strong>Neutri</strong></span> <span class='ocrx_word' id='word_1_306' title='bbox 888 3794 1024 3877; x_wconf 88' lang='lat' dir='ltr'><strong>generis</strong></span> <span class='ocrx_word' id='word_1_307' title='bbox 1038 3795 1146 3860; x_wconf 88' lang='lat' dir='ltr'><strong>multa</strong></span> <span class='ocrx_word' id='word_1_308' title='bbox 1163 3798 1387 3860; x_wconf 87' lang='lat' dir='ltr'><strong>inveniuntur</strong></span> <span class='ocrx_word' id='word_1_309' title='bbox 1402 3797 1486 3861; x_wconf 90' lang='lat' dir='ltr'><strong>·EN·</strong></span> <span class='ocrx_word' id='word_1_310' title='bbox 1505 3799 1541 3860; x_wconf 93' lang='lat' dir='ltr'><strong>in</strong></span> <span class='ocrx_word' id='word_1_311' title='bbox 1561 3797 1777 3860; x_wconf 87' lang='lat' dir='ltr'><strong>nominativo</strong></span> <span class='ocrx_word' id='word_1_312' title='bbox 1796 3813 1877 3858; x_wconf 92' lang='lat' dir='ltr'><strong>cor·</strong></span> 
     </span>
    </p>
   </div>
   <div class='ocr_carea' id='block_1_3' title="bbox 418 4015 1881 5331">
    <p class='ocr_par' dir='ltr' id='par_1_7' title="bbox 442 4015 1881 4446">
     <span class='ocr_line' id='line_1_33' title="bbox 442 4015 1881 4094; baseline 0.007 -27"><span class='ocrx_word' id='word_1_313' title='bbox 442 4021 475 4084; x_wconf 79' lang='lat'><strong>¹⁸)</strong></span> <span class='ocrx_word' id='word_1_314' title='bbox 502 4015 565 4070; x_wconf 85' lang='lat' dir='ltr'><strong>exul</strong></span> <span class='ocrx_word' id='word_1_315' title='bbox 590 4048 625 4062; x_wconf 91' lang='lat'><em>-</em></span> <span class='ocrx_word' id='word_1_316' title='bbox 643 4019 740 4072; x_wconf 85' lang='lat' dir='ltr'><strong>exnsul</strong></span> <span class='ocrx_word' id='word_1_317' title='bbox 769 4021 835 4074; x_wconf 75' lang='lat' dir='ltr'><strong>ead.</strong></span> <span class='ocrx_word' id='word_1_318' title='bbox 862 4023 1023 4093; x_wconf 75' lang='lat' dir='ltr'><strong>syllabam</strong></span> <span class='ocrx_word' id='word_1_319' title='bbox 1042 4041 1118 4092; x_wconf 88' lang='lat' dir='ltr'><strong>apr.</strong></span> <span class='ocrx_word' id='word_1_320' title='bbox 1137 4041 1172 4077; x_wconf 86' lang='lat' dir='ltr'><strong>m.</strong></span> <span class='ocrx_word' id='word_1_321' title='bbox 1192 4025 1291 4078; x_wconf 86' lang='lat' dir='ltr'><strong>deleta.</strong></span> <span class='ocrx_word' id='word_1_322' title='bbox 1320 4029 1355 4094; x_wconf 75' lang='lat' dir='ltr'><strong>”l</strong></span> <span class='ocrx_word' id='word_1_323' title='bbox 1374 4025 1455 4076; x_wconf 89' lang='lat' dir='ltr'><strong>Tunc</strong></span> <span class='ocrx_word' id='word_1_324' title='bbox 1476 4023 1542 4077; x_wconf 78' lang='lat' dir='ltr'><strong>cod.</strong></span> <span class='ocrx_word' id='word_1_325' title='bbox 1562 4043 1596 4075; x_wconf 77' lang='lat' dir='ltr'><strong>cx</strong></span> <span class='ocrx_word' id='word_1_326' title='bbox 1621 4041 1671 4075; x_wconf 86' lang='lat' dir='ltr'><strong>ern.</strong></span> <span class='ocrx_word' id='word_1_327' title='bbox 1690 4043 1732 4092; x_wconf 81' lang='lat' dir='ltr'><strong>pr.</strong></span> <span class='ocrx_word' id='word_1_328' title='bbox 1752 4041 1786 4074; x_wconf 89' lang='lat' dir='ltr'><strong>m.</strong></span> <span class='ocrx_word' id='word_1_329' title='bbox 1806 4041 1881 4094; x_wconf 83' lang='lat' dir='ltr'><strong>qnae</strong></span> 
     </span>
     <span class='ocr_line' id='line_1_34' title="bbox 509 4110 1873 4182; baseline 0.006 -25"><span class='ocrx_word' id='word_1_330' title='bbox 509 4111 626 4176; x_wconf 84' lang='lat' dir='ltr'><strong>primam</strong></span> <span class='ocrx_word' id='word_1_331' title='bbox 647 4114 874 4180; x_wconf 69' lang='lat' dir='ltr'><strong>transcripserat.</strong></span> <span class='ocrx_word' id='word_1_332' title='bbox 902 4112 936 4177; x_wconf 80' lang='lat'><strong>⁸¹)</strong></span> <span class='ocrx_word' id='word_1_333' title='bbox 956 4111 1137 4163; x_wconf 82' lang='lat' dir='ltr'><strong>nominativus</strong></span> <span class='ocrx_word' id='word_1_334' title='bbox 1173 4111 1239 4164; x_wconf 79' lang='lat' dir='ltr'><strong>cod.</strong></span> <span class='ocrx_word' id='word_1_335' title='bbox 1267 4133 1301 4166; x_wconf 79' lang='lat' dir='ltr'><strong>ea</strong></span> <span class='ocrx_word' id='word_1_336' title='bbox 1327 4132 1376 4165; x_wconf 88' lang='lat' dir='ltr'><strong>em.</strong></span> <span class='ocrx_word' id='word_1_337' title='bbox 1404 4132 1444 4182; x_wconf 81' lang='lat' dir='ltr'><strong>pr.</strong></span> <span class='ocrx_word' id='word_1_338' title='bbox 1471 4129 1505 4164; x_wconf 89' lang='lat' dir='ltr'><strong>m.</strong></span> <span class='ocrx_word' id='word_1_339' title='bbox 1534 4110 1737 4164; x_wconf 79' lang='lat' dir='ltr'><strong>nonminativns</strong></span> <span class='ocrx_word' id='word_1_340' title='bbox 1766 4112 1834 4164; x_wconf 75' lang='lat' dir='ltr'><strong>cae.</strong></span> <span class='ocrx_word' id='word_1_341' title='bbox 1854 4131 1873 4164; x_wconf 87' lang='lat' dir='ltr'><strong>a</strong></span> 
     </span>
     <span class='ocr_line' id='line_1_35' title="bbox 509 4195 1876 4271; baseline 0.005 -25"><span class='ocrx_word' id='word_1_342' title='bbox 509 4215 551 4266; x_wconf 80' lang='lat' dir='ltr'><strong>pr.</strong></span> <span class='ocrx_word' id='word_1_343' title='bbox 569 4213 603 4246; x_wconf 91' lang='lat' dir='ltr'><strong>m.</strong></span> <span class='ocrx_word' id='word_1_344' title='bbox 631 4199 667 4263; x_wconf 87' lang='lat'><strong>²¹)</strong></span> <span class='ocrx_word' id='word_1_345' title='bbox 695 4196 869 4248; x_wconf 83' lang='lat' dir='ltr'><strong>novissimam</strong></span> <span class='ocrx_word' id='word_1_346' title='bbox 895 4195 963 4250; x_wconf 78' lang='lat' dir='ltr'><strong>·Us·</strong></span> <span class='ocrx_word' id='word_1_347' title='bbox 986 4197 1016 4248; x_wconf 90' lang='lat' dir='ltr'><strong>in</strong></span> <span class='ocrx_word' id='word_1_348' title='bbox 1036 4198 1076 4250; x_wconf 86' lang='lat' dir='ltr'><strong>·E·</strong></span> <span class='ocrx_word' id='word_1_349' title='bbox 1101 4207 1255 4270; x_wconf 86' lang='lat' dir='ltr'><strong>correptam</strong></span> <span class='ocrx_word' id='word_1_350' title='bbox 1280 4197 1435 4262; x_wconf 85' lang='lat' dir='ltr'><strong>mutabunt,</strong></span> <span class='ocrx_word' id='word_1_351' title='bbox 1460 4204 1499 4252; x_wconf 91' lang='lat' dir='ltr'><strong>sic</strong></span> <span class='ocrx_word' id='word_1_352' title='bbox 1517 4219 1532 4250; x_wconf 91' lang='lat' dir='ltr'><strong>e</strong></span> <span class='ocrx_word' id='word_1_353' title='bbox 1549 4199 1633 4252; x_wconf 82' lang='lat' dir='ltr'><strong>Probi</strong></span> <span class='ocrx_word' id='word_1_354' title='bbox 1649 4201 1712 4252; x_wconf 85' lang='lat' dir='ltr'><strong>loca</strong></span> <span class='ocrx_word' id='word_1_355' title='bbox 1735 4201 1876 4271; x_wconf 81' lang='lat' dir='ltr'><strong>parallelo</strong></span> 
     </span>
     <span class='ocr_line' id='line_1_36' title="bbox 510 4285 1874 4358; baseline 0.004 -25"><span class='ocrx_word' id='word_1_356' title='bbox 510 4287 664 4352; x_wconf 84' lang='lat' dir='ltr'><strong>scripsimus</strong></span> <span class='ocrx_word' id='word_1_357' title='bbox 687 4302 739 4352; x_wconf 83' lang='lat' dir='ltr'><strong>pro</strong></span> <span class='ocrx_word' id='word_1_358' title='bbox 756 4302 787 4337; x_wconf 89' lang='lat' dir='ltr'><strong>eo</strong></span> <span class='ocrx_word' id='word_1_359' title='bbox 802 4285 877 4355; x_wconf 82' lang='lat' dir='ltr'><strong>quod</strong></span> <span class='ocrx_word' id='word_1_360' title='bbox 894 4285 987 4338; x_wconf 79' lang='lat' dir='ltr'><strong>Codex</strong></span> <span class='ocrx_word' id='word_1_361' title='bbox 1006 4291 1100 4339; x_wconf 77' lang='lat' dir='ltr'><strong>vitiose</strong></span> <span class='ocrx_word' id='word_1_362' title='bbox 1116 4287 1234 4354; x_wconf 70' lang='lat' dir='ltr'><strong>exbibet,</strong></span> <span class='ocrx_word' id='word_1_363' title='bbox 1254 4287 1428 4340; x_wconf 84' lang='lat' dir='ltr'><strong>novissimam</strong></span> <span class='ocrx_word' id='word_1_364' title='bbox 1447 4287 1477 4338; x_wconf 88' lang='lat' dir='ltr'><strong>·l·</strong></span> <span class='ocrx_word' id='word_1_365' title='bbox 1496 4287 1525 4337; x_wconf 90' lang='lat' dir='ltr'><strong>in</strong></span> <span class='ocrx_word' id='word_1_366' title='bbox 1545 4285 1586 4338; x_wconf 79' lang='lat' dir='ltr'><strong>·E·</strong></span> <span class='ocrx_word' id='word_1_367' title='bbox 1613 4296 1767 4358; x_wconf 85' lang='lat' dir='ltr'><strong>correptam</strong></span> <span class='ocrx_word' id='word_1_368' title='bbox 1785 4295 1874 4338; x_wconf 87' lang='lat' dir='ltr'><strong>mula·</strong></span> 
     </span>
     <span class='ocr_line' id='line_1_37' title="bbox 510 4365 1571 4446; baseline 0.005 -27"><span class='ocrx_word' id='word_1_369' title='bbox 510 4365 594 4424; x_wconf 90' lang='lat' dir='ltr'><strong>bitur.</strong></span> <span class='ocrx_word' id='word_1_370' title='bbox 615 4371 652 4444; x_wconf 84' lang='lat'><strong>¹³)</strong></span> <span class='ocrx_word' id='word_1_371' title='bbox 673 4367 777 4422; x_wconf 86' lang='lat' dir='ltr'><strong>tibicen</strong></span> <span class='ocrx_word' id='word_1_372' title='bbox 798 4403 829 4414; x_wconf 83' lang='lat'>-</span> <span class='ocrx_word' id='word_1_373' title='bbox 849 4372 952 4424; x_wconf 87' lang='lat' dir='ltr'><strong>tinicen</strong></span> <span class='ocrx_word' id='word_1_374' title='bbox 972 4375 1037 4426; x_wconf 77' lang='lat' dir='ltr'><strong>coa.</strong></span> <span class='ocrx_word' id='word_1_375' title='bbox 1051 4389 1076 4428; x_wconf 86' lang='lat' dir='ltr'><strong>et</strong></span> <span class='ocrx_word' id='word_1_376' title='bbox 1088 4395 1151 4427; x_wconf 80' lang='lat' dir='ltr'><strong>moa</strong></span> <span class='ocrx_word' id='word_1_377' title='bbox 1163 4379 1237 4446; x_wconf 70' lang='lat' dir='ltr'><strong>iryra</strong></span> <span class='ocrx_word' id='word_1_378' title='bbox 1252 4376 1375 4428; x_wconf 86' lang='lat' dir='ltr'><strong>tinicinia</strong></span> <span class='ocrx_word' id='word_1_379' title='bbox 1394 4407 1428 4418; x_wconf 92' lang='lat'>—</span> <span class='ocrx_word' id='word_1_380' title='bbox 1447 4375 1571 4427; x_wconf 88' lang='lat' dir='ltr'><strong>tiuiciua.</strong></span> 
     </span>
    </p>

    <p class='ocr_par' dir='ltr' id='par_1_8' title="bbox 440 4453 1878 4534">
     <span class='ocr_line' id='line_1_38' title="bbox 440 4453 1878 4534; baseline 0.003 -23"><span class='ocrx_word' id='word_1_381' title='bbox 440 4459 473 4530; x_wconf 87' lang='lat' dir='ltr'><strong>a)</strong></span> <span class='ocrx_word' id='word_1_382' title='bbox 494 4453 619 4513; x_wconf 84' lang='lat' dir='ltr'><strong>Observa</strong></span> <span class='ocrx_word' id='word_1_383' title='bbox 637 4469 761 4512; x_wconf 90' lang='lat' dir='ltr'><strong>nostrum</strong></span> <span class='ocrx_word' id='word_1_384' title='bbox 780 4457 915 4529; x_wconf 81' lang='lat' dir='ltr'><strong>glossema</strong></span> <span class='ocrx_word' id='word_1_385' title='bbox 940 4458 1014 4532; x_wconf 89' lang='lat' dir='ltr'><strong>qnod</strong></span> <span class='ocrx_word' id='word_1_386' title='bbox 1032 4461 1061 4513; x_wconf 90' lang='lat' dir='ltr'><strong>ia</strong></span> <span class='ocrx_word' id='word_1_387' title='bbox 1080 4461 1210 4534; x_wconf 82' lang='lat' dir='ltr'><strong>parallelo</strong></span> <span class='ocrx_word' id='word_1_388' title='bbox 1230 4461 1313 4525; x_wconf 72' lang='lat' dir='ltr'><strong>Probi</strong></span> <span class='ocrx_word' id='word_1_389' title='bbox 1334 4461 1412 4518; x_wconf 79' lang='lat' dir='ltr'><strong>Cella.</strong></span> <span class='ocrx_word' id='word_1_390' title='bbox 1438 4460 1564 4520; x_wconf 77' lang='lat'><strong>221000</strong></span> <span class='ocrx_word' id='word_1_391' title='bbox 1583 4457 1712 4514; x_wconf 87' lang='lat' dir='ltr'><strong>babetur:</strong></span> <span class='ocrx_word' id='word_1_392' title='bbox 1735 4463 1878 4534; x_wconf 78' lang='lat' dir='ltr'><strong>Tanaquil</strong></span> 
     </span>
    </p>

    <p class='ocr_par' dir='ltr' id='par_1_9' title="bbox 418 4547 1877 5331">
     <span class='ocr_line' id='line_1_39' title="bbox 418 4547 1874 4623; baseline 0.003 -25"><span class='ocrx_word' id='word_1_393' title='bbox 418 4587 423 4598; x_wconf 83' lang='lat'><strong>.</strong></span> <span class='ocrx_word' id='word_1_394' title='bbox 508 4554 579 4602; x_wconf 87' lang='lat' dir='ltr'><strong>euim</strong></span> <span class='ocrx_word' id='word_1_395' title='bbox 600 4551 740 4618; x_wconf 79' lang='lat' dir='ltr'><strong>uacrsadl</strong></span> <span class='ocrx_word' id='word_1_396' title='bbox 767 4550 903 4622; x_wconf 78' lang='lat' dir='ltr'><strong>Tarquini</strong></span> <span class='ocrx_word' id='word_1_397' title='bbox 921 4550 1006 4602; x_wconf 78' lang='lat' dir='ltr'><strong>Prisci</strong></span> <span class='ocrx_word' id='word_1_398' title='bbox 1025 4557 1078 4602; x_wconf 88' lang='lat' dir='ltr'><strong>etc.</strong></span> <span class='ocrx_word' id='word_1_399' title='bbox 1097 4551 1209 4604; x_wconf 89' lang='lat' dir='ltr'><strong>omuino</strong></span> <span class='ocrx_word' id='word_1_400' title='bbox 1228 4552 1361 4621; x_wconf 83' lang='lat' dir='ltr'><strong>ignorare.</strong></span> <span class='ocrx_word' id='word_1_401' title='bbox 1383 4554 1409 4623; x_wconf 85' lang='lat' dir='ltr'><strong>b)</strong></span> <span class='ocrx_word' id='word_1_402' title='bbox 1429 4550 1487 4603; x_wconf 77' lang='lat' dir='ltr'><strong>cfr.</strong></span> <span class='ocrx_word' id='word_1_403' title='bbox 1508 4547 1604 4603; x_wconf 88' lang='lat' dir='ltr'><strong>Cbaris</strong></span> <span class='ocrx_word' id='word_1_404' title='bbox 1623 4569 1651 4622; x_wconf 94' lang='lat' dir='ltr'><strong>p.</strong></span> <span class='ocrx_word' id='word_1_405' title='bbox 1673 4555 1715 4608; x_wconf 80' lang='grc'><strong>13.</strong></span> <span class='ocrx_word' id='word_1_406' title='bbox 1736 4551 1766 4604; x_wconf 66' lang='grc' dir='ltr'><strong>Ρ.</strong></span> <span class='ocrx_word' id='word_1_407' title='bbox 1786 4551 1874 4604; x_wconf 88' lang='lat' dir='ltr'><strong>Prisc.</strong></span> 
     </span>
     <span class='ocr_line' id='line_1_40' title="bbox 507 4635 1877 4709; baseline 0 -19"><span class='ocrx_word' id='word_1_408' title='bbox 507 4638 540 4690; x_wconf 93' lang='lat' dir='ltr'><strong>V.</strong></span> <span class='ocrx_word' id='word_1_409' title='bbox 559 4645 585 4702; x_wconf 89' lang='lat'><strong>8,</strong></span> <span class='ocrx_word' id='word_1_410' title='bbox 607 4644 648 4697; x_wconf 79' lang='grc'><strong>45.</strong></span> <span class='ocrx_word' id='word_1_411' title='bbox 671 4636 733 4694; x_wconf 86' lang='lat' dir='ltr'><strong>coll.</strong></span> <span class='ocrx_word' id='word_1_412' title='bbox 754 4638 788 4693; x_wconf 83' lang='lat' dir='ltr'><strong>V·</strong></span> <span class='ocrx_word' id='word_1_413' title='bbox 808 4643 835 4700; x_wconf 78' lang='lat'><strong>2,</strong></span> <span class='ocrx_word' id='word_1_414' title='bbox 858 4645 899 4696; x_wconf 88' lang='grc'><strong>10.</strong></span> <span class='ocrx_word' id='word_1_415' title='bbox 918 4637 991 4690; x_wconf 89' lang='lat' dir='ltr'><strong>Non.</strong></span> <span class='ocrx_word' id='word_1_416' title='bbox 1015 4643 1078 4696; x_wconf 78' lang='lat'><strong>223.</strong></span> <span class='ocrx_word' id='word_1_417' title='bbox 1097 4638 1183 4692; x_wconf 81' lang='lat' dir='ltr'><strong>Marc.</strong></span> <span class='ocrx_word' id='word_1_418' title='bbox 1209 4646 1234 4708; x_wconf 86' lang='lat' dir='ltr'><strong>c)</strong></span> <span class='ocrx_word' id='word_1_419' title='bbox 1261 4641 1389 4704; x_wconf 73' lang='lat' dir='ltr'><strong>areatat,</strong></span> <span class='ocrx_word' id='word_1_420' title='bbox 1413 4657 1513 4695; x_wconf 86' lang='lat' dir='ltr'><strong>nomen</strong></span> <span class='ocrx_word' id='word_1_421' title='bbox 1533 4637 1608 4691; x_wconf 85' lang='lat' dir='ltr'><strong>ssuvii</strong></span> <span class='ocrx_word' id='word_1_422' title='bbox 1630 4635 1777 4690; x_wconf 86' lang='lat' dir='ltr'><strong>Numidiae</strong></span> <span class='ocrx_word' id='word_1_423' title='bbox 1798 4637 1877 4709; x_wconf 87' lang='lat' dir='ltr'><strong>apud</strong></span> 
     </span>
     <span class='ocr_line' id='line_1_41' title="bbox 507 4724 1874 4798; baseline 0 -19"><span class='ocrx_word' id='word_1_424' title='bbox 507 4725 620 4780; x_wconf 85' lang='lat' dir='ltr'><strong>Sallust.</strong></span> <span class='ocrx_word' id='word_1_425' title='bbox 641 4729 698 4798; x_wconf 84' lang='lat' dir='ltr'><strong>lug.</strong></span> <span class='ocrx_word' id='word_1_426' title='bbox 718 4732 761 4785; x_wconf 79' lang='grc'><strong>48.</strong></span> <span class='ocrx_word' id='word_1_427' title='bbox 781 4727 810 4798; x_wconf 80' lang='lat' dir='ltr'><strong>d)</strong></span> <span class='ocrx_word' id='word_1_428' title='bbox 830 4725 938 4790; x_wconf 75' lang='lat' dir='ltr'><strong>Suthul,</strong></span> <span class='ocrx_word' id='word_1_429' title='bbox 958 4724 1093 4796; x_wconf 89' lang='lat' dir='ltr'><strong>oppidum</strong></span> <span class='ocrx_word' id='word_1_430' title='bbox 1110 4726 1265 4781; x_wconf 88' lang='lat' dir='ltr'><strong>Numidiae.</strong></span> <span class='ocrx_word' id='word_1_431' title='bbox 1285 4727 1396 4782; x_wconf 87' lang='lat' dir='ltr'><strong>Sallust.</strong></span> <span class='ocrx_word' id='word_1_432' title='bbox 1415 4727 1474 4797; x_wconf 85' lang='lat' dir='ltr'><strong>lug.</strong></span> <span class='ocrx_word' id='word_1_433' title='bbox 1494 4733 1539 4785; x_wconf 82' lang='grc'><strong>37.</strong></span> <span class='ocrx_word' id='word_1_434' title='bbox 1566 4729 1591 4797; x_wconf 90' lang='lat' dir='ltr'><strong>e)</strong></span> <span class='ocrx_word' id='word_1_435' title='bbox 1617 4727 1688 4780; x_wconf 85' lang='lat' dir='ltr'><strong>Sunt</strong></span> <span class='ocrx_word' id='word_1_436' title='bbox 1706 4731 1770 4779; x_wconf 85' lang='lat' dir='ltr'><strong>item</strong></span> <span class='ocrx_word' id='word_1_437' title='bbox 1787 4745 1874 4798; x_wconf 75' lang='lat' dir='ltr'><strong>genc-</strong></span> 
     </span>
     <span class='ocr_line' id='line_1_42' title="bbox 509 4811 1875 4887; baseline 0 -23"><span class='ocrx_word' id='word_1_438' title='bbox 509 4820 544 4865; x_wconf 89' lang='lat' dir='ltr'><strong>ris</strong></span> <span class='ocrx_word' id='word_1_439' title='bbox 563 4819 707 4868; x_wconf 83' lang='lat' dir='ltr'><strong>masculini</strong></span> <span class='ocrx_word' id='word_1_440' title='bbox 723 4845 755 4859; x_wconf 76' lang='lat'><strong>-·</strong></span> <span class='ocrx_word' id='word_1_441' title='bbox 775 4819 911 4878; x_wconf 78' lang='lat' dir='ltr'><strong>Danielis,</strong></span> <span class='ocrx_word' id='word_1_442' title='bbox 936 4815 1093 4874; x_wconf 69' lang='lat' dir='ltr'><strong>lsdrahelis,</strong></span> <span class='ocrx_word' id='word_1_443' title='bbox 1121 4817 1224 4868; x_wconf 86' lang='lat' dir='ltr'><strong>Totum</strong></span> <span class='ocrx_word' id='word_1_444' title='bbox 1247 4815 1301 4869; x_wconf 90' lang='lat' dir='ltr'><strong>boc</strong></span> <span class='ocrx_word' id='word_1_445' title='bbox 1321 4835 1434 4880; x_wconf 87' lang='lat' dir='ltr'><strong>comma,</strong></span> <span class='ocrx_word' id='word_1_446' title='bbox 1454 4813 1529 4887; x_wconf 89' lang='lat' dir='ltr'><strong>quod</strong></span> <span class='ocrx_word' id='word_1_447' title='bbox 1547 4815 1575 4867; x_wconf 89' lang='lat' dir='ltr'><strong>in</strong></span> <span class='ocrx_word' id='word_1_448' title='bbox 1594 4812 1725 4886; x_wconf 83' lang='lat' dir='ltr'><strong>parallelo</strong></span> <span class='ocrx_word' id='word_1_449' title='bbox 1747 4811 1875 4866; x_wconf 77' lang='lat' dir='ltr'><strong>calholi-</strong></span> 
     </span>
     <span class='ocr_line' id='line_1_43' title="bbox 509 4901 1872 4976; baseline 0.002 -25"><span class='ocrx_word' id='word_1_450' title='bbox 509 4917 602 4954; x_wconf 80' lang='lat' dir='ltr'><strong>oorum</strong></span> <span class='ocrx_word' id='word_1_451' title='bbox 622 4901 705 4956; x_wconf 85' lang='lat' dir='ltr'><strong>Probi</strong></span> <span class='ocrx_word' id='word_1_452' title='bbox 725 4905 814 4974; x_wconf 87' lang='lat' dir='ltr'><strong>capite</strong></span> <span class='ocrx_word' id='word_1_453' title='bbox 833 4921 889 4956; x_wconf 89' lang='lat' dir='ltr'><strong>non</strong></span> <span class='ocrx_word' id='word_1_454' title='bbox 909 4913 1063 4976; x_wconf 85' lang='lat' dir='ltr'><strong>comparet,</strong></span> <span class='ocrx_word' id='word_1_455' title='bbox 1082 4903 1216 4974; x_wconf 83' lang='lat' dir='ltr'><strong>glossema</strong></span> <span class='ocrx_word' id='word_1_456' title='bbox 1244 4903 1349 4957; x_wconf 91' lang='lat' dir='ltr'><strong>librarii</strong></span> <span class='ocrx_word' id='word_1_457' title='bbox 1370 4902 1485 4957; x_wconf 87' lang='lat' dir='ltr'><strong>redolet.</strong></span> <span class='ocrx_word' id='word_1_458' title='bbox 1514 4902 1644 4956; x_wconf 85' lang='lat' dir='ltr'><strong>Ceterum</strong></span> <span class='ocrx_word' id='word_1_459' title='bbox 1671 4903 1807 4973; x_wconf 86' lang='lat' dir='ltr'><strong>scriptura</strong></span> <span class='ocrx_word' id='word_1_460' title='bbox 1827 4903 1872 4954; x_wconf 85' lang='lat' dir='ltr'><strong>ls-</strong></span> 
     </span>
     <span class='ocr_line' id='line_1_44' title="bbox 509 4984 1874 5066; baseline 0.004 -30"><span class='ocrx_word' id='word_1_461' title='bbox 509 4984 603 5040; x_wconf 85' lang='lat' dir='ltr'><strong>drabel</strong></span> <span class='ocrx_word' id='word_1_462' title='bbox 623 4999 650 5041; x_wconf 90' lang='lat' dir='ltr'><strong>et</strong></span> <span class='ocrx_word' id='word_1_463' title='bbox 669 4988 785 5043; x_wconf 86' lang='lat' dir='ltr'><strong>Istrabel</strong></span> <span class='ocrx_word' id='word_1_464' title='bbox 803 5002 868 5045; x_wconf 88' lang='lat' dir='ltr'><strong>nota</strong></span> <span class='ocrx_word' id='word_1_465' title='bbox 888 5003 930 5047; x_wconf 88' lang='lat' dir='ltr'><strong>est</strong></span> <span class='ocrx_word' id='word_1_466' title='bbox 949 5013 980 5046; x_wconf 88' lang='lat' dir='ltr'><strong>ex</strong></span> <span class='ocrx_word' id='word_1_467' title='bbox 999 4995 1197 5066; x_wconf 82' lang='lat' dir='ltr'><strong>antiquissimis</strong></span> <span class='ocrx_word' id='word_1_468' title='bbox 1216 4995 1412 5065; x_wconf 81' lang='lat' dir='ltr'><strong>Evangeliariis</strong></span> <span class='ocrx_word' id='word_1_469' title='bbox 1435 4991 1544 5054; x_wconf 87' lang='lat' dir='ltr'><strong>latinis,</strong></span> <span class='ocrx_word' id='word_1_470' title='bbox 1569 4988 1739 5044; x_wconf 75' lang='lat' dir='ltr'><strong>vercellensi</strong></span> <span class='ocrx_word' id='word_1_471' title='bbox 1764 4999 1793 5042; x_wconf 89' lang='lat' dir='ltr'><strong>el</strong></span> <span class='ocrx_word' id='word_1_472' title='bbox 1815 4991 1874 5044; x_wconf 89' lang='lat' dir='ltr'><strong>Ve-</strong></span> 
     </span>
     <span class='ocr_line' id='line_1_45' title="bbox 512 5075 1872 5156; baseline 0.004 -31"><span class='ocrx_word' id='word_1_473' title='bbox 512 5077 620 5128; x_wconf 87' lang='lat' dir='ltr'><strong>ronensi</strong></span> <span class='ocrx_word' id='word_1_474' title='bbox 640 5075 714 5148; x_wconf 88' lang='lat' dir='ltr'><strong>apud</strong></span> <span class='ocrx_word' id='word_1_475' title='bbox 732 5077 872 5133; x_wconf 88' lang='lat' dir='ltr'><strong>Blancbin.</strong></span> <span class='ocrx_word' id='word_1_476' title='bbox 892 5081 993 5152; x_wconf 80' lang='lat' dir='ltr'><strong>Evang.</strong></span> <span class='ocrx_word' id='word_1_477' title='bbox 1014 5081 1170 5156; x_wconf 87' lang='lat' dir='ltr'><strong>Quadrupl.</strong></span> <span class='ocrx_word' id='word_1_478' title='bbox 1190 5102 1218 5154; x_wconf 91' lang='lat' dir='ltr'><strong>p.</strong></span> <span class='ocrx_word' id='word_1_479' title='bbox 1238 5091 1263 5141; x_wconf 79' lang='lat'><strong>8.</strong></span> <span class='ocrx_word' id='word_1_480' title='bbox 1284 5089 1309 5142; x_wconf 87' lang='grc'><strong>9.</strong></span> <span class='ocrx_word' id='word_1_481' title='bbox 1332 5089 1372 5138; x_wconf 74' lang='lat'><strong>12.</strong></span> <span class='ocrx_word' id='word_1_482' title='bbox 1395 5087 1436 5140; x_wconf 85' lang='grc'><strong>13.</strong></span> <span class='ocrx_word' id='word_1_483' title='bbox 1456 5089 1509 5132; x_wconf 81' lang='lat' dir='ltr'><strong>ele.</strong></span> <span class='ocrx_word' id='word_1_484' title='bbox 1528 5079 1572 5151; x_wconf 79' lang='lat' dir='ltr'><strong>J)</strong></span> <span class='ocrx_word' id='word_1_485' title='bbox 1598 5075 1664 5130; x_wconf 92' lang='lat' dir='ltr'><strong>Vid.</strong></span> <span class='ocrx_word' id='word_1_486' title='bbox 1692 5075 1797 5130; x_wconf 87' lang='lat' dir='ltr'><strong>Cbsris.</strong></span> <span class='ocrx_word' id='word_1_487' title='bbox 1825 5085 1872 5137; x_wconf 70' lang='grc'><strong>94.</strong></span> 
     </span>
     <span class='ocr_line' id='line_1_46' title="bbox 509 5164 1873 5241; baseline 0.001 -23"><span class='ocrx_word' id='word_1_488' title='bbox 509 5167 539 5218; x_wconf 87' lang='grc' dir='ltr'><strong>Ρ.</strong></span> <span class='ocrx_word' id='word_1_489' title='bbox 568 5165 652 5218; x_wconf 82' lang='lat' dir='ltr'><strong>Prisc.</strong></span> <span class='ocrx_word' id='word_1_490' title='bbox 680 5166 713 5218; x_wconf 83' lang='lat' dir='ltr'><strong>V.</strong></span> <span class='ocrx_word' id='word_1_491' title='bbox 734 5171 767 5229; x_wconf 84' lang='lat'><strong>3,</strong></span> <span class='ocrx_word' id='word_1_492' title='bbox 796 5173 837 5226; x_wconf 85' lang='lat'><strong>13.</strong></span> <span class='ocrx_word' id='word_1_493' title='bbox 856 5171 930 5224; x_wconf 85' lang='lat' dir='ltr'><strong>Fest.</strong></span> <span class='ocrx_word' id='word_1_494' title='bbox 957 5172 1035 5225; x_wconf 83' lang='lat' dir='ltr'><strong>Pauli</strong></span> <span class='ocrx_word' id='word_1_495' title='bbox 1053 5173 1133 5225; x_wconf 84' lang='lat' dir='ltr'><strong>Dirc·</strong></span> <span class='ocrx_word' id='word_1_496' title='bbox 1155 5177 1215 5230; x_wconf 82' lang='lat'><strong>136.</strong></span> <span class='ocrx_word' id='word_1_497' title='bbox 1236 5171 1267 5222; x_wconf 90' lang='lat' dir='ltr'><strong>L.</strong></span> <span class='ocrx_word' id='word_1_498' title='bbox 1292 5164 1805 5241; x_wconf 55' lang='lat' dir='ltr'><strong>phreneticum.111.r.a.v.</strong></span> <span class='ocrx_word' id='word_1_499' title='bbox 1828 5172 1873 5224; x_wconf 83' lang='grc'><strong>15.</strong></span> 
     </span>
     <span class='ocr_line' id='line_1_47' title="bbox 508 5251 1436 5331; baseline 0.005 -25"><span class='ocrx_word' id='word_1_500' title='bbox 508 5251 624 5325; x_wconf 80' lang='lat' dir='ltr'><strong>Adelph.</strong></span> <span class='ocrx_word' id='word_1_501' title='bbox 645 5254 679 5309; x_wconf 83' lang='lat' dir='ltr'><strong>V.</strong></span> <span class='ocrx_word' id='word_1_502' title='bbox 699 5260 725 5317; x_wconf 84' lang='lat'><strong>7.</strong></span> <span class='ocrx_word' id='word_1_503' title='bbox 743 5262 769 5314; x_wconf 89' lang='grc'><strong>7.</strong></span> <span class='ocrx_word' id='word_1_504' title='bbox 787 5260 849 5315; x_wconf 82' lang='lat' dir='ltr'><strong>el9.</strong></span> <span class='ocrx_word' id='word_1_505' title='bbox 870 5255 927 5309; x_wconf 74' lang='lat' dir='ltr'><strong>cfr.</strong></span> <span class='ocrx_word' id='word_1_506' title='bbox 947 5257 1027 5314; x_wconf 83' lang='lat' dir='ltr'><strong>Mart.</strong></span> <span class='ocrx_word' id='word_1_507' title='bbox 1049 5259 1154 5331; x_wconf 88' lang='lat' dir='ltr'><strong>Capell.</strong></span> <span class='ocrx_word' id='word_1_508' title='bbox 1174 5261 1224 5314; x_wconf 88' lang='lat'><strong>111.</strong></span> <span class='ocrx_word' id='word_1_509' title='bbox 1244 5277 1273 5330; x_wconf 81' lang='lat' dir='ltr'><strong>p·</strong></span> <span class='ocrx_word' id='word_1_510' title='bbox 1293 5263 1336 5315; x_wconf 82' lang='lat'><strong>75.</strong></span> <span class='ocrx_word' id='word_1_511' title='bbox 1357 5257 1436 5311; x_wconf 85' lang='lat' dir='ltr'><strong>Grot.</strong></span> 
     </span>
    </p>
   </div>
   <div class='ocr_carea' id='block_1_4' title="bbox 1617 5455 1624 5489">
    <p class='ocr_par' dir='ltr' id='par_1_10' title="bbox 1617 5455 1624 5489">
     <span class='ocr_line' id='line_1_48' title="bbox 1617 5455 1624 5489; baseline 0 0"><span class='ocrx_word' id='word_1_512' title='bbox 1617 5455 1624 5489; x_wconf 86' lang='lat' dir='ltr'><strong>l</strong></span> 
     </span>
    </p>
   </div>
   <div class='ocr_carea' id='block_1_5' title="bbox 0 0 2026 6068">
    <p class='ocr_par' dir='ltr' id='par_1_11' title="bbox 0 0 2026 6068">
     <span class='ocr_line' id='line_1_49' title="bbox 0 0 2026 6068; baseline 0 0"><span class='ocrx_word' id='word_1_513' title='bbox 0 0 2026 6068; x_wconf 95' lang='lat' dir='ltr'><strong> </strong></span> 
     </span>
    </p>
   </div>
  </div>
 </body>
</html>
