4032 6070
590 1021 755 1093 rnonr
785 1019 1137 1094 unaunarrcr
1247 1111 1252 1116 ¹

158 1233 274 1322 Mt
311 1231 545 1324 ⁰01⁰
582 1231 1109 1324 (immotus
1138 1221 1573 1324 MEMBRIS

655 1451 774 1526 Ans
807 1453 1007 1528 utnon
1031 1455 1075 1542 ·).
1124 1411 1126 1418 ’

218 1837 246 1900 l.
258 1833 323 1899 DE
338 1831 472 1898 VOCE
484 1835 520 1915 ’).
532 1834 617 1898 Vox
628 1833 700 1897 sive
713 1855 817 1898 sonus
832 1847 883 1900 cst
898 1843 957 1899 adr
966 1835 1067 1914 ictus,
1084 1835 1120 1898 id
1139 1847 1200 1913 cst,
1218 1831 1412 1921 percussus,
1429 1831 1601 1899 sensibilis
1611 1851 1642 1898 v.
1660 1849 1706 1898 uu.

142 1937 263 2011 auditu,
277 1949 444 2021 quamum
460 1938 497 1999 in
519 1936 595 2020 ipso
616 1947 677 2010 est,
701 1937 768 2000 hoc
787 1949 838 2000 est
855 1937 1022 2022 quamdiu
1040 1949 1188 2002 resonat.
1210 1937 1313 2001 Nunc
1330 1937 1444 2000 omnis
1461 1938 1490 2020 ²)
1518 1955 1601 2015 vox,

143 2039 344 2113 sinemus,
368 2049 425 2101 aut
448 2035 717 2114 articulatum,
742 2052 800 2102 aut
823 2039 976 2104 conlusa.

216 2143 248 2206 2.
277 2140 470 2204 Articulata
492 2151 560 2214 cst,
586 2159 655 2224 qua
677 2139 836 2204 homines
865 2141 1057 2226 loquuntur
1076 2133 1104 2224 ³)
1134 2153 1168 2204 et
1193 2139 1319 2204 litteris
1352 2141 1602 2228 comprehendi

143 2255 263 2330 potest,
286 2254 447 2328 utputa:
471 2239 612 2305 scribe
637 2239 806 2318 Cicero;
830 2241 1005 2325 Vergili
1022 2237 1049 2324 4)
1072 2241 1167 2327 lege
1191 2254 1224 2305 et
1248 2255 1361 2306 cetera
1378 2236 1408 2324 ⁵)
1431 2241 1524 2308 talia.

217 2347 248 2410 3.
277 2341 432 2408 Confusa
459 2364 543 2407 vero
572 2355 630 2407 aut
658 2343 860 2408 animalium
880 2336 911 2427 ⁶)
939 2357 998 2408 aut
1019 2345 1258 2408 inanimalium
1283 2355 1344 2421 est,
1369 2365 1457 2430 quae
1479 2344 1604 2408 litteris

144 2446 382 2531 comprehendi
404 2466 477 2509 non
499 2456 622 2531 potest.
646 2445 859 2510 Animalium
876 2459 927 2508 est
941 2446 970 2528 ⁷)
993 2459 1030 2508 ut
1044 2459 1144 2531 puta:
1168 2466 1370 2532 equorum
1394 2447 1604 2522 hinnitus,

144 2545 273 2610 rabies
302 2567 466 2623 canum,
496 2545 668 2609 ruditus
691 2541 721 2630 ⁸)
754 2547 953 2625 letarum,
993 2547 1252 2632 serpentium
1287 2548 1317 2632 9)
1358 2547 1513 2610 sibilus
1547 2549 1604 2628 ¹⁰),

144 2649 270 2712 avium
291 2653 331 2731 ¹¹)
355 2659 506 2713 cantus
530 2659 564 2712 et
586 2660 700 2712 cetera
722 2649 812 2713 talia.
837 2647 1081 2712 lnanimalium
1105 2661 1220 2712 autem
1240 2662 1291 2712 est
1312 2661 1351 2713 ut
1373 2661 1473 2734 puta:
1496 2667 1605 2728 cym-

143 2747 324 2814 balorum
358 2751 567 2826 tinnitus,
610 2749 889 2834 llagellorum
927 2751 1155 2836 strepitus,
1194 2751 1399 2816 undarum
1436 2747 1605 2836 pulsus,

145 2852 279 2915 ruinae
304 2869 445 2928 casus,
470 2848 640 2944 fistulae
664 2851 849 2930 auditus,
874 2867 908 2918 et
929 2866 1044 2917 cetera
1066 2851 1157 2916 talia.

219 2955 249 3018 4.
272 2953 336 3016 Est
358 2965 392 3016 et
420 2951 563 3016 oonlttsa
584 2971 657 3016 vox
679 2954 750 3018 sive
774 2975 878 3018 sonus
902 2955 943 3038 ¹²)
966 2955 1160 3030 hominum,
1186 2975 1274 3038 quae
1296 2951 1420 3017 litter'is
1443 2971 1604 3036 compre-

146 3052 239 3118 hendi
265 3073 337 3117 non
359 3065 492 3140 potest,
516 3067 674 3140 utputa:
705 3057 792 3120 oris
823 3055 932 3120 risus
961 3056 1017 3121 vel
1047 3053 1272 3134 sibilatus‚
1303 3054 1498 3142 pectoris
1520 3073 1604 3117 rnn-

145 3154 266 3238 gitns‚
291 3167 326 3218 et
348 3168 462 3220 cetera
484 3155 575 3222 talia.

216 3255 271 3320 De
292 3278 379 3322 voce
403 3258 474 3322 sive
498 3278 596 3336 sono,
621 3271 787 3343 quantum
810 3258 898 3322 ratio
920 3257 1098 3345 poscebat,
1122 3257 1355 3323 tractavimus.

220 3364 249 3422 5.
271 3357 336 3421 DE
349 3357 486 3423 ARTE.
503 3357 568 3423 Ars
583 3371 633 3423 est
646 3360 918 3446 uniuscuiusque
934 3361 984 3424 rei
1003 3359 1147 3424 seientia
1158 3349 1198 3442 ”)
1212 3379 1346 3422 summa
1364 3351 1552 3422 s'ubtilitate
1564 3347 1604 3441 ἐ)

146 3455 357 3542 adprehensa.
379 3461 471 3524 Nam
494 3473 528 3526 ct
552 3460 679 3526 Graeci
701 3463 762 3524 ded
784 3471 837 3542 τῆς
859 3463 977 3542 ἀρετῆς,
1002 3483 1022 3526 a
1043 3462 1182 3538 virtute,
1207 3459 1393 3523 censebant
1407 3474 1514 3525 artem
1531 3475 1613 3526 esse·

147 3557 333 3638 dicendam,
356 3563 450 3627 unde
472 3573 507 3626 et
527 3575 661 3628 veteres
685 3577 794 3628 artem
815 3585 879 3650 pro
903 3563 1032 3627 virtute
1053 3563 1252 3647 lnequenter
1272 3576 1452 3647 usurpant.

221 3661 250 3728 o.
271 3663 374 3728 Nunc
395 3665 497 3728 buius
521 3667 618 3742 artis,
641 3667 678 3730 id
701 3678 762 3743 est,
786 3667 1031 3750 grammaticae
1053 3665 1167 3728 omnis
1195 3663 1364 3727 duntaxat
1384 3663 1535 3727 latinitas
1559 3685 1605 3728 ex

148 3759 266 3828 duabus
287 3765 444 3851 partibus
467 3780 617 3845 constat,
641 3771 708 3832 hoc
732 3781 783 3832 est
800 3762 860 3849 ¹⁵),
891 3766 1051 3853 analogia
1074 3779 1108 3831 et
1123 3755 1165 3850 ¹⁶)
1186 3763 1385 3843 anomalis.
1406 3776 1440 3828 et
1461 3767 1499 3848 ¹⁷)
1523 3765 1603 3829 ideo

146 3865 443 3952 utriusquepartis
466 3870 636 3933 rationem
659 3870 848 3934 subicimus
866 3863 917 3954 ¹⁸).

223 3971 251 4034 l.
272 3969 335 4033 DE
358 3969 615 4036 ANALOGlA.
641 3971 813 4056 Analogia
841 3984 892 4036 est
923 3971 1011 4035 ratio
1029 3971 1070 4054 ’9)
1100 3981 1195 4034 recta
1216 3987 1441 4054 perseverans
1463 3987 1527 4054 per
1549 3967 1603 4030 in-

146 4075 267 4150 tegram
299 4068 542 4136 declinationis
571 4073 811 4159 disciplinam,
846 4085 886 4136 ut
915 4083 1015 4158 puta:
1050 4071 1109 4136 bic
1138 4069 1338 4147 Catilina,
1365 4072 1452 4134 haec
1479 4069 1709 4155 lupa‚v.s⁵t.

148 4166 211 4232 hoc
230 4173 430 4237 scrinium
460 4185 494 4238 et
516 4187 631 4240 uetera
661 4176 759 4254 talia3
788 4173 921 4239 scilieet
943 4175 1110 4260 qnoniam
1131 4175 1174 4258 ¹⁸)
1195 4173 1281 4238 haec
1302 4171 1446 4237 nomina
1468 4171 1518 4235 sic
1539 4191 1604 4258 per

191 4458 212 4529 ’)
235 4456 267 4512 de
284 4461 362 4515 Voce
388 4463 424 4520 V.
442 4486 481 4514 =.-
497 4463 533 4517 A.
561 4463 587 4535 ’)
605 4462 694 4516 omnis
713 4463 748 4518 A.
768 4493 806 4508 -
830 4462 983 4516 communis
1002 4463 1040 4518 V.
1067 4463 1090 4532 Ι)
1114 4459 1266 4534 loquuntur
1282 4491 1318 4504 -
1336 4460 1374 4515 A.
1401 4491 1437 4504 -
1453 4457 1603 4512 locuuntur

244 4551 278 4606 V.
297 4553 324 4623 ⁴)
340 4549 447 4620 Vergili
467 4552 502 4606 V.
521 4581 557 4594 -
575 4549 674 4620 Virgili
692 4553 728 4606 A.
749 4551 773 4622 ⁵)
793 4559 883 4604 cetere
903 4552 939 4608 V.
958 4563 1044 4604 comt.
1062 4581 1098 4592 -
1117 4547 1224 4602 ceete're
1242 4549 1278 4602 A.
1297 4560 1382 4602 curun
1401 4543 1427 4618 ⁸)
1445 4543 1602 4598 snimsliurn

244 4638 278 4694 V.
294 4667 333 4684 -
350 4638 527 4692 euintentiunt
546 4639 582 4692 A.
609 4641 634 4712 2)
653 4647 696 4692 est
715 4639 752 4694 V.
760 4639 847 4694 A.=-.
860 4641 893 4692 P.
921 4641 945 4707 ι)
964 4635 1073 4692 ruditus
1092 4637 1128 4694 V.
1146 4665 1183 4680 ·-
1200 4635 1306 4705 rugitus
1324 4635 1361 4688 A.
1389 4637 1414 4703 ⁹)
1430 4632 1602 4703 serpentium

243 4727 280 4782 V.
295 4757 332 4770 -
349 4736 509 4797 serpentum
527 4728 565 4781 A.
587 4733 621 4794 19)
640 4724 739 4781 sibilus
760 4727 795 4780 V.
814 4757 851 4770 ·-
867 4723 985 4796 sibyllus
998 4726 1034 4780 A.
1056 4727 1092 4796 ¹¹)
1111 4725 1200 4778 evium
1219 4723 1255 4776 V.
1273 4753 1309 4764 -
1326 4719 1420 4774 ebione
1431 4722 1469 4775 A.
1490 4719 1528 4790 ¹¹)
1544 4719 1602 4772 sive

242 4829 324 4868 sonus
343 4814 376 4870 V
373 4815 421 4868 .t’.
439 4836 476 4864 =
493 4813 529 4868 A.
558 4816 592 4884 ¹³)
610 4813 727 4867 scientis
745 4815 782 4868 V.
800 4845 836 4874 -,-
854 4814 975 4866 sciencie
991 4813 1029 4868 A.
1056 4813 1095 4884 Ι4)
1114 4809 1268 4864 subtilitate
1288 4811 1323 4862 V.
1342 4841 1378 4850 -
1395 4805 1549 4878 suptilitate
1566 4809 1601 4862 A.

245 4902 278 4971 ¹⁵)
295 4899 350 4954 boc
368 4910 411 4954 est
429 4902 464 4958 A.
483 4931 519 4942 -
536 4898 590 4954 lton
608 4911 702 4954 estex
721 4903 759 4958 V.
789 4903 823 4970 Ι9)
843 4909 872 4954 et
892 4901 972 4956 A.=
990 4901 1027 4956 V.
1056 4901 1094 4969 ’9)
1116 4907 1145 4952 et
1162 4899 1198 4952 A.
1216 4921 1253 4948 =
1272 4897 1307 4952 V.
1336 4899 1374 4967 ¹⁸)
1391 4893 1543 4950 subicimus
1565 4897 1600 4947 V.

243 5019 276 5036 -.
293 4986 455 5044 subiiciens·
473 4990 511 5044 A.
541 4991 578 5060 ’9)
595 4991 664 5046 utto
685 4991 720 5046 V.
737 4991 769 5044 P.
788 5021 822 5030 -
837 4987 880 5042 vin
892 4988 928 5042 A.
945 4988 995 5042 ml
1012 4999 1102 5058 recept
1118 4987 1200 5042 mter
1218 4989 1246 5040 in
1265 4991 1389 5058 mrgtes
1417 4986 1452 5054 ²⁰)
1472 4977 1600 5056 quonism

246 5077 316 5132 Η.
334 5109 370 5121 -
389 5096 444 5152 quo
455 5095 529 5132 nuuc
546 5079 579 5132 A.

189 5179 217 5244 “l
241 5178 317 5235 Probi
336 5183 504 5254 grammatici
523 5181 558 5237 dc
578 5193 641 5237 outo
660 5183 792 5237 orationis
811 5179 941 5236 membris
960 5199 1003 5236 ars
1022 5181 1111 5234 minor
1129 5181 1165 5235 A.
1185 5201 1221 5230 =
1241 5179 1277 5234 V.
