4036 6068
420 483 489 558 tlt
873 473 1438 544 nnortansnrnon.
1999 419 2000 502 l

422 627 541 692 nativo
571 645 652 694 caan
680 626 819 690 numeri
848 623 1031 710 singularis
1059 622 1111 688 Ἐ·
1135 623 1178 706 99)
1199 622 1314 688 littera
1335 623 1567 690 terminantur
1585 615 1629 708 ⁷⁸)
1651 635 1689 688 et
1709 621 1755 692 ad
1775 645 1891 692 exem·

420 729 517 814 plum
543 729 715 794 monilis
737 749 801 815 per
823 747 944 792 omues
962 728 1005 811 99)
1027 746 1126 791 casus
1140 720 1185 810 ⁸⁰)
1208 725 1437 790 declinantur.
1999 743 2000 760 ¹

383 909 385 920 .
504 832 574 896 547.
600 813 788 915 Quaeritur
809 829 853 895 ab
876 849 918 896 eo
941 825 1037 916 quod
1058 828 1149 894 dixit
1170 827 1326 892 Lucilius
1346 821 1390 912 ⁸¹)
1418 863 1462 882 -
1491 839 1616 894 erant
1638 842 1680 894 et
1699 819 1740 914 ⁸¹)
1761 850 1888 914 equo·
1999 877 2000 890 .

315 932 505 994 velerum
537 931 736 998 inaurata
764 943 905 1020 tapeta
925 933 956 1015 ⁶)
980 967 1021 980 -
1050 950 1120 1016 qua
1149 930 1191 994 de
1222 949 1324 994 causa
1346 931 1427 996 hoc
1455 941 1648 1016 tapetum
1673 930 1783 996 iacere
1805 952 1889 1017 pro·

416 1033 611 1110 nuntietur;
647 1037 713 1100 lrac
741 1035 783 1100 de
816 1055 935 1112 causa,
969 1033 1137 1118 quoniam
1168 1051 1408 1118 quaecumque
1436 1031 1580 1096 nomina
1607 1034 1747 1116 generis
1774 1035 1888 1098 neutri

413 1156 434 1199 a
450 1128 493 1219 ’5)
514 1137 731 1200 nominativo
753 1157 835 1202 casu
857 1137 994 1200 numeri
1016 1135 1200 1219 singularis
1223 1135 1260 1198 iu
1275 1133 1471 1198 accusativo
1491 1154 1572 1198 casn
1587 1126 1632 1218 ’9)
1656 1137 1794 1200 numeri
1809 1137 1885 1222 plu-

414 1237 495 1300 ralis
516 1259 581 1323 per
602 1237 767 1318 syllabam
785 1233 829 1322 ’5)
850 1258 922 1302 non
945 1249 1122 1316 crescunt,
1152 1238 1238 1302 haec
1260 1235 1477 1300 nominativo
1501 1256 1585 1300 casu
1606 1239 1745 1302 numeri
1767 1238 1885 1325 singn-

413 1339 495 1402 laris
519 1339 613 1402 ·UM·
637 1340 761 1404 litteris
775 1331 818 1424 ’5)
842 1339 1062 1404 deliniuntur.

496 1445 569 1506 548.
594 1441 783 1527 Quaeritur
804 1441 848 1506 ab
871 1462 913 1507 eo
937 1441 1033 1528 quod
1063 1439 1154 1506 dixit
1176 1439 1353 1524 Vergilius
1381 1425 1428 1496 -'
1445 1439 1741 1527 pulchrosque
1763 1455 1882 1528 tape-

411 1542 523 1625 tasi)
544 1581 582 1596 -··
615 1567 685 1630 qua
714 1545 757 1610 de
788 1565 900 1609 carreax
919 1543 1136 1608 nominativo
1168 1563 1250 1608 casu
1272 1543 1408 1608 numeri
1431 1541 1618 1628 singularis
1647 1544 1716 1608 hio
1739 1557 1883 1630 tapeta

411 1645 522 1713 iacere
545 1647 805 1732 pronuntietnr;
835 1647 901 1710 hac
923 1645 966 1709 de
989 1665 1109 1722 cansa,
1141 1645 1308 1729 qnoniam
1337 1665 1578 1730 quaecumque
1601 1647 1744 1710 nomina
1758 1641 1799 1727 ¹¹7)
1823 1667 1883 1712 ac-

411 1749 564 1812 curarim
583 1743 626 1831 ⁸⁸)
650 1769 730 1813 casu
752 1749 888 1811 numeri
910 1747 1053 1833 pluralis
1078 1746 1154 1810 uis·
1178 1746 1302 1810 litteris
1319 1745 1541 1824 definiuntur,
1566 1748 1651 1812 haec
1665 1749 1882 1814 nominativo
1999 1775 2000 1778 ¹

410 1870 491 1913 casu
514 1852 652 1914 numeri
673 1850 857 1934 singularis
881 1850 931 1914 n·
962 1850 1076 1914 littera
1099 1849 1330 1915 terminantur
1359 1860 1393 1913 et
1422 1849 1467 1914 ad
1495 1849 1695 1938 exemplum
1727 1849 1883 1916 Catili-

409 1971 485 2016 nae
505 1947 547 2031 ’9)
571 1972 635 2038 per
657 1973 776 2018 omnes
798 1954 841 2035 ⁹)
865 1971 963 2016 casus
980 1955 1023 2035 9)
1045 1950 1263 2016 declinantur
1279 1954 1335 2032 ⁹²).

493 2056 566 2122 5⁴9.
597 2054 784 2138 Quaeritur
813 2073 884 2138 qua
914 2053 957 2118 de
987 2073 1090 2118 cansa
1119 2053 1187 2116 hic
1215 2051 1378 2137 figulus
1402 2065 1437 2116 et
1458 2071 1532 2118 non
1559 2053 1632 2121 hic
1656 2053 1762 2139 iigel
1785 2055 1882 2120 dica·-

407 2167 481 2232 tur;
504 2158 569 2221 hac
582 2150 626 2240 ⁹²)
647 2157 690 2220 de
713 2176 833 2230 causa,
858 2157 1024 2242 qnoniam
1048 2175 1287 2240 quaecumque
1303 2155 1447 2220 nomina
1464 2153 1616 2220 ablativo
1640 2177 1723 2222 casu
1744 2159 1883 2222 numeri

407 2257 591 2342 singularis
622 2257 680 2324 Ὀ·
710 2258 825 2322 littera
854 2247 1100 2334 terminantur,
1140 2258 1227 2322 haec
1258 2277 1448 2342 numquam
1484 2259 1701 2324 nominativo
1725 2252 1769 2344 95)
1799 2281 1883 2326 caan

407 2359 543 2423 numeri
565 2360 750 2445 singularis
774 2359 855 2422 ·EL·
869 2353 913 2442 95)
935 2358 1059 2423 litteris
1073 2349 1118 2443 9’)
1142 2359 1363 2423 definiuntur.
1386 2358 1489 2423 Nunc
1504 2379 1584 2423 cum
1605 2374 1639 2426 et
1662 2363 1730 2428 hoc
1750 2383 1882 2428 nomen

406 2459 455 2522 ab
479 2462 557 2524 hoc
580 2461 712 2546 figulo
737 2461 849 2525 iacere
873 2461 1083 2546 reperiatur,
1115 2461 1251 2526 et'ideo
1274 2461 1345 2524 hic
1371 2459 1550 2546 figulus,
1578 2483 1652 2530 non
1674 2466 1745 2530 hic
1768 2465 1878 2552 iigel

407 2558 518 2624 iacere
540 2563 787 2647 pronuntiatur
803 2563 858 2645 ⁹⁷).
1602 2593 1605 2598 ’

491 2669 563 2748 559.
587 2664 838 2728 Declinatio
862 2663 1034 2730 lerninis
1050 2659 1111 2749 9’),
1134 2666 1305 2750 generis
1327 2665 1483 2730 neutri.
1506 2665 1653 2732 Numeri
1669 2668 1874 2753 singularis:

365 2827 367 2834 ,
406 2764 484 2829 lroc
514 2764 816 2842 iemns‚'huius
846 2765 1037 2844 leminis,
1066 2767 1165 2830 huic
1193 2767 1356 2844 femini,
1384 2769 1463 2832 hoc
1495 2769 1646 2846 femus,
1677 2771 1878 2849 olemus,

404 2864 454 2930 ab
478 2868 556 2931 hoc
579 2866 756 2946 lemine3
780 2881 815 2934 et
836 2867 1031 2953 pluraliter:
1055 2869 1159 2933 haec
1183 2869 1354 2948 lemine,
1386 2872 1533 2936 horum
1557 2871 1783 2954 feminum,
1812 2875 1879 2939 iris

404 2965 659 3044 feminibus,
683 2971 787 3035 haee
810 2969 985 3047 lemine,
1009 2989 1030 3034 o
1054 2969 1230 3048 femina,
1253 2970 1301 3036 ab
1325 2971 1392 3036 hir
1414 2972 1658 3042 femiuibus.

488 3069 743 3136 Declinatio
775 3071 969 3150 femoris,
997 3073 1170 3156 generis
1202 3075 1355 3138 neutri.
1386 3075 1532 3140 Numeri
1563 3077 1764 3166 singularis:
1795 3081 1876 3146 hon

403 3169 616 3255 rameru),
640 3173 762 3238 liuius
786 3173 979 3252 femoris,
1002 3175 1105 3240 huic
1128 3175 1299 3253 femori,
1323 3177 1403 3241 hoc
1426 3177 1577 3256 femur,
1602 3199 1622 3244 o
1646 3179 1803 3258 lemur,
1826 3179 1875 3246 ab

402 3274 483 3338 hoc
510 3273 686 3352 lemore3
717 3287 751 3342 et
781 3274 978 3361 pluraliter:
1008 3278 1114 3340 haec
1145 3277 1321 3354 femora,
1361 3280 1517 3342 horum
1548 3281 1776 3362 femorum,
1807 3283 1875 3348 his

404 3373 658 3454 femoribus,
682 3379 789 3442 haec
812 3377 988 3454 femora,
1012 3399 1033 3442 o
1058 3379 1232 3458 femora,
1256 3379 1305 3444 ab
1324 3383 1377 3464 ¹⁰⁰)
1400 3381 1467 3446 his
1489 3381 1743 3450 femoribus.
1958 3457 1961 3464 ,

487 3481 560 3546 551.
592 3477 782 3561 Quaeritur
810 3501 917 3566 quare
947 3482 1018 3544 hic
1048 3483 1249 3567 scorpius
1279 3496 1314 3547 et
1335 3502 1407 3546 non
1430 3485 1499 3548 hic
1526 3487 1699 3573 scorpio
1723 3486 1874 3566 dicatum

402 3577 463 3644 ted
485 3599 565 3642 curn
588 3579 696 3646 dicat:
720 3602 928 3646 venenum
952 3583 1118 3669 scorpii
1141 3583 1349 3669 frigidum
1372 3587 1582 3671 attigerat
1599 3587 1643 3670 9),
1667 3587 1788 3672 utique
1805 3589 1875 3654 iarn

402 3681 474 3745 hic
502 3683 718 3768 scorpius,
749 3703 821 3748 non
852 3685 923 3750 hic
952 3686 1130 3772 scorpio
1167 3685 1279 3751 iacere
1312 3688 1581 3766 demonstravit;
1622 3689 1757 3756 scilicet
1786 3711 1876 3776 quo-

391 3782 495 3846 'niam
512 3786 539 3867 ¹)
563 3805 805 3872 quaecumque
827 3787 970 3851 uomina
992 3788 1130 3872 generis
1154 3788 1338 3853 masculini
1359 3791 1521 3874 genetivo
1545 3809 1628 3855 casu
1649 3793 1788 3857 numeri
1801 3793 1875 3858 sin-

409 4053 412 4059 *
443 4039 483 4111 99)
509 4037 550 4092 ·Ε·
569 4041 601 4092 Β.
622 4041 658 4095 V.
676 4041 707 4092 Ρ.
726 4073 762 4084 -
781 4043 820 4095 ·Α·
839 4043 875 4098 A.
896 4023 1132 4116 ⁷⁸)'terrninantur
1152 4045 1187 4100 V.
1207 4044 1242 4100 A.
1262 4076 1298 4089 -
1317 4044 1476 4098 terminatur
1494 4046 1526 4100 B.
1552 4049 1589 4118 99)
1608 4064 1704 4102 omncs
1724 4049 1761 4104 V.
1779 4050 1817 4103 A.
1837 4080 1876 4094 -

506 4126 595 4179 omnis
614 4129 645 4180 B.
666 4129 700 4196 99)
721 4145 800 4181 casus
818 4131 1045 4185 B.A.-casnnr
1066 4131 1102 4186 V.
1128 4134 1166 4206 ⁸¹)
1185 4131 1309 4186 Lucilius
1330 4134 1361 4188 V
1376 4167 1409 4174 -
1428 4132 1562 4188 Lucillius
1581 4136 1617 4190 A.
1635 4167 1673 4177 -
1689 4135 1830 4208 vergilius
1839 4141 1876 4196 B.

505 4215 544 4287 ¹²)
563 4222 591 4266 ct
609 4216 645 4269 V.
665 4215 700 4268 A.
719 4239 757 4264 τ.-
773 4216 805 4270 Β.
834 4219 872 4290 ⁸³)
893 4238 909 4271 a
928 4221 963 4276 V.
983 4221 1015 4274 Ρ.
1033 4243 1070 4270 =
1088 4221 1119 4274 B.
1138 4221 1176 4276 A.
1196 4223 1233 4294 ¹⁴)
1252 4219 1398 4291 singrdaris
1412 4259 1419 4274 .
1435 4261 1441 4274 .
1457 4260 1464 4275 .
1482 4261 1488 4276 .
1511 4241 1576 4276 caru
1594 4223 1619 4277 Ιι.
1640 4245 1683 4279 rev.
1702 4229 1731 4278 iu
1748 4227 1781 4278 Ρ.
1800 4229 1877 4281 naula

505 4315 674 4374 repetuntur.
702 4305 737 4374 ¹⁵)
756 4322 807 4375 per
824 4303 956 4376 syllabam
976 4308 1012 4362 V.
1029 4310 1064 4363 A.
1084 4340 1120 4350 -
1137 4326 1189 4381 per
1205 4305 1310 4380 syllaba
1328 4311 1362 4364 B.
1391 4311 1426 4380 ⁸⁶)
1445 4309 1547 4366 litteris
1567 4313 1604 4366 V.
1623 4311 1660 4368 A.
1680 4341 1716 4356 ·-
1734 4312 1823 4368 litteri
1840 4316 1874 4370 Β.

505 4391 723 4462 ⁸⁷)non1inaB.
743 4393 779 4447 V.
800 4394 830 4464 Ρ.
851 4423 885 4454 η-
903 4396 1013 4448 nomina
1032 4396 1140 4467 generis
1164 4397 1256 4450 nentri
1275 4399 1310 4452 A.
1338 4399 1376 4470 99)
1395 4399 1550 4453 accuratim
1568 4402 1600 4455 Β.
1621 4401 1657 4456 V.
1678 4403 1708 4456 Ρ.
1728 4433 1764 4444 -
1781 4401 1876 4456 noni-

503 4477 595 4530 nativo
615 4477 650 4532 A.
672 4481 706 4551 ⁸⁹)
726 4479 861 4534 Catilinae
881 4484 916 4536 V.
936 4483 973 4536 A.
993 4513 1029 4528 -
1047 4481 1192 4536 Catillinae
1211 4485 1243 4538 B.
1263 4491 1299 4556 99)
1319 4503 1413 4538 ornnes
1433 4488 1468 4541 V.
1488 4489 1525 4540 A.
1545 4519 1580 4531 -
1598 4490 1687 4542 omnis
1706 4490 1739 4543 B.
1768 4493 1806 4560 ⁹¹)
1827 4509 1875 4543 ca-

504 4583 551 4618 sus
571 4566 602 4620 B.
623 4566 659 4620 A.
678 4599 714 4609 -
732 4587 830 4623 casuue
850 4569 887 4625 V.
906 4572 943 4640 ⁹¹)
963 4581 991 4626 ct
1009 4569 1045 4623 ad
1063 4569 1286 4644 exemplum...
1299 4571 1473 4628 declinantur
1490 4577 1523 4628 Β.
1544 4576 1580 4630 V.
1602 4575 1636 4629 A.
1656 4600 1693 4626 =
1712 4578 1742 4630 P.
1763 4582 1802 4650 99)
1822 4575 1878 4631 hac

506 4654 541 4708 V.
561 4655 596 4707 A.
615 4685 651 4696 -
669 4674 701 4707 ac
719 4657 752 4710 B.
771 4657 808 4725 ⁹⁴)
828 4659 995 4712 nominativo
1014 4660 1046 4712 Β.
1067 4661 1149 4714 V.-
1166 4659 1195 4712 iu
1214 4661 1381 4716 nominativo
1401 4664 1437 4717 A.
1465 4665 1503 4734 95)
1523 4663 1588 4718 ·EL·
1609 4665 1645 4720 V.
1665 4667 1697 4720 P.
1716 4696 1753 4707 -
1773 4665 1815 4717 ὧ·
1835 4670 1874 4722 Α.

504 4771 539 4788 -
559 4743 599 4796 ·E·
619 4745 650 4798 B.
676 4745 713 4815 99)
731 4741 831 4797 litteris
851 4746 883 4799 B.
902 4746 938 4800 A.
959 4747 989 4800 Ρ.
1009 4779 1043 4789 -
1061 4745 1153 4800 littera
1173 4750 1208 4805 V.
1236 4750 1273 4822 99)
1293 4747 1487 4820 pronunliatnr
1512 4753 1547 4807 V.
1568 4753 1603 4808 A.
1622 4783 1659 4796 -
1676 4755 1878 4824 pronuntietur

503 4831 534 4882 B.
555 4833 594 4903 ⁹⁸)
614 4831 724 4884 laminir
744 4833 776 4887 V
774 4873 780 4884 .
799 4832 835 4887 A.
846 4835 878 4886 Β.
897 4855 931 4888 ex
949 4855 999 4888 ena.
1018 4855 1060 4907 pr.
1080 4855 1114 4888 m.
1135 4866 1169 4878 -
1186 4836 1312 4890 feminini
1332 4839 1362 4892 B.
1383 4860 1400 4891 a
1418 4859 1461 4909 pr.
1479 4857 1513 4892 m.
1533 4841 1569 4908 99)
1580 4841 1667 4894 lemur
1686 4841 1719 4894 Β.
1731 4842 1768 4896 V.
1785 4857 1878 4898 comt.
1999 4839 2000 4848 ¹

503 4947 537 4957 -
556 4917 643 4971 scmus
663 4921 697 4972 A.
713 4935 798 4975 const.
821 4927 871 4994 Ι99)
888 4919 922 4975 ab
942 4925 974 4978 Β.
993 4923 1031 4977 A.
1050 4948 1086 4975 =
1105 4925 1141 4980 V.
1163 4925 1187 4997 ¹)
1206 4926 1335 4998 quoniam
1354 4927 1385 4980 Β.
1408 4927 1442 4980 V.
1462 4949 1498 4978 =
1516 4927 1551 4981 A.

448 5039 481 5108 a)
501 5035 596 5092 Notus
613 5037 691 5094 iocus
711 5041 812 5096 Lucilii
840 5043 1181 5119 reliquiiradiungandna.
1202 5049 1561 5120 t)·vi=·3.nen.1x.35tt.
1590 5052 1616 5124 a)
1635 5051 1817 5108 teneriori
1834 5053 1876 5107 ab

503 5121 601 5177 illustr.
622 5127 694 5182 Maio
711 5128 848 5203 nobisque
866 5134 966 5188 frustra
985 5133 1137 5208 indagatus.
