4036 6068
595 412 1150 510 oscelsesstttton.
1542 453 1612 526 ωε

138 615 221 660 cum
244 595 300 662 vel
322 597 352 662 si
373 595 642 678 scriberetis,
667 615 746 664 com
764 599 819 666 vel
834 601 864 670 si
886 599 1177 676 scribentum
1198 599 1335 672 numeri
1347 597 1506 685 pluraliet
1530 617 1610 662 cum

137 697 198 762 vel
227 699 258 762 si
278 697 594 779 scriberentur,
616 723 696 766 cum
719 702 776 768 vel
797 703 827 767 ei
862 703 1181 780 scriberemioi,
1203 722 1283 767 cum
1304 701 1362 765 vel
1391 702 1420 766 si
1449 698 1612 764 seribe-

140 812 307 868 rentur

228 903 365 970 Eodem
388 903 512 980 modo,
535 903 659 970 eodem
682 919 857 991 tempore,
880 908 997 992 specie
1016 907 1169 992 perlecto
1185 905 1257 972 sive
1277 904 1445 970 absoluta.
1467 875 1615 965 Numeri

141 1003 344 1088 singularis:
373 1025 451 1069 cum
483 1007 540 1071 vel
569 1008 598 1070 si
627 1009 820 1092 scriptus
850 1009 945 1084 sim,
977 1030 1056 1074 oum
1081 1009 1135 1073 vel
1159 1009 1187 1073 si
1210 1009 1403 1092 scriptus
1426 1006 1503 1080 sis,
1535 1021 1614 1066 cum

140 1105 201 1170 vel
222 1108 254 1170 si
275 1109 464 1192 scriptus
486 1110 562 1184 sit;
586 1111 722 1176 numeri
744 1111 907 1196 pluralis:
939 1131 1017 1176 cum
1042 1111 1097 1175 vel
1119 1111 1149 1176 si
1171 1109 1328 1196 scripti
1356 1108 1504 1181 sinsus,
1536 1123 1615 1167 cum

142 1206 202 1271 vel
224 1209 255 1270 si
276 1210 431 1294 scripti
453 1211 568 1284 sitis,
593 1231 672 1277 cum
695 1213 751 1276 vel
774 1215 803 1280 si
826 1214 986 1299 scri'pti
1008 1215 1105 1280 sint.
1201 1293 1204 1301 .

230 1309 279 1374 Et
301 1310 466 1376 ulteriore
488 1312 642 1397 perlecta
664 1315 736 1378 eive
761 1315 919 1378 absolute
938 1315 1004 1397 ¹⁰⁰).
1027 1314 1173 1386 Numeri
1196 1312 1381 1398 singularis
1400 1311 1443 1393 ¹):
1468 1327 1547 1372 cum
1563 1303 1618 1368 vel

144 1411 175 1474 si
204 1413 400 1498 scriptus
429 1413 609 1490 luerim,
637 1435 717 1480 eum
750 1416 806 1480 vel
828 1417 857 1481 si
886 1418 1076 1503 scriptus
1098 1417 1252 1491 lucris,
1275 1407 1364 1480 ‘cum
1387 1410 1442 1474 vel
1465 1411 1494 1476 si
1517 1409 1620 1473 scri-

143 1525 243 1599 ptus
267 1513 413 1590 luerim
435 1516 574 1580 numeri
596 1516 759 1604 pluralis:
793 1539 871 1582 cum
895 1519 950 1582 vel
973 1519 1003 1582 si
1025 1521 1181 1604 scripti
1205 1517 1431 1590 fuerimus,
1462 1533 1542 1578 cum
1565 1509 1620 1574 vel

146 1615 177 1678 ei
196 1616 359 1700 scripti
383 1615 571 1694 fueritis,
596 1639 675 1682 cum
697 1619 753 1682 vel
776 1621 808 1684 ei
829 1621 986 1706 scripti
1009 1620 1180 1686 luerint.

232 1715 369 1780 Eodem
393 1718 515 1796 modo,
540 1719 662 1784 eodem
686 1733 862 1807 tempore,
894 1723 1009 1808 specie
1037 1720 1379 1808 plusquamperfecto
1408 1717 1481 1782 sive
1504 1733 1622 1778 recor-

146 1815 265 1916 dative
294 1819 350 1882 vel
378 1833 510 1886 exacte.
542 1821 689 1886 Numeri
722 1824 907 1906 singularis
929 1829 973 1906 ²):
1007 1845 1085 1888 cum
1109 1825 1164 1888 vel
1191 1826 1220 1887 si
1243 1824 1437 1906 scriptus
1467 1837 1622 1890 essem,

148 1939 230 1982 cum
252 1919 310 1983 vel
333 1921 361 1984 si
384 1921 573 2006 scriptus
597 1944 728 2000 esses,
751 1945 830 1988 oum
853 1925 910 1990 vel
931 1927 960 1990 si
983 1928 1169 2011 scriptus
1193 1939 1323 2000 esset3
1346 1921 1483 1992 numeri
1505 1919 1661 2004 plura-v.
1678 1927 1730 1974 302.

146 2020 208 2122 lis:
239 2041 320 2088 cum
350 2022 406 2087 vel
437 2023 466 2086 si
496 2025 652 2110 scripti
682 2045 890 2104 essemus,
923 2047 1003 2094 oum
1031 2027 1087 2092 vel
1109 2029 1139 2094 si
1161 2027 1317 2112 scripti
1346 2022 1517 2097 essetis,
1542 2037 1622 2082 cum

149 2123 207 2186 vel
229 2123 260 2188 si
284 2123 437 2208 scripti
460 2139 609 2192 essent.

233 2224 281 2289 Et
311 2225 475 2292 ulteriore
507 2228 849 2315 plusquamperfecto
876 2231 950 2294 sive
981 2227 1199 2300 recordativa
1228 2228 1285 2295 vel
1313 2239 1445 2295 exacte.
1479 2223 1627 2290 Nmneri

150 2326 338 2410 singularis
356 2321 399 2410 ³):
426 2330 575 2394 cumvol
594 2332 623 2397 si
647 2332 840 2416 scriptus
864 2330 1066 2407 fuissem,
1084 2351 1165 2396 oum
1187 2331 1243 2396 vel
1267 2331 1295 2396 ei
1318 2330 1505 2413 scriptus
1529 2325 1628 2388 iuis-

150 2449 240 2506 ses,
271 2449 351 2492 cum
380 2429 436 2498 vel
465 2432 494 2494 si
520 2433 714 2518 scriptus
751 2433 918 2509 luisset;
949 2433 1086 2500 numeri
1109 2431 1268 2518 pluralis:
1294 2453 1372 2500 oum
1395 2428 1451 2494 vel
1474 2428 1506 2490 si'
1526 2425 1629 2493 scri-

150 2531 215 2616 pti
247 2530 497 2610 fuissemus,
528 2553 608 2597 cum
638 2533 694 2598 vel
723 2535 753 2598 si
782 2535 937 2621 scripti
968 2534 1187 2612 fuissetis,
1219 2555 1299 2598 oum
1328 2533 1385 2598 vel
1415 2529 1445 2594 si
1469 2527 1629 2612 scripti

154 2631 359 2698 luissent.

235 2735 372 2803 Eodem
395 2734 519 2813 modo,
543 2748 702 2824 tempore
728 2737 853 2805 tuturo.
877 2737 1024 2805 Numeri
1047 2736 1251 2820 singulesis:
1284 2756 1362 2802 cnm
1391 2733 1448 2798 vel
1470 2733 1501 2796 ei
1523 2730 1629 2794 scri-

151 2851 251 2922 ptus
274 2856 363 2912 ero,
387 2856 466 2900 cum
488 2837 545 2901 vel
568 2839 597 2903 si
620 2841 809 2926 scriptus
833 2839 934 2914 eris,
965 2859 1044 2902 cum
1067 2839 1123 2903 vel
1146 2841 1176 2902 si
1204 2839 1398 2924 scriptus
1429 2834 1533 2908 erit3
1558 2849 1628 2894 mu-

152 2937 242 3004 neri
263 2937 424 3024 pluralis:
449 2959 528 3008 eum
551 2941 607 3004 vel
630 2942 659 3005 si
682 2943 839 3029 scripti
862 2941 1039 3017 erimus,
1067 2960 1150 3006 cum
1171 2939 1228 3004 vel
1250 2939 1280 3004 si
1303 2936 1462 3022 scripti
1485 2933 1637 3006 eritis,

155 3059 235 3102 cum
258 3039 314 3103 vel
337 3040 365 3103 si
388 3041 546 3126 scripti
569 3033 736 3125 erintl).
1635 3117 1637 3126 Ι

238 3141 285 3206 Et
306 3141 471 3208 ulteriore
494 3142 610 3206 futuro
632 3139 660 3226 ⁵)
683 3145 756 3210 sive
776 3141 997 3216 recordativa
1019 3141 1076 3204 vel
1100 3153 1222 3206 exacte
1243 3132 1283 3220 6).
1306 3138 1452 3204 Numeri
1475 3135 1628 3220 singula-

155 3243 263 3325 ris⁷):
288 3263 367 3306 cum
389 3242 445 3306 vel
468 3244 498 3306 ei
520 3245 710 3330 scriptos
734 3245 874 3318 luero,
906 3263 986 3309 oum
1010 3241 1065 3306 vel
1088 3244 1117 3306 si
1140 3242 1325 3327 scriptus
1355 3239 1514 3316 fueris,
1543 3256 1626 3306 oum

153 3343 211 3407 vel
229 3345 258 3408 si
282 3345 473 3428 scriptus
498 3343 646 3422 luerit3
668 3346 805 3408 numeri
828 3345 990 3431 pluralis:
1017 3365 1095 3407 cum
1111 3344 1165 3408 vel
1177 3344 1206 3406 si
1228 3342 1385 3426 scripti
1408 3340 1627 3415 fuerimus,

156 3465 236 3510 com
260 3445 317 3508 vel
340 3445 370 3508 si
391 3445 546 3530 scripti
570 3447 761 3524 fueritis,
782 3467 866 3511 eom
889 3445 944 3510 vel
967 3445 996 3508 si
1018 3445 1176 3529 scripti
1196 3443 1377 3508 inerint.
1604 3515 1610 3524 ,

242 3551 316 3613 too.
341 3545 431 3610 Sene
455 3549 736 3624 memoremus,
758 3547 855 3632 quod
872 3547 1009 3630 generis
1027 3547 1167 3632 passivi,
1191 3546 1264 3610 sive
1282 3543 1488 3630 deponentis
1508 3533 1550 3620 ⁸),
1572 3538 1629 3604 vel
1671 3609 1673 3614 ,
1778 3555 1783 3562 ·

156 3649 354 3712 communis
376 3649 482 3714 verba
496 3650 637 3713 modum
655 3647 935 3735 impersonalem,
957 3647 1013 3711 vel
1029 3647 1178 3732 gerundi
1196 3649 1237 3728 ⁹),
1259 3647 1333 3710 sive
1353 3664 1484 3712 nomen
1504 3642 1556 3724 ⁸⁰),
1573 3640 1629 3707 vel

154 3749 426 3840 appellationem
450 3751 493 3816 sd
513 3751 663 3815 formem
686 3750 823 3836 generis
846 3749 961 3824 activi,
985 3749 1057 3812 sive
1071 3747 1248 3825 neutralis,
1271 3747 1326 3812 vel
1341 3744 1541 3822 inchoatio,
1564 3761 1646 3806 nec

154 3869 231 3914 non
250 3852 290 3930 Ι“)
314 3863 348 3914 et
370 3851 615 3936 frequentativi
638 3854 859 3938 reperiuntur
880 3849 1048 3914 declinari
1065 3853 1117 3932 ¹²).

243 3955 316 4018 781.
341 3953 515 4040 Tempora
538 3955 804 4039 participiorum
828 3955 1011 4016 trahuntur
1032 3951 1075 4018 ab
1097 3953 1166 4016 hoc
1188 3948 1297 4014 serbo
1320 3948 1458 4035 pessivo
1480 3941 1521 4032 ¹³)
1539 3946 1630 4010 duo:

156 4055 403 4140 praeteritum,
427 4055 620 4139 scriptus
640 4050 696 4137 ¹³);
721 4053 890 4128 futurum,
915 4050 1173 4118 scribendus
1194 4045 1246 4134 ¹⁵).

246 4159 328 4222 282.
343 4156 446 4221 Nunc
469 4157 572 4224 etiam
592 4149 632 4236 16)
656 4157 723 4220 hoo
747 4175 951 4230 monemus,
975 4153 1071 4238 qood
1094 4139 1138 4219 ex
1161 4152 1261 4216 tertie
1285 4150 1532 4243 coniugatione
1556 4167 1633 4212 cor-

156 4269 260 4344 repte
282 4277 324 4324 eo
345 4259 386 4340 17)
408 4257 551 4342 plurimi
573 4258 651 4321 soni
674 4259 742 4321 hoc
764 4269 816 4321 est
837 4275 879 4320 eo
902 4256 1055 4342 plurime
1073 4254 1182 4318 -verlse
1200 4247 1240 4334 ¹³)
1263 4253 1400 4338 possint
1422 4249 1592 4316 exhiberi.

197 4502 246 4572 Μ)
266 4501 388 4573 perfecte
408 4501 465 4554 sire
483 4497 608 4554 sbsolute
629 4501 665 4555 V.
685 4499 722 4554 A.
740 4521 776 4548 =
793 4501 825 4558 B.
854 4502 876 4572 ¹)
894 4500 1001 4553 numeri
1019 4497 1165 4568 singularis
1186 4497 1222 4552 V.
1240 4519 1277 4548 =
1293 4496 1328 4550 B.
1346 4498 1384 4550 A.
1412 4497 1436 4567 ⁸)
1456 4493 1560 4547 numeri
1578 4493 1636 4545 sin-

269 4587 370 4658 gularis
391 4588 576 4642 V.=B1A.
597 4589 622 4659 ι)
641 4585 909 4658 plusqoemperfeets
929 4625 936 4638 .
956 4623 963 4638 .
983 4622 990 4639 .
1010 4623 1018 4640 .
1036 4585 1143 4638 numeri
1161 4581 1310 4652 singularis
1331 4583 1367 4637 V.
1386 4582 1423 4635 A.
1434 4581 1509 4632 ΞΒ.
1530 4580 1637 4645 ‘lerini

265 4680 307 4729 sic
324 4677 356 4728 B.
384 4676 421 4730 V.
439 4676 477 4728 A.
505 4677 527 4744 Ι)
553 4675 644 4727 future
675 4675 711 4728 V.
729 4676 761 4727 P.
780 4695 816 4724 =
834 4675 866 4728 B.
881 4674 920 4728 A.
949 4675 973 4743 ο)
992 4673 1050 4726 sivo
1068 4669 1240 4724 recordativa
1259 4666 1303 4722 vel
1321 4677 1417 4722 exacto
1437 4666 1474 4720 V.
1492 4667 1528 4718 A.
1547 4685 1584 4714 =
1601 4665 1634 4717 B.

268 4765 293 4833 ⁷)
312 4762 419 4816 numeri
436 4760 583 4832 singularis
604 4763 639 4816 V.
658 4781 695 4812 =
711 4761 743 4813 B.
763 4760 799 4813 A.
820 4763 842 4832 Ι)
862 4758 1030 4831 deponentis
1050 4759 1084 4814 V.
1095 4758 1131 4811 A.
1151 4788 1186 4798 -
1205 4753 1356 4826 deponenti
1373 4755 1406 4807 Β.
1426 4755 1449 4820 ⁹)
1469 4747 1585 4821 gerundi
1601 4751 1634 4802 B.

271 4848 308 4905 V.
327 4851 355 4902 Ρ
378 4879 414 4890 -—
432 4847 558 4918 gerondii
576 4848 612 4902 A.
634 4852 670 4921 ¹⁰)
689 4863 789 4900 nornen
809 4848 845 4903 V.
863 4848 900 4900 A.
919 4875 955 4888 -
970 4861 1073 4897 <numen
1091 4846 1123 4914 B.
1152 4845 1186 4912 ¹')
1211 4859 1261 4894 nec
1279 4856 1336 4893 non
1353 4841 1387 4892 B.
1408 4840 1445 4895 V.
1464 4867 1499 4880 --
1517 4835 1560 4892 vel
1578 4852 1636 4890 non

266 4935 303 4990 A.
332 4939 368 5008 Ι’)
387 4931 521 4988 declinari
548 4937 579 4988 B.
599 4965 635 4978 ·-
660 4933 799 4988 declinare
820 4936 855 4990 V.
874 4935 911 4988 A.
939 4936 972 5004 ⁹³)
992 4931 1103 5003 pes-ivo
1124 4931 1159 4986 V.
1179 4932 1217 4984 A.
1236 4959 1271 4972 -
1289 4927 1378 4981 sclito
1397 4926 1429 4981 B.
1459 4927 1495 4998 ¹⁴)
1514 4924 1635 4996 scriptos

269 5025 300 5076 B.
321 5023 357 5076 V.
378 5024 408 5078 P.
427 5055 462 5070 -
479 5031 512 5075 ot
528 5022 650 5094 scriptos
668 5022 704 5076 A.
729 5024 762 5091 ¹⁵)
782 5018 947 5075 scribendos
972 5021 1006 5075 B.
1027 5021 1064 5075 V.
1085 5021 1115 5074 P.
1135 5049 1174 5072 -.
1196 5026 1227 5070 et
1250 5011 1414 5068 scribendos
1433 5012 1470 5069 A.
1500 5015 1534 5084 Ν)
1554 5011 1635 5066 etism

267 5110 348 5188 V.A.
367 5131 403 5160 =
421 5110 453 5163 B.
475 5111 511 5182 17)
531 5129 562 5163 oo
582 5110 617 5164 A.
638 5133 672 5160 =
690 5110 721 5163 B.
744 5109 780 5162 V.
803 5113 837 5181 ¹⁸)
857 5107 910 5162 hoc
929 5115 972 5162 esl
993 5147 999 5162 .
1020 5146 1026 5161 .
1049 5147 1054 5158 .
1077 5147 1082 5160 .
1102 5103 1184 5161 rerba
1207 5105 1241 5160 V.
1263 5103 1298 5158 A.
1319 5125 1354 5153 =
1373 5102 1405 5157 B.
