4042 6070
474 537 628 593 suenum
655 539 800 594 rlll'l‘lUlil
826 540 1019 594 Gnlnnlt'.
1049 541 1320 596 ruaumssutun.
1566 540 1625 608 101

157 697 274 750 torto
297 685 488 750 volitans
505 684 581 749 sub
605 685 789 749 verbere
813 687 940 752 turbo
960 689 1000 768 ¹⁷)
1020 689 1049 768 ⁶)
1067 689 1358 772 -singularitert
1387 723 1423 736 -
1452 688 1626 749 viscera

159 786 326 870 (Ovidius
350 786 635 870 singulariter-
658 789 827 852 viscere
853 789 1015 870 diviso)
1034 789 1067 870 ⁶)
1084 827 1125 840 -
1155 791 1264 854 vada
1281 792 1331 873 (et
1359 789 1510 852 vadum
1527 788 1628 850 dixe-

159 892 255 973 runt)
276 925 317 940 -
339 888 617 962 vulcanalia.

244 988 344 1074 Quae
359 1011 497 1076 semper
512 989 659 1075 pluralia
670 1005 759 1066 sunt,
778 994 805 1056 si
822 993 899 1077 plus
913 1013 1015 1077 quam
1025 992 1295 1076 nnasignilicare
1316 992 1476 1056 velimus:
1496 1011 1631 1060 ntascn-

160 1093 238 1156 linis
262 1090 365 1156 binos
385 1105 572 1176 ternosque
593 1093 705 1170 locos,
736 1092 910 1158 femininis
932 1093 1031 1158 binas
1048 1107 1233 1180 ternasque
1251 1093 1374 1169 scalas,
1399 1094 1528 1157 neutris
1549 1091 1631 1156 hina

162 1206 329 1278 ternaque
349 1194 545 1279 spectacula
561 1197 603 1276 ⁶).
1614 1201 1624 1210 “

246 1298 319 1360 144.
343 1295 525 1360 Elementa
548 1315 685 1382 semper
706 1298 895 1382 singularia
914 1312 1009 1375 suut,
1033 1302 1193 1375 aether,
1226 1297 1405 1373 caelum,
1430 1317 1519 1370 aer,
1542 1299 1686 1370 ver,Ch.
1704 1317 1740 1349 ιι.

162 1398 244 1472 sol,
269 1396 400 1461 iubar
417 1389 467 1478 ¹⁸),
491 1410 730 1474 autumnus,
755 1413 883 1476 terra,
907 1419 1033 1475 mare,
1063 1400 1221 1485 quamvis
1244 1398 1376 1461 maria
1405 1399 1543 1472 dicitur,
1567 1417 1633 1460 nec
1742 1475 1745 1480 ἱ

164 1499 363 1574 marium,
392 1517 459 1564 nec
495 1499 696 1577 maribus,
725 1514 759 1565 et
788 1515 926 1565 terras
949 1523 1013 1586 pro
1037 1515 1178 1565 terrae
1208 1499 1408 1584 regionibus
1432 1501 1633 1585 accipimus.

247 1603 320 1666 its.
353 1601 439 1664 ltem
469 1601 643 1666 metallica
666 1623 803 1688 semper
832 1603 1019 1686 singularia
1049 1616 1149 1679 sunt,
1186 1613 1352 1678 a‘urum,
1395 1611 1744 1686 argentum,ctr.2r.

164 1701 340 1778 ferrum,
364 1724 450 1777 aes,
473 1703 707 1789 plumbum,
731 1706 998 1781 cassiterum,
1023 1706 1301 1780 orichalcum,
1326 1703 1633 1776 aurichalcum,

164 1814 194 1865 et
209 1804 371 1888 quamvis
390 1826 487 1868 aera
510 1805 669 1880 dicimus,
694 1803 810 1868 tamen'
825 1809 948 1871 ceteris
965 1808 1100 1872 casibus
1115 1828 1185 1870 non
1202 1811 1333 1871 utimur
1348 1809 1399 1890 ¹⁹).

246 1906 319 1994 146.
345 1905 431 1969 Item
454 1927 542 1992 quae
556 1927 720 1970 mensura
738 1921 914 1984 constant,
940 1910 1035 1974 arida
1056 1910 1245 1985 dumtaxat,
1269 1929 1357 1994 quae
1376 1909 1552 1972 numerari
1564 1927 1634 1969 non
1646 1911 1690 1958 0¹¹·
1708 1927 1743 1958 2¹·

165 2020 322 2090 possunt,
340 2029 478 2092 semper
500 2008 688 2094 singularia
705 2023 795 2086 sunt,
819 2024 857 2074 ut
881 2012 1090 2087 triticum,
1117 2011 1397 2088 frumentum,
1421 2009 1580 2095 quamvis
1602 2019 1637 2069 et

165 2107 382 2173 lrnmenta
417 2111 581 2174 dicimust
612 2112 677 2175 far
709 2114 783 2188 eia,
816 2113 920 2178 ador
954 2119 1039 2190 erin,
1067 2105 1297 2188 hordeum,
1334 2113 1455 2196 (serit
1477 2109 1637 2174 bordes
1734 2181 1740 2196 1

165 2209 357 2294 Vergilius)
371 2209 416 2295 l),
440 2212 538 2276 isba
555 2215 608 2296 ¹⁰),
633 2214 845 2278 lenticula
863 2216 916 2297 ”),
940 2217 1043 2292 lens,
1068 2217 1201 2291 cicer,
1227 2215 1392 2277 milium
1407 2215 1549 2298 ss'yppor,
1566 2231 1636 2298 pa·

163 2311 335 2376 niseum
350 2315 437 2397 ²²)‘)
457 2324 609 2394 petisses
630 2314 817 2401 us'yyptnff)
841 2310 1030 2400 oryza'³).

249 2415 323 2478 147.
348 2413 435 2479 Item
449 2417 583 2502 liquida
598 2439 737 2504 semper
750 2419 949 2503 singularia,
969 2420 1050 2483 mel
1074 2422 1124 2503 (et
1147 2419 1273 2482 mella
1287 2419 1461 2502 legimns)
1486 2417 1636 2490 oleum,
1648 2425 1693 2476 ch.
1710 2443 1745 2476 n.

166 2513 304 2578 vinnm
322 2518 373 2598 (et
393 2519 492 2582 vina
513 2520 698 2604 legimus),
730 2522 914 2586 mulsum
937 2523 1091 2603 οἰνόμελι,
1118 2521 1336 2584 defrutum
1357 2518 1456 2600 ἕψημα
1478 2510 1520 2599 ¹⁴)
1545 2535 1637 2580 ace·

168 2624 270 2692 tum,
292 2616 378 2696 lac,
403 2621 534 2684 muria
561 2630 672 2706 γάρον,
697 2623 927 2708 liquam-en,
952 2637 985 2689 et
1014 2626 1042 2688 si
1063 2625 1147 2710 qnid
1174 2625 1298 2687 horum
1325 2621 1540 2686 nominativo
1557 2619 1637 2705 plu-

168 2716 231 2780 rsli
245 2718 420 2798 eliersitnr,
445 2726 568 2788 ceteris
586 2725 720 2789 casibus
736 2727 927 2790 cessabunt.

252 2823 434 2888 multem
456 2827 599 2890 uomina
620 2829 808 2904 montium,
831 2828 1031 2905 fluminum,
1063 2829 1252 2892 civitatium
1282 2847 1419 2912 semper
1451 2823 1747 2919 singulariactms.

165 2934 253 2999 snut,
277 2924 348 2988 nisi
362 2946 450 3010 quae
468 2941 590 2992 natura
605 2929 786 3016 pluraliter
799 2930 1032 3007 enuntiantur,
1054 2943 1093 2993 ut
1115 2929 1325 3007 Athenae,
1350 2925 1538 3000 Thebae,
1563 2921 1638 2986 Pu·
1690 2984 1700 2994 .

169 3018 348 3108 teoli²⁵),
374 3027 513 3094 Ostia.

253 3130 325 3196 149.
351 3129 436 3206 ltem
460 3133 648 3216 singularia
668 3155 805 3221 semper
833 3148 927 3210 sunt,
953 3111 1041 3219 quae
1061 3153 1125 3196 neo
1148 3132 1257 3196 videri
1278 3152 1342 3194 nec
1366 3130 1461 3214 tangi
1481 3139 1637 3214 possunt,
1649 3145 1695 3196 ch.
1712 3163 1747 3195 ιι.

165 3247 286 3294 verum
304 3231 347 3296 ab
366 3233 418 3296 his
432 3233 468 3296 in
482 3234 681 3299 alterutram
695 3251 841 3321 partem,
865 3237 996 3300 doloris
1011 3246 1069 3298 aut
1086 3228 1127 3316 ²⁶)
1143 3235 1260 3318 gandii
1278 3233 1468 3309 adficimur,
1492 3245 1530 3294 nt
1543 3251 1639 3314 gau·
1689 3263 1691 3268 ·

165 3330 282 3395 dium
306 3335 357 3416 (et
379 3336 536 3419 gaudia
560 3339 739 3423 dixerunt)
759 3343 811 3420 ⁸),
840 3340 967 3423 vigor
997 3342 1047 3421 (et
1074 3338 1245 3420 vigores
1278 3336 1475 3417 dixerunt),
1506 3346 1639 3396 metus

164 3430 216 3515 (et
241 3447 376 3500 metus
400 3436 613 3524 pluraliter),
644 3443 796 3519 letum,
836 3440 951 3524 fuga,
986 3437 1129 3524 pallor
1160 3437 1380 3523 (pallores
1419 3429 1562 3517 dicitur)
1584 3438 1639 3518 ²⁷),

209 3625 249 3694 ¹¹)
273 3623 387 3680 verbere
412 3629 492 3684 turbo
516 3664 552 3678 -
571 3649 680 3688 verrere
700 3641 777 3686 turvo
800 3632 868 3684 θοαὶ.
898 3626 934 3702 ¹⁸)
953 3625 1032 3680 inber
1050 3657 1084 3670 -
1103 3627 1180 3678 iuver
1199 3627 1268 3679 cod.
1298 3631 1332 3695 ¹⁹)
1350 3617 1460 3676 'utimur
1484 3655 1521 3665 —
1538 3623 1640 3677 utimus

278 3713 346 3768 Cori.
386 3720 423 3788 ²⁰)
449 3715 513 3772 laba
537 3752 572 3762 -
595 3721 659 3774 larva
682 3720 750 3776 cod„
784 3723 821 3790 ¹¹)
845 3716 978 3771 lenticula
1002 3747 1037 3758 -
1058 3711 1173 3767 lenticla
1201 3714 1268 3768 ced.
1303 3717 1342 3782 ¹²)
1368 3743 1405 3754 -
1428 3711 1575 3783 puniceum
1599 3712 1641 3764 sie
1666 3741 1667 3744 =

277 3801 345 3854 Ccd.
375 3801 416 3876 ¹³)
436 3822 518 3876 oryss
535 3839 572 3852 -
590 3809 663 3863 oriza
690 3809 756 3863 eod.
780 3807 816 3877 ¹⁸)
836 3803 927 3876 ῗψημα
943 3835 977 3848 -
995 3807 1076 3876 turpe
1095 3803 1161 3856 Cori.
1190 3803 1227 3873 ¹⁵)
1255 3798 1364 3854 Puteoli
1390 3830 1426 3843 -
1444 3795 1551 3872 puteoli
1572 3799 1640 3852 cod.

279 3884 316 3959 ’3)
337 3899 384 3944 aut
402 3923 437 3935 -
456 3911 490 3946 sn
510 3897 577 3950 cod.
598 3899 635 3970 ²⁷)
655 3895 810 3949 dicitur-
828 3891 856 3949 d.
880 3895 946 3948 cod.
966 3895 1010 3946 lta
1029 3903 1056 3944 et
1074 3909 1138 3943 mox
1158 3892 1243 3958 iufra.
1746 3949 1750 3956 ,

206 3977 241 4047 s)
270 3977 348 4048 Virg.
367 3981 507 4053 Aemvll.
527 3989 588 4044 378.
617 3987 647 4056 b)
670 3985 781 4041 Vbeere
804 3985 906 4044 diviso,
933 3977 1008 4052 apud
1027 3975 1159 4033 Ovidium
1176 3994 1233 4030 non
1251 3975 1415 4038 invenimus,
1433 3973 1518 4030 habet
1535 3985 1641 4037 autem,

241 4121 251 4142 ι
273 4071 376 4120 viseere
392 4069 522 4135 humano,
540 4074 569 4126 in
587 4070 658 4126 lbin.
677 4089 702 4127 r.
721 4079 783 4132 404.
804 4077 903 4125 viarm
921 4075 1090 4123 insensumto
1110 4063 1182 4118 lbid.
1200 4083 1224 4121 v.
1245 4069 1305 4126 196.
1317 4061 1432 4120 coelesti
1451 4065 1559 4118 viscere
1567 4063 1641 4115 Fast.

275 4153 324 4208 IV·
341 4163 405 4216 205.
430 4167 458 4210 et
481 4167 581 4216 viscere
603 4164 661 4216 tela
685 4161 844 4222 haerentia,
868 4153 1053 4226 Metamorpb.
1073 4155 1121 4209 vl.
1148 4159 1210 4214 290.
1230 4155 1308 4206 caius
1332 4153 1466 4226 postremi
1483 4151 1540 4206 loci
1557 4149 1641 4203 lectio
1709 4201 1723 4233 4

277 4244 412 4298 Prisciani
446 4247 532 4318 (vl.)
571 4249 733 4304 auctoritate
768 4247 949 4300 confirmatur.
988 4245 1117 4297 Ceterum
1142 4239 1218 4314 spnd
1244 4239 1399 4294 Charisinns
1423 4238 1478 4294 boe
1497 4238 1532 4293 dc
1550 4239 1644 4307 singu-

275 4328 326 4384 lari
364 4339 465 4388 viseere
498 4334 715 4392 additamentum
744 4353 801 4388 uon
832 4332 957 4387 hebetur.
985 4333 1010 4404 c)
1039 4334 1120 4405 Quae
1143 4349 1249 4400 semper
1270 4333 1394 4401 pluralia
1417 4361 1453 4371 -
1475 4328 1641 4397 spectacula.

277 4419 352 4472 llaec
374 4424 473 4476 misere
498 4423 572 4496 apud
598 4436 723 4479 nostrum
748 4433 888 4486 truncata,
914 4423 952 4476 its
971 4417 1044 4492 apud
1066 4416 1171 4474 Charis.
1191 4417 1209 4472 l.
1230 4436 1253 4469 c.
1272 4415 1418 4486 leguntur:
1440 4419 1521 4488 Quas
1538 4431 1643 4482 seersper·

276 4511 398 4577 pluralia
426 4525 507 4576 sunt,
532 4535 556 4568 ss
578 4516 734 4586 plusquam·
749 4532 834 4566 unum
857 4511 1012 4586 signficare
1038 4511 1161 4571 relictus,
1179 4510 1203 4559 si
1221 4504 1330 4576 quidem
1356 4507 1508 4558 masculina
1531 4505 1594 4561 sint,
1614 4510 1643 4550 ut

274 4611 345 4666 puta
370 4600 401 4652 tu·
423 4603 523 4664 berrii,
550 4607 590 4657 ita
608 4604 742 4655 dicemus:
768 4602 845 4654 binos
863 4604 1003 4670 trinosque
1029 4598 1143 4649 loculos.
1163 4595 1194 4648 St
1212 4595 1437 4661 vercseminiua,
1457 4603 1487 4642 ut
1504 4599 1573 4662 puts
1591 4587 1645 4640 hee

276 4689 381 4748 sulse,
399 4690 442 4742 its
459 4691 597 4753 dicemus,
624 4692 701 4744 binas
719 4702 865 4761 ternasque
883 4689 990 4748 scalas,
1010 4698 1036 4739 et
1055 4685 1191 4736 neutralia
1210 4683 1344 4740 similiter,
1364 4691 1393 4730 ut
1411 4690 1480 4748 puta
1498 4675 1566 4728 haec
1583 4693 1646 4746 spe·

275 4779 396 4829 eternis.
416 4778 445 4848 d)
466 4777 541 4848 Virg.
563 4777 664 4849 Georg.
684 4777 707 4830 l.
725 4783 788 4840 210,
806 4775 855 4828 ubi
875 4793 948 4827 nune
966 4773 1067 4844 legitur
1085 4777 1174 4825 serite.
1203 4775 1228 4838 e)
1254 4771 1400 4839 puniceum
1427 4766 1468 4818 sie
1493 4761 1566 4820 cod.
1594 4779 1644 4832 pro

274 4859 387 4932 vulgato
405 4871 544 4934 panicum.
564 4867 597 4920 ln
617 4866 715 4937 Cengii
734 4864 800 4919 Les.
819 4860 892 4916 med.
912 4871 941 4914 et
958 4863 1006 4914 iul.
1026 4861 1087 4914 Lat.
1106 4858 1206 4930 legitur
1223 4859 1369 4928 panicium.
1387 4853 1429 4924 J)
1448 4851 1585 4906 Fortassis
1604 4847 1643 4900 le-

274 4952 400 5019 gendum
413 4951 545 5026 ,μ’λωος,
569 4955 693 5033 κέγχρος.
719 4955 763 5006 Do
780 4953 866 5005 forma
886 4946 989 5024 piletus
1007 4967 1057 5020 pro
1084 4945 1195 5016 vulgato
1214 4939 1303 5016 uelint
1322 4941 1368 4996 adi
1394 4937 1557 4997 Schneideri
1576 4937 1642 4990 Les.

275 5057 368 5109 grase.
388 5040 441 5095 snb
462 5041 490 5097 b.
508 5063 533 5098 v.
551 5045 585 5116 g)
605 5041 703 5098 Chsris
720 5039 739 5095 l.
752 5060 775 5094 c,
794 5045 918 5114 quamvis
936 5037 1074 5109 Vergilius
1092 5049 1119 5088 st
1136 5034 1241 5108 gandia
1252 5035 1365 5087 dixerit:
1386 5033 1513 5088 Latonas
1531 5031 1644 5081 tacitum

272 5143 435 5198 pertentent
460 5134 566 5205 gaudis
592 5145 694 5203 peetus.
720 5132 799 5200 (Asu.
824 5130 846 5183 l.
866 5125 939 5198 506.)
976 5125 1032 5180 cfr.
1054 5126 1134 5178 etism
1159 5125 1225 5177 hen.
1245 5123 1279 5176 V.
1300 5127 1361 5181 ets.
1382 5119 1429 5174 Vl.
1449 5124 1509 5177 279.
1530 5121 1592 5176 513,
1610 5115 1644 5166 Χ·

274 5221 342 5276 sas.
361 5225 423 5284 ssa.
443 5222 492 5275 xt.
514 5227 574 5282 rso.
1666 5210 1676 5242 ²
