4032 6070
407 541 488 616 eqo.
699 609 703 616 ι
867 528 1430 588 rnootsnsntnon.

301 687 333 736 V·
351 677 545 750 ostentus
563 681 736 766 connptis
753 680 872 746 dicant
886 679 962 744 lieri
977 697 1080 764 posse
1101 677 1141 762 Ι’)
1164 675 1308 762 figuram
1327 677 1576 762 compositams
1605 675 1666 742 scd
1684 689 1806 744 contra
1819 701 1865 746 eo

409 783 568 848 rumdem
585 785 626 866 Ι’)
642 783 852 870 imperitiam
863 801 935 847 non
947 781 1090 865 dignum
1105 793 1167 854 est,
1178 791 1218 844 ιιι
1229 791 1349 844 nostra
1365 779 1574 865 respoudeat
1588 781 1743 854 scientia,
1767 801 1882 866 quau-

361 923 368 936 ·
408 885 597 971 dcqnidem
613 884 708 948 nulla
722 905 803 970 pars
819 883 986 948 orationis
1003 883 1211 968 reperiatur,
1236 901 1324 966 quae
1338 901 1383 944 en
1399 880 1536 946 duobus
1549 883 1722 969 corruptis
1734 885 1778 948 sit
1792 905 1880 950 con-

408 988 542 1063 stituta,
565 988 633 1052 nisi
648 988 677 1051 si
692 1000 814 1050 contra
824 998 1009 1071 praecepta
1023 984 1165 1048 caelitus
1181 985 1260 1050 data
1273 985 1461 1068 integram,
1483 984 1552 1048 hoe
1567 995 1629 1060 est,
1651 997 1785 1070 partem
1798 1005 1883 1050 ora·

407 1091 514 1154 nonis
529 1089 565 1152 in
580 1090 665 1153 duas
679 1103 794 1174 partes
808 1087 970 1150 scindunt
984 1100 1018 1150 et
1031 1087 1261 1172 compositam
1275 1085 1419 1168 liguram
1438 1105 1483 1148 ex
1496 1085 1580 1170 ipsis
1593 1087 1819 1165 constituunt,
1840 1102 1884 1154 ut

408 1191 602 1277 simplicem
622 1212 726 1276 quam
743 1191 902 1255 adserere
917 1184 955 1269 ¹³)
978 1189 1212 1275 reperiantur;
1235 1186 1407 1271 siquidem
1431 1187 1582 1273 simplex
1604 1207 1651 1252 ex
1670 1189 1820 1274 integro,
1842 1191 1882 1254 id

409 1305 478 1368 est,
501 1312 548 1356 ex
570 1312 639 1356 uua
658 1306 756 1378 parte
778 1292 946 1356 orationis
964 1304 1098 1355 tantum
1125 1290 1311 1355 constituta
1331 1309 1405 1354 esse
1427 1289 1640 1367 inveniatur3
1663 1303 1698 1354 et
1717 1290 1818 1368 ideo,
1839 1306 1881 1357 ut

409 1395 578 1470 diximus,
610 1395 692 1479 quia
711 1415 758 1458 ex
779 1393 915 1458 duobus
933 1395 1107 1479 corruptis
1124 1411 1316 1478 numquam
1339 1391 1449 1476 ligura
1469 1391 1663 1476 composita
1683 1413 1757 1458 esse
1778 1413 1883 1460 mon-

409 1508 546 1560 stratur.
1141 1541 1146 1552 .

494 1597 549 1662 De
571 1595 681 1679 ligura
701 1595 903 1670 nominum,
927 1608 1095 1680 qnantum
1117 1595 1207 1660 ratio
1229 1593 1411 1680 poscebat,
1435 1595 1669 1660 tractavimus.

496 1700 547 1765 65.
569 1697 634 1762 DE
654 1694 1047 1780 COMPARATlONE.
1080 1695 1303 1782 Comparatio
1326 1695 1526 1772 nominum,
1550 1697 1882 1784 scilicetappellati·

409 1819 550 1878 nomm,
575 1810 626 1862 est
648 1819 717 1884 qna
737 1819 802 1886 per
824 1799 950 1884 gradus
980 1798 1188 1864 conlationis
1210 1799 1354 1864 nomina
1375 1811 1560 1884 augmenta
1583 1794 1623 1882 Ι’)
1645 1813 1705 1864 aut
1726 1801 1881 1864 diminu-

410 1902 524 1970 tiones
547 1900 733 1986 accipiunt.
1021 1969 1024 1980 ¹

497 2003 542 2066 lli
565 2015 645 2067 sunt
667 2015 753 2080 tres,
778 2015 812 2066 et
834 2001 1068 2088 appellantur:
1097 2003 1267 2090 positivus
1290 2001 1363 2064 sive
1385 1999 1579 2078 absolutus,
1612 2004 1882 2090 comparativus,

411 2105 651 2191 superlativus.
801 2097 804 2104 ’
870 2179 877 2186 ,

498 2209 548 2274 66.
582 2206 756 2270 Positivus
779 2205 1057 2272 sive-absolutus
1080 2204 1206 2290 gradus
1229 2216 1281 2266 est
1303 2205 1378 2288 ipsa
1399 2203 1545 2290 positio,
1568 2217 1732 2292 utputa:
1755 2205 1882 2272 fortis

410 2321 445 2372 et
474 2321 587 2372 cetera
617 2307 708 2372 talia.
741 2307 1008 2394 Comparativus
1037 2308 1165 2392 gradus
1194 2318 1246 2370 est
1267 2305 1400 2391 aliquid
1425 2296 1465 2388 ¹⁵)
1489 2305 1618 2372 addens
1641 2320 1701 2372 aut
1722 2309 1886 2372 minuens

409 2430 473 2495 per
496 2411 805 2496 comparationem,
828 2422 987 2496 utputa:
1013 2409 1191 2483 fortior,
1215 2406 1387 2471 brevior
1409 2419 1444 2472 et
1465 2420 1580 2472 cetera
1600 2408 1694 2474 talia.
1719 2409 1887 2496 Superla-

410 2512 501 2575 tisus
524 2513 650 2594 gradus
673 2522 724 2572 est
746 2530 787 2572 eo
810 2511 888 2596 plus
912 2510 1065 2574 adiciens
1084 2503 1123 2592 ¹⁶)
1147 2521 1206 2572 aut
1227 2509 1386 2572 minuens
1415 2529 1480 2596 per
1501 2511 1821 2597 comparationem,
1843 2524 1886 2575 ιιι

410 2624 509 2698 puta:
535 2611 816 2688 fortissimus,
840 2613 1109 2675 miserrimus
1132 2623 1166 2674 et
1188 2623 1302 2674 cetera
1324 2610 1415 2676 talia.

498 2713 549 2777 67.
574 2710 664 2775 Sane
686 2733 758 2775 non
787 2733 925 2798 semper
951 2715 1038 2777 baec
1060 2713 1177 2776 omnia
1198 2712 1342 2776 nomina
1365 2714 1405 2796 ¹³)
1433 2733 1498 2798 per
1519 2715 1638 2776 omues
1659 2726 1729 2778 tues
1750 2714 1888 2798 gradus
1921 2781 1928 2796 ,

413 2813 622 2878 conlationis
643 2828 877 2898 perseverant.
901 2814 1079 2878 Interdum
1103 2815 1194 2878 enim
1218 2814 1442 2878 inveniuntur
1464 2816 1623 2891 nomina,
1647 2835 1735 2900 quae
1757 2818 1796 2879 itt
1817 2837 1890 2902 po-

412 2918 514 2981 sitivo
539 2917 610 2980 sive
633 2914 792 2980 absoluto
816 2917 926 3001 gradu
948 2929 1081 2980 tanturn
1105 2930 1185 2980 sunt
1207 2916 1404 2992 constituta,
1427 2928 1589 3002 utputa:
1612 2935 1748 2980 novus
1771 2929 1806 2980 et
1827 2937 1890 2980 ce·-

412 3009 493 3082 tera'
508 3018 606 3093 talia3
630 3018 825 3095 interdum,
850 3039 939 3104 quae
961 3020 997 3082 in
1021 3019 1258 3103 comparativo
1282 3031 1433 3096 tanturn,
1457 3030 1618 3104 utputa:
1642 3017 1829 3084 interior
1850 3032 1888 3082 et

412 3132 527 3184 cetera
549 3119 650 3195 talia;
672 3120 858 3196 interdum,
882 3141 971 3206 quae
993 3122 1030 3185 in
1053 3119 1264 3206 superlativo
1287 3123 1432 3197 tainum,
1454 3132 1493 3184 ut
1514 3131 1598 3205 puta
1616 3113 1673 3202 ¹⁸)=
1697 3121 1888 3185 novissi-

412 3243 502 3286 mus
526 3234 560 3285 et
583 3234 697 3286 cetera
719 3215 801 3285 talia
817 3223 877 3305 ¹⁹);
900 3221 1092 3298 interdum,
1117 3242 1205 3306 quae
1228 3223 1264 3286 in
1285 3222 1437 3306 positivo
1460 3222 1532 3286 sive
1555 3219 1715 3287 absoluto
1738 3234 1886 3286 etcom-

411 3324 569 3409 paratino
593 3336 738 3398 tantum,
760 3335 923 3409 utputa:
948 3324 1112 3407 ingens,
1136 3324 1358 3408 ingentior
1380 3335 1415 3388 et
1437 3311 1672 3400 oeteratalias
1696 3323 1886 3400 interdum,

413 3445 502 3510 qnae
526 3425 561 3487 in
583 3426 735 3510 positivo
759 3437 793 3488 et
815 3424 1026 3511 superlativo
1050 3437 1201 3503 tautum,
1224 3438 1262 3490 ut
1285 3438 1369 3511 puta
1386 3427 1446 3507 '‘'):
1469 3427 1578 3510 pina,
1600 3425 1827 3510 piissimus
1850 3437 1888 3488 et

414 3539 528 3590 cetera
554 3526 653 3603 talia3
685 3527 877 3602 interdum,
909 3547 997 3612 quae
1026 3529 1063 3590 in
1092 3529 1328 3614 comparativo
1357 3539 1391 3592 et
1422 3526 1632 3613 superlativo
1662 3539 1813 3604 tantum,
1843 3539 1887 3592 ut

412 3640 510 3714 puta:
526 3649 578 3715 po
591 3629 741 3712 tior¹¹),
755 3629 1007 3714 potissimus
1022 3642 1056 3692 et
1069 3644 1184 3695 cetera
1198 3630 1295 3704 talia;
1312 3629 1610 3714 frequentervero,
1627 3648 1716 3714 quae
1730 3647 1795 3714 pet·
1809 3649 1890 3694 otn-

412 3750 474 3794 nes
497 3743 568 3794 tres
588 3731 715 3814 gradus
737 3742 972 3817 perseverant,
994 3743 1033 3794 ut
1054 3746 1156 3818 putat
1180 3731 1299 3810 felix,
1322 3731 1521 3809 lelicior,
1545 3731 1824 3797 felicissimus
1846 3743 1885 3794 et

414 3843 527 3896 cetera
550 3832 641 3898 talia.

499 3934 549 3998 68.
582 3931 686 3996 Nunc
714 3932 783 3997 boc
810 3933 1007 4018 quaeritur,
1038 3955 1107 4021 qua
1137 3935 1180 4000 de
1210 3955 1313 4000 causa
1341 3937 1427 4000 haec
1449 3935 1565 4022 aliqua
1590 3936 1750 4012 uomina,
1781 3935 1890 4000 sicuti

414 4053 519 4118 supra
540 4033 771 4108 ostendimus,
795 4055 867 4098 ιιοιι
890 4056 955 4120 per
976 4057 1097 4102 omnes
1121 4038 1329 4102 conlationis
1350 4037 1478 4122 gradus
1506 4049 1747 4124 perseverant3
1777 4055 1892 4122 quane

412 4135 482 4198 boc
504 4153 703 4210 monemus,
732 4137 828 4220 quod
856 4140 1047 4204 eorundem
1077 4160 1181 4204 sonos
1204 4159 1283 4203 cum
1307 4139 1446 4220 syllabis
1469 4152 1504 4204 et
1529 4137 1730 4204 accentibus
1752 4139 1792 4200 in
1814 4157 1896 4201 me-

413 4235 475 4300 tris
499 4248 738 4322 competenter
759 4249 906 4302 tractare
938 4239 1142 4306 debebimus
1161 4243 1218 4325 ¹²);
1242 4241 1376 4305 scilicet
1396 4253 1445 4320 ut,
1469 4243 1610 4327 quando
1632 4244 1718 4304 baec
1740 4239 1896 4302 nomina

414 4338 669 4422 comparativos
690 4339 747 4402 vel
764 4333 806 4422 ²³)
828 4340 1057 4426 superlativus
1080 4343 1206 4428 gradus
1229 4344 1397 4408 sustinere
1418 4345 1554 4428 possint
1568 4335 1621 4426 ²³),
1644 4343 1846 4408 doceamus.

498 4441 550 4510 69.
590 4440 681 4504 Saue
712 4444 928 4527 comparatio
963 4445 1005 4508 iis
1030 4437 1072 4528 ²⁵)
1102 4445 1302 4509 nominibus
1329 4446 1470 4525 accidit,
1502 4467 1590 4532 quae
1621 4443 1797 4530 qualitatis
1829 4442 1897 4506 vel

303 4573 335 4622 v,
353 4574 401 4622 ,ω
412 4543 613 4630 quantitatis
636 4543 768 4608 habent
787 4545 979 4610 materiam.
1002 4546 1192 4612 Praeterea·
1206 4568 1279 4611 non
1293 4542 1335 4630 ²⁶)
1359 4547 1477 4612 omnia
1498 4547 1658 4622 nomina,
1687 4565 1776 4630 quae
1800 4565 1899 4629 qua-

455 4752 492 4821 ¹¹)
517 4766 600 4822 pesae
628 4750 664 4805 V.
680 4773 720 4802 ι·-
737 4749 774 4803 A.
807 4749 841 4820 ¹¹)
868 4749 1026 4804 eorumdem
1053 4752 1130 4807 ΚΡ.
1157 4781 1192 4796 -
1211 4769 1304 4805 eorum
1323 4753 1360 4806 A.
1389 4755 1426 4823 ¹³)
1452 4748 1580 4804 adaerere
1607 4751 1691 4807 V-P.
1708 4779 1746 4792 -
1762 4745 1833 4800 ulte
1854 4751 1902 4804 A.

518 4839 552 4906 ⁸⁴)
573 4847 718 4908 augmenta
739 4839 770 4893 V
771 4837 822 4890 .A.
842 4867 878 4882 -
895 4847 942 4891 ιιιι
960 4839 1095 4909 geminata
1113 4842 1144 4895 Ρ.
1171 4841 1206 4912 ¹⁵)
1224 4837 1330 4911 aliquid
1351 4841 1387 4895 V.
1403 4841 1433 4893 Ρ.
1452 4869 1489 4884 ·-
1507 4857 1540 4892 ee
1558 4835 1623 4910 plna
1641 4836 1677 4890 A.
1707 4838 1741 4906 ¹⁰)
1762 4833 1902 4890 adiciens

517 4923 554 4976 V.
568 4925 600 4979 P.
618 4955 655 4968 ·-
672 4925 807 4980 adficiens
826 4928 861 4982 A.
892 4931 926 4998 ¹⁷)
946 4928 1038 4982 omnia
1061 4927 1171 4982 uomina
1192 4929 1227 4982 V.
1247 4958 1283 4970 -
1300 4928 1412 4980 uomina
1429 4927 1522 4981 omnia
1537 4925 1574 4980 A.
1604 4927 1639 4997 ¹2)
1657 4931 1723 4996 puta
1743 4923 1773 4978 Ρ.
1791 4945 1831 4972 =
1853 4925 1899 4978 A.

518 5015 552 5082 ἰ)
571 5011 712 5065 interdura
729 5031 799 5085 quae
817 5015 846 5067 iu
865 5012 1032 5086 superlativo
1039 5053 1138 5069 ......
1149 5025 1178 5069 et
1196 5025 1286 5070 cetera
1304 5013 1369 5068 talia
1386 5015 1424 5070 A.
1440 5016 1471 5070 Ρ.
1486 5035 1522 5066 =
1539 5014 1576 5070 V.
1597 5015 1632 5083 ¹⁹)
1651 5020 1719 5083 pult
1738 5011 1775 5066 V.
1793 5034 1834 5060 =
1855 5014 1903 5066 A.

518 5100 557 5168 ²¹)
586 5099 680 5169 potior
706 5101 742 5155 V.
766 5125 803 5152 ει
825 5103 862 5155 A.
890 5106 925 5175 ¹¹)
951 5101 1114 5158 debebimus
1135 5105 1171 5159 V.
1189 5106 1226 5158 A.
1245 5135 1282 5146 -
1299 5100 1431 5156 debemus
1455 5104 1486 5160 Ρ.
1516 5105 1552 5174 ”)
1571 5099 1613 5155 vel
1639 5102 1676 5154 V.
1693 5102 1723 5154 Ρ.
1748 5108 1836 5152 -et
1856 5103 1905 5155 A.

518 5187 553 5255 “l
572 5185 682 5256 P⁰⁸³i¹¹²
700 5189 732 5242 V
730 5225 737 5242 ·
755 5219 790 5230 -
810 5190 919 5259 possint
937 5192 1093 5261 pertineant
1111 5193 1148 5249 A.
1169 5195 1205 5266 ¹⁵)
1225 5192 1260 5246 iis
1279 5191 1315 5245 A.
1335 5187 1431 5245 -bis
1451 5191 1487 5246 V.
1508 5191 1545 5262 ι5)
1564 5207 1621 5244 ιιοιι
1631 5189 1666 5244 V.
1677 5189 1709 5244 tt.
1721 5217 1759 5230 -
1772 5205 1842 5242 sero
1858 5191 1907 5242 A.
