<?xml version="1.0" encoding="UTF-8"?>
<!DOCTYPE html PUBLIC "-//W3C//DTD XHTML 1.0 Transitional//EN"
    "http://www.w3.org/TR/xhtml1/DTD/xhtml1-transitional.dtd">
<html xmlns="http://www.w3.org/1999/xhtml" xml:lang="en" lang="en">
 <head>
  <title>
</title>
<meta http-equiv="Content-Type" content="text/html;charset=utf-8" />
  <meta name='ocr-system' content='tesseract 3.04.00' />
  <meta name='ocr-capabilities' content='ocr_page ocr_carea ocr_par ocr_line ocrx_word'/>
</head>
<body>
  <div class='ocr_page' id='page_1' title='image "./analectagrammat00eichgoog_0167.png"; bbox 0 0 4022 6068; ppageno 0'>
   <div class='ocr_carea' id='block_1_1' title="bbox 402 479 1640 571">
    <p class='ocr_par' dir='ltr' id='par_1_1' title="bbox 402 479 1640 571">
     <span class='ocr_line' id='line_1_1' title="bbox 402 479 1640 571; baseline -0.003 -27"><span class='ocrx_word' id='word_1_1' title='bbox 402 495 469 571; x_wconf 62' lang='lat' dir='ltr'><strong>m</strong></span> <span class='ocrx_word' id='word_1_2' title='bbox 629 483 784 544; x_wconf 78' lang='lat' dir='ltr'><strong>ructari</strong></span> <span class='ocrx_word' id='word_1_3' title='bbox 806 481 1073 545; x_wconf 69' lang='lat' dir='ltr'><strong>moutarn!</strong></span> <span class='ocrx_word' id='word_1_4' title='bbox 1093 481 1147 540; x_wconf 85' lang='lat' dir='ltr'><strong>or</strong></span> <span class='ocrx_word' id='word_1_5' title='bbox 1167 481 1317 542; x_wconf 80' lang='lat' dir='ltr'><strong>nom</strong></span> <span class='ocrx_word' id='word_1_6' title='bbox 1334 479 1385 538; x_wconf 79' lang='lat' dir='ltr'><strong>ar</strong></span> <span class='ocrx_word' id='word_1_7' title='bbox 1408 479 1640 540; x_wconf 74' lang='lat' dir='ltr'><strong>nouom</strong></span> 
     </span>
    </p>
   </div>
   <div class='ocr_carea' id='block_1_2' title="bbox 484 627 1786 800">
    <p class='ocr_par' dir='ltr' id='par_1_2' title="bbox 484 627 1786 800">
     <span class='ocr_line' id='line_1_2' title="bbox 484 627 1786 800; baseline -0.003 -98"><span class='ocrx_word' id='word_1_8' title='bbox 484 629 709 702; x_wconf 71' lang='lat' dir='ltr'><strong>axutam</strong></span> <span class='ocrx_word' id='word_1_9' title='bbox 729 629 1415 800; x_wconf 46' lang='lat' dir='ltr'><strong>DEGLINANDORlnglpluffsOHINUH</strong></span> <span class='ocrx_word' id='word_1_10' title='bbox 1436 627 1528 698; x_wconf 71' lang='lat' dir='ltr'><strong>stult</strong></span> <span class='ocrx_word' id='word_1_11' title='bbox 1549 628 1786 698; x_wconf 73' lang='lat' dir='ltr'><strong>sutouuas</strong></span> 
     </span>
    </p>
   </div>
   <div class='ocr_carea' id='block_1_3' title="bbox 684 885 1582 976">
    <p class='ocr_par' dir='ltr' id='par_1_3' title="bbox 684 885 1582 976">
     <span class='ocr_line' id='line_1_3' title="bbox 684 885 1582 976; baseline 0 -22"><span class='ocrx_word' id='word_1_12' title='bbox 684 889 736 954; x_wconf 76' lang='grc'><strong>43.</strong></span> <span class='ocrx_word' id='word_1_13' title='bbox 779 885 1289 954; x_wconf 85' lang='lat' dir='ltr'><strong>Declinationis</strong></span> <span class='ocrx_word' id='word_1_14' title='bbox 1332 888 1582 976; x_wconf 86' lang='lat' dir='ltr'><strong>primae.</strong></span> 
     </span>
    </p>
   </div>
   <div class='ocr_carea' id='block_1_4' title="bbox 398 1021 1919 2028">
    <p class='ocr_par' dir='ltr' id='par_1_4' title="bbox 400 1021 1919 1318">
     <span class='ocr_line' id='line_1_4' title="bbox 486 1021 1875 1114; baseline 0 -24"><span class='ocrx_word' id='word_1_15' title='bbox 486 1021 675 1090; x_wconf 89' lang='lat' dir='ltr'><strong>Generis</strong></span> <span class='ocrx_word' id='word_1_16' title='bbox 703 1026 939 1092; x_wconf 73' lang='lat' dir='ltr'><strong>masculini.</strong></span> <span class='ocrx_word' id='word_1_17' title='bbox 969 1026 1073 1092; x_wconf 87' lang='lat' dir='ltr'><strong>Nom.</strong></span> <span class='ocrx_word' id='word_1_18' title='bbox 1101 1027 1159 1090; x_wconf 91' lang='lat' dir='ltr'><strong>hic</strong></span> <span class='ocrx_word' id='word_1_19' title='bbox 1185 1039 1307 1114; x_wconf 87' lang='lat' dir='ltr'><strong>poeta,</strong></span> <span class='ocrx_word' id='word_1_20' title='bbox 1335 1027 1437 1091; x_wconf 89' lang='lat' dir='ltr'><strong>huius</strong></span> <span class='ocrx_word' id='word_1_21' title='bbox 1464 1037 1605 1113; x_wconf 91' lang='lat' dir='ltr'><strong>poetae,</strong></span> <span class='ocrx_word' id='word_1_22' title='bbox 1627 1027 1711 1092; x_wconf 86' lang='lat' dir='ltr'><strong>huic</strong></span> <span class='ocrx_word' id='word_1_23' title='bbox 1732 1039 1875 1112; x_wconf 87' lang='lat' dir='ltr'><strong>poetae,</strong></span> 
     </span>
     <span class='ocr_line' id='line_1_5' title="bbox 400 1114 1919 1216; baseline 0.003 -26"><span class='ocrx_word' id='word_1_24' title='bbox 400 1125 493 1190; x_wconf 88' lang='lat' dir='ltr'><strong>lrunc</strong></span> <span class='ocrx_word' id='word_1_25' title='bbox 512 1129 563 1208; x_wconf 82' lang='lat'><strong>&#39;⁰·)</strong></span> <span class='ocrx_word' id='word_1_26' title='bbox 597 1139 757 1212; x_wconf 87' lang='lat' dir='ltr'><strong>poetam,</strong></span> <span class='ocrx_word' id='word_1_27' title='bbox 787 1147 809 1192; x_wconf 88' lang='lat' dir='ltr'><strong>o</strong></span> <span class='ocrx_word' id='word_1_28' title='bbox 831 1141 955 1216; x_wconf 85' lang='lat' dir='ltr'><strong>poeta,</strong></span> <span class='ocrx_word' id='word_1_29' title='bbox 986 1128 1029 1194; x_wconf 91' lang='lat' dir='ltr'><strong>ab</strong></span> <span class='ocrx_word' id='word_1_30' title='bbox 1057 1131 1125 1193; x_wconf 87' lang='lat' dir='ltr'><strong>hoo</strong></span> <span class='ocrx_word' id='word_1_31' title='bbox 1148 1141 1269 1216; x_wconf 70' lang='lat' dir='ltr'><strong>poetas</strong></span> <span class='ocrx_word' id='word_1_32' title='bbox 1299 1139 1333 1192; x_wconf 91' lang='lat' dir='ltr'><strong>et</strong></span> <span class='ocrx_word' id='word_1_33' title='bbox 1353 1128 1535 1214; x_wconf 77' lang='lat' dir='ltr'><strong>pluraliter</strong></span> <span class='ocrx_word' id='word_1_34' title='bbox 1555 1147 1650 1194; x_wconf 92' lang='lat' dir='ltr'><strong>nom.</strong></span> <span class='ocrx_word' id='word_1_35' title='bbox 1672 1129 1710 1192; x_wconf 88' lang='lat' dir='ltr'><strong>hi</strong></span> <span class='ocrx_word' id='word_1_36' title='bbox 1731 1141 1873 1216; x_wconf 84' lang='lat' dir='ltr'><strong>poetae,</strong></span> <span class='ocrx_word' id='word_1_37' title='bbox 1915 1114 1919 1122; x_wconf 62' lang='grc'><em>’</em></span> 
     </span>
     <span class='ocr_line' id='line_1_6' title="bbox 400 1227 1698 1318; baseline 0.003 -26"><span class='ocrx_word' id='word_1_38' title='bbox 400 1227 525 1292; x_wconf 84' lang='lat' dir='ltr'><strong>lterum</strong></span> <span class='ocrx_word' id='word_1_39' title='bbox 547 1239 742 1312; x_wconf 88' lang='lat' dir='ltr'><strong>poetarum,</strong></span> <span class='ocrx_word' id='word_1_40' title='bbox 765 1231 819 1294; x_wconf 87' lang='lat' dir='ltr'><strong>his</strong></span> <span class='ocrx_word' id='word_1_41' title='bbox 841 1231 966 1317; x_wconf 87' lang='lat' dir='ltr'><strong>poetis,</strong></span> <span class='ocrx_word' id='word_1_42' title='bbox 989 1233 1053 1296; x_wconf 89' lang='lat' dir='ltr'><strong>hoe</strong></span> <span class='ocrx_word' id='word_1_43' title='bbox 1074 1243 1207 1318; x_wconf 86' lang='lat' dir='ltr'><strong>poetas,</strong></span> <span class='ocrx_word' id='word_1_44' title='bbox 1230 1251 1252 1296; x_wconf 89' lang='lat' dir='ltr'><strong>o</strong></span> <span class='ocrx_word' id='word_1_45' title='bbox 1275 1241 1411 1318; x_wconf 88' lang='lat' dir='ltr'><strong>poetae,</strong></span> <span class='ocrx_word' id='word_1_46' title='bbox 1434 1227 1477 1294; x_wconf 91' lang='grc' dir='ltr'><strong>ιδ</strong></span> <span class='ocrx_word' id='word_1_47' title='bbox 1499 1231 1553 1294; x_wconf 85' lang='lat' dir='ltr'><strong>his</strong></span> <span class='ocrx_word' id='word_1_48' title='bbox 1573 1229 1698 1318; x_wconf 88' lang='lat' dir='ltr'><strong>poetis.</strong></span> 
     </span>
    </p>

    <p class='ocr_par' dir='ltr' id='par_1_5' title="bbox 399 1325 1873 1616">
     <span class='ocr_line' id='line_1_7' title="bbox 487 1325 1873 1419; baseline 0.003 -27"><span class='ocrx_word' id='word_1_49' title='bbox 487 1325 670 1393; x_wconf 75' lang='lat' dir='ltr'><strong>Generis</strong></span> <span class='ocrx_word' id='word_1_50' title='bbox 694 1329 900 1400; x_wconf 87' lang='lat' dir='ltr'><strong>feminini.</strong></span> <span class='ocrx_word' id='word_1_51' title='bbox 922 1333 1069 1399; x_wconf 87' lang='lat' dir='ltr'><strong>Numeri</strong></span> <span class='ocrx_word' id='word_1_52' title='bbox 1090 1333 1275 1419; x_wconf 82' lang='lat' dir='ltr'><strong>singularis</strong></span> <span class='ocrx_word' id='word_1_53' title='bbox 1296 1335 1383 1398; x_wconf 86' lang='lat' dir='ltr'><strong>haec</strong></span> <span class='ocrx_word' id='word_1_54' title='bbox 1404 1352 1501 1411; x_wconf 86' lang='lat' dir='ltr'><strong>rosa,</strong></span> <span class='ocrx_word' id='word_1_55' title='bbox 1523 1334 1623 1398; x_wconf 88' lang='lat' dir='ltr'><strong>huius</strong></span> <span class='ocrx_word' id='word_1_56' title='bbox 1646 1353 1764 1410; x_wconf 90' lang='lat' dir='ltr'><strong>rosae,</strong></span> <span class='ocrx_word' id='word_1_57' title='bbox 1788 1333 1873 1396; x_wconf 88' lang='lat' dir='ltr'><strong>huic</strong></span> 
     </span>
     <span class='ocr_line' id='line_1_8' title="bbox 399 1431 1873 1515; baseline 0.005 -26"><span class='ocrx_word' id='word_1_58' title='bbox 399 1447 510 1504; x_wconf 86' lang='lat' dir='ltr'><strong>rosae,</strong></span> <span class='ocrx_word' id='word_1_59' title='bbox 533 1431 622 1494; x_wconf 89' lang='lat' dir='ltr'><strong>hanc</strong></span> <span class='ocrx_word' id='word_1_60' title='bbox 644 1452 772 1512; x_wconf 86' lang='lat' dir='ltr'><strong>rosam,</strong></span> <span class='ocrx_word' id='word_1_61' title='bbox 795 1455 816 1499; x_wconf 92' lang='lat' dir='ltr'><strong>o</strong></span> <span class='ocrx_word' id='word_1_62' title='bbox 840 1455 928 1512; x_wconf 90' lang='lat' dir='ltr'><strong>rosa,</strong></span> <span class='ocrx_word' id='word_1_63' title='bbox 951 1435 994 1500; x_wconf 89' lang='lat' dir='ltr'><strong>ab</strong></span> <span class='ocrx_word' id='word_1_64' title='bbox 1016 1437 1082 1500; x_wconf 88' lang='lat' dir='ltr'><strong>hac</strong></span> <span class='ocrx_word' id='word_1_65' title='bbox 1103 1455 1200 1514; x_wconf 68' lang='lat' dir='ltr'><strong>rosas</strong></span> <span class='ocrx_word' id='word_1_66' title='bbox 1229 1438 1293 1502; x_wconf 88' lang='lat' dir='ltr'><strong>hae</strong></span> <span class='ocrx_word' id='word_1_67' title='bbox 1315 1456 1430 1515; x_wconf 86' lang='lat' dir='ltr'><strong>rosae,</strong></span> <span class='ocrx_word' id='word_1_68' title='bbox 1458 1437 1580 1500; x_wconf 85' lang='lat' dir='ltr'><strong>harum</strong></span> <span class='ocrx_word' id='word_1_69' title='bbox 1609 1455 1786 1510; x_wconf 88' lang='lat' dir='ltr'><strong>rosarum,</strong></span> <span class='ocrx_word' id='word_1_70' title='bbox 1817 1435 1873 1497; x_wconf 86' lang='lat' dir='ltr'><strong>his</strong></span> 
     </span>
     <span class='ocr_line' id='line_1_9' title="bbox 400 1530 1161 1616; baseline 0.02 -25"><span class='ocrx_word' id='word_1_71' title='bbox 400 1530 499 1606; x_wconf 88' lang='lat' dir='ltr'><strong>rosis,</strong></span> <span class='ocrx_word' id='word_1_72' title='bbox 522 1531 583 1596; x_wconf 90' lang='lat' dir='ltr'><strong>has</strong></span> <span class='ocrx_word' id='word_1_73' title='bbox 605 1554 712 1614; x_wconf 88' lang='lat' dir='ltr'><strong>rosas,</strong></span> <span class='ocrx_word' id='word_1_74' title='bbox 736 1556 757 1600; x_wconf 90' lang='lat' dir='ltr'><strong>o</strong></span> <span class='ocrx_word' id='word_1_75' title='bbox 780 1556 897 1616; x_wconf 85' lang='lat' dir='ltr'><strong>rosae,</strong></span> <span class='ocrx_word' id='word_1_76' title='bbox 920 1538 963 1604; x_wconf 91' lang='lat' dir='ltr'><strong>ab</strong></span> <span class='ocrx_word' id='word_1_77' title='bbox 986 1539 1040 1602; x_wconf 89' lang='lat' dir='ltr'><strong>his</strong></span> <span class='ocrx_word' id='word_1_78' title='bbox 1062 1539 1161 1606; x_wconf 87' lang='lat' dir='ltr'><strong>rosis.</strong></span> 
     </span>
    </p>

    <p class='ocr_par' dir='ltr' id='par_1_6' title="bbox 398 1629 1870 2028">
     <span class='ocr_line' id='line_1_10' title="bbox 487 1629 1870 1718; baseline 0.004 -22"><span class='ocrx_word' id='word_1_79' title='bbox 487 1629 673 1701; x_wconf 89' lang='lat' dir='ltr'><strong>Generis</strong></span> <span class='ocrx_word' id='word_1_80' title='bbox 696 1642 941 1708; x_wconf 88' lang='lat' dir='ltr'><strong>communis.</strong></span> <span class='ocrx_word' id='word_1_81' title='bbox 974 1641 1041 1708; x_wconf 86' lang='lat' dir='ltr'><strong>Hic</strong></span> <span class='ocrx_word' id='word_1_82' title='bbox 1062 1653 1098 1706; x_wconf 90' lang='lat' dir='ltr'><strong>et</strong></span> <span class='ocrx_word' id='word_1_83' title='bbox 1119 1642 1205 1706; x_wconf 89' lang='lat' dir='ltr'><strong>haec</strong></span> <span class='ocrx_word' id='word_1_84' title='bbox 1228 1639 1373 1718; x_wconf 86' lang='lat' dir='ltr'><strong>advena,</strong></span> <span class='ocrx_word' id='word_1_85' title='bbox 1396 1639 1498 1704; x_wconf 90' lang='lat' dir='ltr'><strong>huius</strong></span> <span class='ocrx_word' id='word_1_86' title='bbox 1512 1637 1677 1716; x_wconf 84' lang='lat' dir='ltr'><strong>advenae,</strong></span> <span class='ocrx_word' id='word_1_87' title='bbox 1700 1640 1782 1704; x_wconf 88' lang='lat' dir='ltr'><strong>hnic</strong></span> <span class='ocrx_word' id='word_1_88' title='bbox 1807 1639 1870 1702; x_wconf 90' lang='lat' dir='ltr'><strong>ad-</strong></span> 
     </span>
     <span class='ocr_line' id='line_1_11' title="bbox 398 1738 1868 1830; baseline 0.005 -34"><span class='ocrx_word' id='word_1_89' title='bbox 398 1751 520 1812; x_wconf 90' lang='lat' dir='ltr'><strong>venae,</strong></span> <span class='ocrx_word' id='word_1_90' title='bbox 543 1738 637 1802; x_wconf 89' lang='lat' dir='ltr'><strong>hunc</strong></span> <span class='ocrx_word' id='word_1_91' title='bbox 659 1753 693 1804; x_wconf 99' lang='lat' dir='ltr'><strong>et</strong></span> <span class='ocrx_word' id='word_1_92' title='bbox 715 1741 805 1806; x_wconf 89' lang='lat' dir='ltr'><strong>hanc</strong></span> <span class='ocrx_word' id='word_1_93' title='bbox 820 1743 1000 1822; x_wconf 81' lang='lat' dir='ltr'><strong>advenam,</strong></span> <span class='ocrx_word' id='word_1_94' title='bbox 1024 1764 1046 1808; x_wconf 91' lang='lat' dir='ltr'><strong>o</strong></span> <span class='ocrx_word' id='word_1_95' title='bbox 1061 1743 1204 1821; x_wconf 83' lang='lat' dir='ltr'><strong>advena,</strong></span> <span class='ocrx_word' id='word_1_96' title='bbox 1229 1744 1272 1810; x_wconf 91' lang='lat' dir='ltr'><strong>ab</strong></span> <span class='ocrx_word' id='word_1_97' title='bbox 1294 1746 1362 1807; x_wconf 87' lang='lat' dir='ltr'><strong>hoo</strong></span> <span class='ocrx_word' id='word_1_98' title='bbox 1376 1753 1411 1807; x_wconf 86' lang='lat' dir='ltr'><strong>et</strong></span> <span class='ocrx_word' id='word_1_99' title='bbox 1432 1742 1550 1808; x_wconf 89' lang='lat' dir='ltr'><strong>abhac</strong></span> <span class='ocrx_word' id='word_1_100' title='bbox 1564 1742 1713 1818; x_wconf 83' lang='lat' dir='ltr'><strong>advena;</strong></span> <span class='ocrx_word' id='word_1_101' title='bbox 1736 1755 1771 1806; x_wconf 90' lang='lat' dir='ltr'><strong>et</strong></span> <span class='ocrx_word' id='word_1_102' title='bbox 1784 1741 1868 1830; x_wconf 91' lang='lat' dir='ltr'><strong>plu·</strong></span> 
     </span>
     <span class='ocr_line' id='line_1_12' title="bbox 399 1835 1870 1924; baseline 0.006 -27"><span class='ocrx_word' id='word_1_103' title='bbox 399 1835 517 1900; x_wconf 81' lang='lat' dir='ltr'><strong>taliter</strong></span> <span class='ocrx_word' id='word_1_104' title='bbox 539 1839 576 1902; x_wconf 88' lang='lat' dir='ltr'><strong>hi</strong></span> <span class='ocrx_word' id='word_1_105' title='bbox 598 1853 632 1904; x_wconf 91' lang='lat' dir='ltr'><strong>et</strong></span> <span class='ocrx_word' id='word_1_106' title='bbox 654 1844 718 1906; x_wconf 89' lang='lat' dir='ltr'><strong>hae</strong></span> <span class='ocrx_word' id='word_1_107' title='bbox 740 1843 904 1924; x_wconf 85' lang='lat' dir='ltr'><strong>advenae,</strong></span> <span class='ocrx_word' id='word_1_108' title='bbox 927 1849 1052 1912; x_wconf 86' lang='lat' dir='ltr'><strong>horum</strong></span> <span class='ocrx_word' id='word_1_109' title='bbox 1075 1858 1110 1910; x_wconf 88' lang='lat' dir='ltr'><strong>et</strong></span> <span class='ocrx_word' id='word_1_110' title='bbox 1135 1848 1258 1910; x_wconf 89' lang='lat' dir='ltr'><strong>harum</strong></span> <span class='ocrx_word' id='word_1_111' title='bbox 1280 1845 1503 1924; x_wconf 82' lang='lat' dir='ltr'><strong>advenarum,</strong></span> <span class='ocrx_word' id='word_1_112' title='bbox 1530 1847 1586 1912; x_wconf 88' lang='lat' dir='ltr'><strong>his</strong></span> <span class='ocrx_word' id='word_1_113' title='bbox 1613 1844 1774 1922; x_wconf 80' lang='lat' dir='ltr'><strong>aduenis,</strong></span> <span class='ocrx_word' id='word_1_114' title='bbox 1803 1846 1870 1908; x_wconf 90' lang='lat' dir='ltr'><strong>hos</strong></span> 
     </span>
     <span class='ocr_line' id='line_1_13' title="bbox 398 1938 1249 2028; baseline 0.016 -28"><span class='ocrx_word' id='word_1_115' title='bbox 398 1949 432 2002; x_wconf 90' lang='lat' dir='ltr'><strong>et</strong></span> <span class='ocrx_word' id='word_1_116' title='bbox 454 1938 515 2004; x_wconf 89' lang='lat' dir='ltr'><strong>has</strong></span> <span class='ocrx_word' id='word_1_117' title='bbox 538 1940 699 2022; x_wconf 86' lang='lat' dir='ltr'><strong>advenas,</strong></span> <span class='ocrx_word' id='word_1_118' title='bbox 722 1965 744 2012; x_wconf 87' lang='lat' dir='ltr'><strong>o</strong></span> <span class='ocrx_word' id='word_1_119' title='bbox 767 1947 932 2028; x_wconf 87' lang='lat' dir='ltr'><strong>advenae,</strong></span> <span class='ocrx_word' id='word_1_120' title='bbox 954 1949 998 2015; x_wconf 89' lang='lat' dir='ltr'><strong>ab</strong></span> <span class='ocrx_word' id='word_1_121' title='bbox 1020 1949 1074 2014; x_wconf 86' lang='lat' dir='ltr'><strong>his</strong></span> <span class='ocrx_word' id='word_1_122' title='bbox 1095 1948 1249 2014; x_wconf 87' lang='lat' dir='ltr'><strong>advenis.</strong></span> 
     </span>
    </p>
   </div>
   <div class='ocr_carea' id='block_1_5' title="bbox 767 2161 1495 2232">
    <p class='ocr_par' dir='ltr' id='par_1_7' title="bbox 767 2161 1495 2232">
     <span class='ocr_line' id='line_1_14' title="bbox 767 2161 1495 2232; baseline -0.004 0"><span class='ocrx_word' id='word_1_123' title='bbox 767 2161 1495 2232; x_wconf 65' lang='lat' dir='ltr'><strong>M.Formaesecnndan</strong></span> 
     </span>
    </p>
   </div>
   <div class='ocr_carea' id='block_1_6' title="bbox 391 2289 1870 3206">
    <p class='ocr_par' dir='ltr' id='par_1_8' title="bbox 393 2289 1869 2580">
     <span class='ocr_line' id='line_1_15' title="bbox 481 2289 1869 2380; baseline 0.004 -25"><span class='ocrx_word' id='word_1_124' title='bbox 481 2289 661 2358; x_wconf 87' lang='lat' dir='ltr'><strong>Generis</strong></span> <span class='ocrx_word' id='word_1_125' title='bbox 684 2300 925 2366; x_wconf 71' lang='lat' dir='ltr'><strong>masculini.</strong></span> <span class='ocrx_word' id='word_1_126' title='bbox 946 2301 1051 2367; x_wconf 88' lang='lat' dir='ltr'><strong>Nom.</strong></span> <span class='ocrx_word' id='word_1_127' title='bbox 1074 2303 1132 2366; x_wconf 89' lang='lat' dir='ltr'><strong>hic</strong></span> <span class='ocrx_word' id='word_1_128' title='bbox 1153 2301 1278 2380; x_wconf 89' lang='lat' dir='ltr'><strong>bonus,</strong></span> <span class='ocrx_word' id='word_1_129' title='bbox 1301 2301 1402 2364; x_wconf 86' lang='lat' dir='ltr'><strong>huius</strong></span> <span class='ocrx_word' id='word_1_130' title='bbox 1417 2299 1515 2376; x_wconf 90' lang='lat' dir='ltr'><strong>boni,</strong></span> <span class='ocrx_word' id='word_1_131' title='bbox 1537 2300 1620 2364; x_wconf 89' lang='lat' dir='ltr'><strong>huic</strong></span> <span class='ocrx_word' id='word_1_132' title='bbox 1640 2295 1748 2374; x_wconf 78' lang='grc' dir='ltr'>δοιο,</span> <span class='ocrx_word' id='word_1_133' title='bbox 1771 2299 1869 2362; x_wconf 86' lang='lat' dir='ltr'><strong>hunc</strong></span> 
     </span>
     <span class='ocr_line' id='line_1_16' title="bbox 393 2389 1867 2490; baseline 0.005 -35"><span class='ocrx_word' id='word_1_134' title='bbox 393 2389 545 2470; x_wconf 88' lang='lat' dir='ltr'><strong>bonum,</strong></span> <span class='ocrx_word' id='word_1_135' title='bbox 574 2415 595 2459; x_wconf 93' lang='lat' dir='ltr'><strong>o</strong></span> <span class='ocrx_word' id='word_1_136' title='bbox 622 2395 731 2476; x_wconf 91' lang='lat' dir='ltr'><strong>bone,</strong></span> <span class='ocrx_word' id='word_1_137' title='bbox 761 2400 804 2464; x_wconf 91' lang='lat' dir='ltr'><strong>ab</strong></span> <span class='ocrx_word' id='word_1_138' title='bbox 827 2404 895 2466; x_wconf 91' lang='lat' dir='ltr'><strong>hoc</strong></span> <span class='ocrx_word' id='word_1_139' title='bbox 915 2401 1030 2480; x_wconf 73' lang='lat' dir='ltr'><strong>bono,</strong></span> <span class='ocrx_word' id='word_1_140' title='bbox 1059 2415 1093 2468; x_wconf 93' lang='lat' dir='ltr'><strong>et</strong></span> <span class='ocrx_word' id='word_1_141' title='bbox 1114 2404 1296 2490; x_wconf 75' lang='lat' dir='ltr'><strong>pluraliter</strong></span> <span class='ocrx_word' id='word_1_142' title='bbox 1324 2404 1361 2468; x_wconf 85' lang='lat' dir='ltr'><strong>hi</strong></span> <span class='ocrx_word' id='word_1_143' title='bbox 1389 2402 1490 2479; x_wconf 89' lang='lat' dir='ltr'><strong>boni,</strong></span> <span class='ocrx_word' id='word_1_144' title='bbox 1521 2405 1647 2468; x_wconf 84' lang='lat' dir='ltr'><strong>horum</strong></span> <span class='ocrx_word' id='word_1_145' title='bbox 1675 2401 1867 2476; x_wconf 83' lang='lat' dir='ltr'><strong>bonorum,</strong></span> 
     </span>
     <span class='ocr_line' id='line_1_17' title="bbox 394 2494 1260 2580; baseline 0.018 -25"><span class='ocrx_word' id='word_1_146' title='bbox 394 2494 448 2557; x_wconf 86' lang='lat' dir='ltr'><strong>his</strong></span> <span class='ocrx_word' id='word_1_147' title='bbox 469 2495 587 2573; x_wconf 88' lang='lat' dir='ltr'><strong>bonis,</strong></span> <span class='ocrx_word' id='word_1_148' title='bbox 611 2497 675 2562; x_wconf 89' lang='lat' dir='ltr'><strong>hos</strong></span> <span class='ocrx_word' id='word_1_149' title='bbox 697 2498 819 2580; x_wconf 91' lang='lat' dir='ltr'><strong>bonos,</strong></span> <span class='ocrx_word' id='word_1_150' title='bbox 843 2523 864 2567; x_wconf 93' lang='lat' dir='ltr'><strong>o</strong></span> <span class='ocrx_word' id='word_1_151' title='bbox 887 2503 982 2580; x_wconf 89' lang='lat' dir='ltr'><strong>boni,</strong></span> <span class='ocrx_word' id='word_1_152' title='bbox 1007 2505 1050 2568; x_wconf 92' lang='grc' dir='ltr'><strong>ιδ</strong></span> <span class='ocrx_word' id='word_1_153' title='bbox 1072 2505 1126 2570; x_wconf 92' lang='lat' dir='ltr'><strong>his</strong></span> <span class='ocrx_word' id='word_1_154' title='bbox 1147 2506 1260 2571; x_wconf 87' lang='lat' dir='ltr'><strong>bonis.</strong></span> 
     </span>
    </p>

    <p class='ocr_par' dir='ltr' id='par_1_9' title="bbox 393 2595 1870 2894">
     <span class='ocr_line' id='line_1_18' title="bbox 481 2595 1867 2690; baseline 0.014 -31"><span class='ocrx_word' id='word_1_155' title='bbox 481 2595 661 2663; x_wconf 88' lang='lat' dir='ltr'><strong>Generis</strong></span> <span class='ocrx_word' id='word_1_156' title='bbox 684 2599 888 2670; x_wconf 90' lang='lat' dir='ltr'><strong>feminini.</strong></span> <span class='ocrx_word' id='word_1_157' title='bbox 910 2605 1057 2670; x_wconf 86' lang='lat' dir='ltr'><strong>Numeri</strong></span> <span class='ocrx_word' id='word_1_158' title='bbox 1080 2607 1264 2690; x_wconf 86' lang='lat' dir='ltr'><strong>singularis</strong></span> <span class='ocrx_word' id='word_1_159' title='bbox 1286 2607 1372 2670; x_wconf 90' lang='lat' dir='ltr'><strong>haec</strong></span> <span class='ocrx_word' id='word_1_160' title='bbox 1389 2607 1510 2690; x_wconf 88' lang='lat' dir='ltr'><strong>pinus,</strong></span> <span class='ocrx_word' id='word_1_161' title='bbox 1539 2603 1641 2666; x_wconf 81' lang='lat' dir='ltr'><strong>huius</strong></span> <span class='ocrx_word' id='word_1_162' title='bbox 1662 2601 1756 2687; x_wconf 65' lang='lat' dir='ltr'><strong>pinis</strong></span> <span class='ocrx_word' id='word_1_163' title='bbox 1780 2601 1867 2663; x_wconf 67' lang='lat' dir='ltr'><strong>huic</strong></span> 
     </span>
     <span class='ocr_line' id='line_1_19' title="bbox 393 2696 1870 2792; baseline 0.006 -34"><span class='ocrx_word' id='word_1_164' title='bbox 393 2696 496 2780; x_wconf 87' lang='lat' dir='ltr'><strong>pino,</strong></span> <span class='ocrx_word' id='word_1_165' title='bbox 519 2699 610 2762; x_wconf 87' lang='lat' dir='ltr'><strong>hauc</strong></span> <span class='ocrx_word' id='word_1_166' title='bbox 631 2701 772 2785; x_wconf 90' lang='lat' dir='ltr'><strong>pinum,</strong></span> <span class='ocrx_word' id='word_1_167' title='bbox 795 2725 817 2769; x_wconf 94' lang='lat' dir='ltr'><strong>o</strong></span> <span class='ocrx_word' id='word_1_168' title='bbox 840 2708 933 2792; x_wconf 84' lang='lat' dir='ltr'><strong>plne,</strong></span> <span class='ocrx_word' id='word_1_169' title='bbox 957 2705 999 2770; x_wconf 90' lang='grc' dir='ltr'><strong>ιδ</strong></span> <span class='ocrx_word' id='word_1_170' title='bbox 1022 2707 1088 2771; x_wconf 80' lang='grc' dir='ltr'><strong>διο</strong></span> <span class='ocrx_word' id='word_1_171' title='bbox 1109 2709 1211 2792; x_wconf 76' lang='lat' dir='ltr'><strong>pin03</strong></span> <span class='ocrx_word' id='word_1_172' title='bbox 1238 2721 1272 2770; x_wconf 90' lang='lat' dir='ltr'><strong>et</strong></span> <span class='ocrx_word' id='word_1_173' title='bbox 1292 2707 1473 2792; x_wconf 79' lang='lat' dir='ltr'><strong>pluraliter</strong></span> <span class='ocrx_word' id='word_1_174' title='bbox 1491 2725 1585 2770; x_wconf 88' lang='lat' dir='ltr'><strong>nom.</strong></span> <span class='ocrx_word' id='word_1_175' title='bbox 1608 2704 1673 2767; x_wconf 90' lang='lat' dir='ltr'><strong>hae</strong></span> <span class='ocrx_word' id='word_1_176' title='bbox 1687 2704 1776 2788; x_wconf 89' lang='lat' dir='ltr'><strong>pini,</strong></span> <span class='ocrx_word' id='word_1_177' title='bbox 1801 2703 1870 2766; x_wconf 90' lang='grc' dir='ltr'><strong>δι-</strong></span> 
     </span>
     <span class='ocr_line' id='line_1_20' title="bbox 393 2801 1514 2894; baseline 0.011 -36"><span class='ocrx_word' id='word_1_178' title='bbox 393 2815 470 2859; x_wconf 90' lang='lat' dir='ltr'><strong>rum</strong></span> <span class='ocrx_word' id='word_1_179' title='bbox 492 2801 670 2884; x_wconf 84' lang='lat' dir='ltr'><strong>pinorum,</strong></span> <span class='ocrx_word' id='word_1_180' title='bbox 693 2805 746 2866; x_wconf 91' lang='lat' dir='ltr'><strong>his</strong></span> <span class='ocrx_word' id='word_1_181' title='bbox 768 2807 871 2890; x_wconf 88' lang='lat' dir='ltr'><strong>pinis,</strong></span> <span class='ocrx_word' id='word_1_182' title='bbox 895 2811 956 2872; x_wconf 91' lang='lat' dir='ltr'><strong>has</strong></span> <span class='ocrx_word' id='word_1_183' title='bbox 978 2810 1092 2894; x_wconf 88' lang='lat' dir='ltr'><strong>pinos,</strong></span> <span class='ocrx_word' id='word_1_184' title='bbox 1116 2829 1137 2872; x_wconf 94' lang='grc' dir='ltr'><strong>ο</strong></span> <span class='ocrx_word' id='word_1_185' title='bbox 1159 2811 1246 2894; x_wconf 92' lang='lat' dir='ltr'><strong>pini,</strong></span> <span class='ocrx_word' id='word_1_186' title='bbox 1271 2807 1314 2870; x_wconf 92' lang='lat' dir='ltr'><strong>ab</strong></span> <span class='ocrx_word' id='word_1_187' title='bbox 1337 2810 1390 2872; x_wconf 92' lang='lat' dir='ltr'><strong>his</strong></span> <span class='ocrx_word' id='word_1_188' title='bbox 1411 2808 1514 2893; x_wconf 91' lang='lat' dir='ltr'><strong>pinis.</strong></span> 
     </span>
    </p>

    <p class='ocr_par' dir='ltr' id='par_1_10' title="bbox 391 2897 1868 3206">
     <span class='ocr_line' id='line_1_21' title="bbox 480 2897 1868 2995; baseline 0.005 -34"><span class='ocrx_word' id='word_1_189' title='bbox 480 2897 660 2966; x_wconf 78' lang='lat' dir='ltr'><strong>Generis</strong></span> <span class='ocrx_word' id='word_1_190' title='bbox 681 2909 833 2972; x_wconf 87' lang='lat' dir='ltr'><strong>neutri.</strong></span> <span class='ocrx_word' id='word_1_191' title='bbox 856 2909 1002 2972; x_wconf 89' lang='lat' dir='ltr'><strong>Numeri</strong></span> <span class='ocrx_word' id='word_1_192' title='bbox 1019 2910 1202 2995; x_wconf 88' lang='lat' dir='ltr'><strong>singularis</strong></span> <span class='ocrx_word' id='word_1_193' title='bbox 1219 2912 1286 2973; x_wconf 92' lang='lat' dir='ltr'><strong>hoc</strong></span> <span class='ocrx_word' id='word_1_194' title='bbox 1299 2909 1479 2995; x_wconf 88' lang='lat' dir='ltr'><strong>templum,</strong></span> <span class='ocrx_word' id='word_1_195' title='bbox 1503 2909 1604 2972; x_wconf 84' lang='lat' dir='ltr'><strong>huius</strong></span> <span class='ocrx_word' id='word_1_196' title='bbox 1620 2905 1755 2991; x_wconf 91' lang='lat' dir='ltr'><strong>templi,</strong></span> <span class='ocrx_word' id='word_1_197' title='bbox 1778 2905 1868 2968; x_wconf 87' lang='lat' dir='ltr'><strong>huic</strong></span> 
     </span>
     <span class='ocr_line' id='line_1_22' title="bbox 391 3001 1866 3097; baseline 0.005 -33"><span class='ocrx_word' id='word_1_198' title='bbox 391 3001 535 3085; x_wconf 90' lang='lat' dir='ltr'><strong>templo,</strong></span> <span class='ocrx_word' id='word_1_199' title='bbox 559 3004 626 3068; x_wconf 92' lang='lat' dir='ltr'><strong>hoc</strong></span> <span class='ocrx_word' id='word_1_200' title='bbox 636 3007 815 3092; x_wconf 85' lang='lat' dir='ltr'><strong>templum,</strong></span> <span class='ocrx_word' id='word_1_201' title='bbox 832 3011 1047 3096; x_wconf 85' lang='lat' dir='ltr'><strong>otemplnm,</strong></span> <span class='ocrx_word' id='word_1_202' title='bbox 1070 3011 1113 3076; x_wconf 88' lang='lat' dir='ltr'><strong>ab</strong></span> <span class='ocrx_word' id='word_1_203' title='bbox 1129 3013 1198 3076; x_wconf 91' lang='lat' dir='ltr'><strong>hoc</strong></span> <span class='ocrx_word' id='word_1_204' title='bbox 1213 3011 1362 3097; x_wconf 88' lang='lat' dir='ltr'><strong>templo;</strong></span> <span class='ocrx_word' id='word_1_205' title='bbox 1385 3023 1419 3074; x_wconf 90' lang='lat' dir='ltr'><strong>et</strong></span> <span class='ocrx_word' id='word_1_206' title='bbox 1428 3010 1610 3096; x_wconf 89' lang='lat' dir='ltr'><strong>pluraliter</strong></span> <span class='ocrx_word' id='word_1_207' title='bbox 1624 3011 1710 3073; x_wconf 90' lang='lat' dir='ltr'><strong>haec</strong></span> <span class='ocrx_word' id='word_1_208' title='bbox 1718 3006 1866 3093; x_wconf 87' lang='lat' dir='ltr'><strong>templa,</strong></span> 
     </span>
     <span class='ocr_line' id='line_1_23' title="bbox 391 3103 1817 3206; baseline 0.006 -42"><span class='ocrx_word' id='word_1_209' title='bbox 391 3103 516 3168; x_wconf 88' lang='lat' dir='ltr'><strong>horum</strong></span> <span class='ocrx_word' id='word_1_210' title='bbox 539 3106 767 3193; x_wconf 86' lang='lat' dir='ltr'><strong>templorum,</strong></span> <span class='ocrx_word' id='word_1_211' title='bbox 789 3112 843 3176; x_wconf 91' lang='lat' dir='ltr'><strong>his</strong></span> <span class='ocrx_word' id='word_1_212' title='bbox 863 3113 1024 3206; x_wconf 77' lang='lat' dir='ltr'><strong>templis,</strong></span> <span class='ocrx_word' id='word_1_213' title='bbox 1046 3115 1132 3178; x_wconf 87' lang='lat' dir='ltr'><strong>haec</strong></span> <span class='ocrx_word' id='word_1_214' title='bbox 1153 3113 1294 3201; x_wconf 84' lang='lat' dir='ltr'><strong>templa,</strong></span> <span class='ocrx_word' id='word_1_215' title='bbox 1318 3134 1339 3177; x_wconf 94' lang='lat' dir='ltr'><strong>o</strong></span> <span class='ocrx_word' id='word_1_216' title='bbox 1363 3113 1503 3200; x_wconf 89' lang='lat' dir='ltr'><strong>templa,</strong></span> <span class='ocrx_word' id='word_1_217' title='bbox 1526 3113 1569 3176; x_wconf 90' lang='lat' dir='ltr'><strong>ab</strong></span> <span class='ocrx_word' id='word_1_218' title='bbox 1592 3112 1646 3176; x_wconf 89' lang='lat' dir='ltr'><strong>his</strong></span> <span class='ocrx_word' id='word_1_219' title='bbox 1668 3109 1817 3196; x_wconf 86' lang='lat' dir='ltr'><strong>templis.</strong></span> 
     </span>
    </p>
   </div>
   <div class='ocr_carea' id='block_1_7' title="bbox 785 3339 1456 3414">
    <p class='ocr_par' dir='ltr' id='par_1_11' title="bbox 785 3339 1456 3414">
     <span class='ocr_line' id='line_1_24' title="bbox 785 3339 1456 3414; baseline -0.001 0"><span class='ocrx_word' id='word_1_220' title='bbox 785 3345 1144 3414; x_wconf 76' lang='lat' dir='ltr'><strong>&#39;f5.Formac</strong></span> <span class='ocrx_word' id='word_1_221' title='bbox 1197 3339 1456 3414; x_wconf 82' lang='lat' dir='ltr'><strong>tertiae.</strong></span> 
     </span>
    </p>
   </div>
   <div class='ocr_carea' id='block_1_8' title="bbox 382 3495 1866 4801">
    <p class='ocr_par' dir='ltr' id='par_1_12' title="bbox 387 3495 1863 3790">
     <span class='ocr_line' id='line_1_25' title="bbox 475 3495 1863 3586; baseline 0.001 -26"><span class='ocrx_word' id='word_1_222' title='bbox 475 3495 664 3562; x_wconf 76' lang='lat' dir='ltr'><strong>Generis</strong></span> <span class='ocrx_word' id='word_1_223' title='bbox 690 3503 930 3566; x_wconf 88' lang='lat' dir='ltr'><strong>masculini.</strong></span> <span class='ocrx_word' id='word_1_224' title='bbox 947 3504 1051 3568; x_wconf 90' lang='lat' dir='ltr'><strong>Nom.</strong></span> <span class='ocrx_word' id='word_1_225' title='bbox 1074 3503 1132 3567; x_wconf 89' lang='lat' dir='ltr'><strong>hic</strong></span> <span class='ocrx_word' id='word_1_226' title='bbox 1149 3505 1175 3586; x_wconf 87' lang='lat'><strong>¹)</strong></span> <span class='ocrx_word' id='word_1_227' title='bbox 1197 3523 1278 3577; x_wconf 84' lang='lat' dir='ltr'><strong>rex,</strong></span> <span class='ocrx_word' id='word_1_228' title='bbox 1300 3503 1403 3566; x_wconf 85' lang='lat' dir='ltr'><strong>huius</strong></span> <span class='ocrx_word' id='word_1_229' title='bbox 1425 3502 1528 3586; x_wconf 86' lang='lat' dir='ltr'><strong>regis,</strong></span> <span class='ocrx_word' id='word_1_230' title='bbox 1552 3501 1634 3564; x_wconf 87' lang='lat' dir='ltr'><strong>huic</strong></span> <span class='ocrx_word' id='word_1_231' title='bbox 1656 3498 1742 3582; x_wconf 89' lang='lat' dir='ltr'><strong>regi,</strong></span> <span class='ocrx_word' id='word_1_232' title='bbox 1764 3499 1863 3562; x_wconf 78' lang='lat' dir='ltr'><strong>laune</strong></span> 
     </span>
     <span class='ocr_line' id='line_1_26' title="bbox 387 3603 1862 3692; baseline -0.003 -26"><span class='ocrx_word' id='word_1_233' title='bbox 387 3617 523 3683; x_wconf 80' lang='lat' dir='ltr'><strong>regem,</strong></span> <span class='ocrx_word' id='word_1_234' title='bbox 555 3621 577 3692; x_wconf 88' lang='lat' dir='ltr'><strong>o</strong></span> <span class='ocrx_word' id='word_1_235' title='bbox 605 3623 686 3678; x_wconf 88' lang='lat' dir='ltr'><strong>rex,</strong></span> <span class='ocrx_word' id='word_1_236' title='bbox 716 3603 759 3667; x_wconf 88' lang='grc' dir='ltr'>ιδ</span> <span class='ocrx_word' id='word_1_237' title='bbox 782 3607 849 3670; x_wconf 89' lang='lat' dir='ltr'><strong>hoc</strong></span> <span class='ocrx_word' id='word_1_238' title='bbox 871 3627 970 3690; x_wconf 88' lang='lat' dir='ltr'><strong>rege;</strong></span> <span class='ocrx_word' id='word_1_239' title='bbox 999 3619 1033 3670; x_wconf 91' lang='lat' dir='ltr'><strong>et</strong></span> <span class='ocrx_word' id='word_1_240' title='bbox 1053 3605 1236 3691; x_wconf 86' lang='lat' dir='ltr'><strong>pluraliter</strong></span> <span class='ocrx_word' id='word_1_241' title='bbox 1256 3625 1351 3669; x_wconf 87' lang='lat' dir='ltr'><strong>nom.</strong></span> <span class='ocrx_word' id='word_1_242' title='bbox 1373 3605 1411 3668; x_wconf 88' lang='lat' dir='ltr'><strong>hi</strong></span> <span class='ocrx_word' id='word_1_243' title='bbox 1434 3623 1544 3688; x_wconf 86' lang='lat' dir='ltr'><strong>reges,</strong></span> <span class='ocrx_word' id='word_1_244' title='bbox 1566 3605 1692 3668; x_wconf 78' lang='lat' dir='ltr'><strong>honam</strong></span> <span class='ocrx_word' id='word_1_245' title='bbox 1716 3619 1862 3684; x_wconf 89' lang='lat' dir='ltr'><strong>regum,</strong></span> 
     </span>
     <span class='ocr_line' id='line_1_27' title="bbox 387 3701 1328 3790; baseline 0.007 -27"><span class='ocrx_word' id='word_1_246' title='bbox 387 3701 441 3764; x_wconf 89' lang='lat' dir='ltr'><strong>his</strong></span> <span class='ocrx_word' id='word_1_247' title='bbox 464 3701 614 3786; x_wconf 88' lang='lat' dir='ltr'><strong>regibus,</strong></span> <span class='ocrx_word' id='word_1_248' title='bbox 638 3707 701 3768; x_wconf 92' lang='lat' dir='ltr'><strong>hos</strong></span> <span class='ocrx_word' id='word_1_249' title='bbox 725 3727 834 3788; x_wconf 83' lang='lat' dir='ltr'><strong>reges,</strong></span> <span class='ocrx_word' id='word_1_250' title='bbox 858 3729 879 3770; x_wconf 92' lang='lat' dir='ltr'><strong>o</strong></span> <span class='ocrx_word' id='word_1_251' title='bbox 903 3729 1012 3790; x_wconf 88' lang='lat' dir='ltr'><strong>reges,</strong></span> <span class='ocrx_word' id='word_1_252' title='bbox 1036 3707 1079 3770; x_wconf 90' lang='lat' dir='ltr'><strong>ab</strong></span> <span class='ocrx_word' id='word_1_253' title='bbox 1103 3709 1157 3770; x_wconf 86' lang='lat' dir='ltr'><strong>his</strong></span> <span class='ocrx_word' id='word_1_254' title='bbox 1179 3706 1328 3788; x_wconf 90' lang='lat' dir='ltr'><strong>regibus.</strong></span> 
     </span>
    </p>

    <p class='ocr_par' dir='ltr' id='par_1_13' title="bbox 386 3803 1863 4094">
     <span class='ocr_line' id='line_1_28' title="bbox 473 3803 1863 3891; baseline -0.001 -25"><span class='ocrx_word' id='word_1_255' title='bbox 473 3803 663 3867; x_wconf 87' lang='lat' dir='ltr'><strong>Generis</strong></span> <span class='ocrx_word' id='word_1_256' title='bbox 686 3805 894 3872; x_wconf 83' lang='lat' dir='ltr'><strong>feminini.</strong></span> <span class='ocrx_word' id='word_1_257' title='bbox 917 3809 1063 3872; x_wconf 89' lang='lat' dir='ltr'><strong>Numeri</strong></span> <span class='ocrx_word' id='word_1_258' title='bbox 1085 3808 1268 3891; x_wconf 71' lang='lat' dir='ltr'><strong>singularia</strong></span> <span class='ocrx_word' id='word_1_259' title='bbox 1284 3810 1370 3871; x_wconf 86' lang='lat' dir='ltr'><strong>haec</strong></span> <span class='ocrx_word' id='word_1_260' title='bbox 1392 3805 1483 3882; x_wconf 86' lang='lat' dir='ltr'><strong>frux,</strong></span> <span class='ocrx_word' id='word_1_261' title='bbox 1507 3807 1608 3870; x_wconf 76' lang='lat' dir='ltr'><strong>leuius</strong></span> <span class='ocrx_word' id='word_1_262' title='bbox 1630 3803 1750 3888; x_wconf 86' lang='lat' dir='ltr'><strong>frugis,</strong></span> <span class='ocrx_word' id='word_1_263' title='bbox 1772 3804 1863 3866; x_wconf 90' lang='lat' dir='ltr'><strong>huic</strong></span> 
     </span>
     <span class='ocr_line' id='line_1_29' title="bbox 386 3901 1862 3994; baseline 0.003 -30"><span class='ocrx_word' id='word_1_264' title='bbox 386 3901 488 3986; x_wconf 80' lang='lat' dir='ltr'><strong>frugi,</strong></span> <span class='ocrx_word' id='word_1_265' title='bbox 513 3907 602 3967; x_wconf 89' lang='lat' dir='ltr'><strong>hanc</strong></span> <span class='ocrx_word' id='word_1_266' title='bbox 624 3905 769 3989; x_wconf 88' lang='lat' dir='ltr'><strong>frugem,</strong></span> <span class='ocrx_word' id='word_1_267' title='bbox 793 3929 814 3972; x_wconf 94' lang='grc' dir='ltr'><strong>ο</strong></span> <span class='ocrx_word' id='word_1_268' title='bbox 838 3910 929 3986; x_wconf 89' lang='lat' dir='ltr'><strong>frux,</strong></span> <span class='ocrx_word' id='word_1_269' title='bbox 953 3911 996 3974; x_wconf 93' lang='grc' dir='ltr'>ιδ</span> <span class='ocrx_word' id='word_1_270' title='bbox 1020 3912 1084 3973; x_wconf 92' lang='lat' dir='ltr'><strong>hac</strong></span> <span class='ocrx_word' id='word_1_271' title='bbox 1106 3909 1221 3993; x_wconf 85' lang='lat' dir='ltr'><strong>fruge;</strong></span> <span class='ocrx_word' id='word_1_272' title='bbox 1245 3922 1279 3974; x_wconf 91' lang='lat' dir='ltr'><strong>et</strong></span> <span class='ocrx_word' id='word_1_273' title='bbox 1300 3909 1482 3994; x_wconf 86' lang='lat' dir='ltr'><strong>pluraliter</strong></span> <span class='ocrx_word' id='word_1_274' title='bbox 1494 3911 1558 3972; x_wconf 89' lang='lat' dir='ltr'><strong>hae</strong></span> <span class='ocrx_word' id='word_1_275' title='bbox 1581 3907 1709 3992; x_wconf 84' lang='lat' dir='ltr'><strong>fruges,</strong></span> <span class='ocrx_word' id='word_1_276' title='bbox 1732 3906 1862 3970; x_wconf 82' lang='lat' dir='ltr'><strong>irarum</strong></span> 
     </span>
     <span class='ocr_line' id='line_1_30' title="bbox 386 4003 1618 4094; baseline 0.006 -29"><span class='ocrx_word' id='word_1_277' title='bbox 386 4003 524 4087; x_wconf 84' lang='lat' dir='ltr'><strong>frugum</strong></span> <span class='ocrx_word' id='word_1_278' title='bbox 540 4007 583 4088; x_wconf 88' lang='lat'><strong>²),</strong></span> <span class='ocrx_word' id='word_1_279' title='bbox 607 4007 660 4069; x_wconf 88' lang='lat' dir='ltr'><strong>his</strong></span> <span class='ocrx_word' id='word_1_280' title='bbox 683 4007 855 4092; x_wconf 83' lang='lat' dir='ltr'><strong>frugibus,</strong></span> <span class='ocrx_word' id='word_1_281' title='bbox 879 4013 939 4074; x_wconf 89' lang='lat' dir='ltr'><strong>has</strong></span> <span class='ocrx_word' id='word_1_282' title='bbox 963 4012 1090 4094; x_wconf 88' lang='lat' dir='ltr'><strong>fruges,</strong></span> <span class='ocrx_word' id='word_1_283' title='bbox 1114 4033 1135 4075; x_wconf 93' lang='lat' dir='ltr'><strong>o</strong></span> <span class='ocrx_word' id='word_1_284' title='bbox 1159 4013 1285 4094; x_wconf 90' lang='lat' dir='ltr'><strong>fruges,</strong></span> <span class='ocrx_word' id='word_1_285' title='bbox 1309 4011 1352 4074; x_wconf 91' lang='lat' dir='ltr'><strong>ab</strong></span> <span class='ocrx_word' id='word_1_286' title='bbox 1375 4012 1428 4073; x_wconf 91' lang='lat' dir='ltr'><strong>his</strong></span> <span class='ocrx_word' id='word_1_287' title='bbox 1452 4009 1618 4094; x_wconf 75' lang='lat' dir='ltr'><strong>frugibus.</strong></span> 
     </span>
    </p>

    <p class='ocr_par' dir='ltr' id='par_1_14' title="bbox 385 4105 1865 4402">
     <span class='ocr_line' id='line_1_31' title="bbox 473 4105 1865 4196; baseline 0.002 -28"><span class='ocrx_word' id='word_1_288' title='bbox 473 4105 653 4172; x_wconf 82' lang='lat' dir='ltr'><strong>Generis</strong></span> <span class='ocrx_word' id='word_1_289' title='bbox 675 4113 832 4176; x_wconf 89' lang='lat' dir='ltr'><strong>neutri.</strong></span> <span class='ocrx_word' id='word_1_290' title='bbox 854 4112 1002 4177; x_wconf 87' lang='lat' dir='ltr'><strong>Numeri</strong></span> <span class='ocrx_word' id='word_1_291' title='bbox 1015 4107 1043 4194; x_wconf 81' lang='lat'><strong>³)</strong></span> <span class='ocrx_word' id='word_1_292' title='bbox 1065 4113 1259 4196; x_wconf 85' lang='lat' dir='ltr'><strong>singularis,</strong></span> <span class='ocrx_word' id='word_1_293' title='bbox 1283 4132 1377 4178; x_wconf 90' lang='lat' dir='ltr'><strong>nom.</strong></span> <span class='ocrx_word' id='word_1_294' title='bbox 1396 4115 1464 4176; x_wconf 88' lang='lat' dir='ltr'><strong>hoc</strong></span> <span class='ocrx_word' id='word_1_295' title='bbox 1486 4132 1585 4196; x_wconf 91' lang='lat' dir='ltr'><strong>opus,</strong></span> <span class='ocrx_word' id='word_1_296' title='bbox 1608 4111 1709 4173; x_wconf 87' lang='lat' dir='ltr'><strong>huius</strong></span> <span class='ocrx_word' id='word_1_297' title='bbox 1727 4109 1865 4193; x_wconf 88' lang='lat' dir='ltr'><strong>operis,</strong></span> 
     </span>
     <span class='ocr_line' id='line_1_32' title="bbox 385 4208 1864 4300; baseline 0.003 -31"><span class='ocrx_word' id='word_1_298' title='bbox 385 4208 467 4270; x_wconf 89' lang='lat' dir='ltr'><strong>huic</strong></span> <span class='ocrx_word' id='word_1_299' title='bbox 490 4210 599 4292; x_wconf 90' lang='lat' dir='ltr'><strong>operi,</strong></span> <span class='ocrx_word' id='word_1_300' title='bbox 623 4212 690 4272; x_wconf 92' lang='lat' dir='ltr'><strong>hoc</strong></span> <span class='ocrx_word' id='word_1_301' title='bbox 714 4231 812 4296; x_wconf 89' lang='lat' dir='ltr'><strong>opus,</strong></span> <span class='ocrx_word' id='word_1_302' title='bbox 837 4234 857 4276; x_wconf 94' lang='lat' dir='ltr'><strong>o</strong></span> <span class='ocrx_word' id='word_1_303' title='bbox 881 4234 980 4299; x_wconf 88' lang='lat' dir='ltr'><strong>opus,</strong></span> <span class='ocrx_word' id='word_1_304' title='bbox 1005 4214 1133 4277; x_wconf 86' lang='lat' dir='ltr'><strong>abhoc</strong></span> <span class='ocrx_word' id='word_1_305' title='bbox 1155 4235 1280 4300; x_wconf 78' lang='lat' dir='ltr'><strong>opere3</strong></span> <span class='ocrx_word' id='word_1_306' title='bbox 1303 4227 1337 4278; x_wconf 90' lang='lat' dir='ltr'><strong>et</strong></span> <span class='ocrx_word' id='word_1_307' title='bbox 1353 4214 1534 4300; x_wconf 90' lang='lat' dir='ltr'><strong>pluraliter</strong></span> <span class='ocrx_word' id='word_1_308' title='bbox 1555 4215 1641 4277; x_wconf 88' lang='lat' dir='ltr'><strong>haec</strong></span> <span class='ocrx_word' id='word_1_309' title='bbox 1656 4231 1774 4296; x_wconf 87' lang='lat' dir='ltr'><strong>opera,</strong></span> <span class='ocrx_word' id='word_1_310' title='bbox 1791 4211 1864 4274; x_wconf 88' lang='lat' dir='ltr'><strong>ho-</strong></span> 
     </span>
     <span class='ocr_line' id='line_1_33' title="bbox 385 4313 1706 4402; baseline 0.005 -30"><span class='ocrx_word' id='word_1_311' title='bbox 385 4329 462 4373; x_wconf 84' lang='lat' dir='ltr'><strong>rum</strong></span> <span class='ocrx_word' id='word_1_312' title='bbox 485 4329 644 4394; x_wconf 88' lang='lat' dir='ltr'><strong>operum,</strong></span> <span class='ocrx_word' id='word_1_313' title='bbox 666 4313 719 4376; x_wconf 91' lang='lat' dir='ltr'><strong>his</strong></span> <span class='ocrx_word' id='word_1_314' title='bbox 743 4314 923 4398; x_wconf 90' lang='lat' dir='ltr'><strong>operibus,</strong></span> <span class='ocrx_word' id='word_1_315' title='bbox 946 4317 1031 4380; x_wconf 86' lang='lat' dir='ltr'><strong>haec</strong></span> <span class='ocrx_word' id='word_1_316' title='bbox 1054 4335 1173 4402; x_wconf 87' lang='lat' dir='ltr'><strong>opera,</strong></span> <span class='ocrx_word' id='word_1_317' title='bbox 1196 4337 1218 4380; x_wconf 92' lang='lat' dir='ltr'><strong>o</strong></span> <span class='ocrx_word' id='word_1_318' title='bbox 1241 4337 1365 4401; x_wconf 91' lang='lat' dir='ltr'><strong>opera,</strong></span> <span class='ocrx_word' id='word_1_319' title='bbox 1388 4315 1432 4380; x_wconf 92' lang='lat' dir='ltr'><strong>ab</strong></span> <span class='ocrx_word' id='word_1_320' title='bbox 1455 4317 1508 4379; x_wconf 91' lang='lat' dir='ltr'><strong>his</strong></span> <span class='ocrx_word' id='word_1_321' title='bbox 1531 4313 1706 4400; x_wconf 86' lang='lat' dir='ltr'><strong>operibus.</strong></span> 
     </span>
    </p>

    <p class='ocr_par' dir='ltr' id='par_1_15' title="bbox 382 4411 1866 4801">
     <span class='ocr_line' id='line_1_34' title="bbox 471 4411 1865 4495; baseline 0.002 -20"><span class='ocrx_word' id='word_1_322' title='bbox 471 4411 652 4478; x_wconf 88' lang='lat' dir='ltr'><strong>Generis</strong></span> <span class='ocrx_word' id='word_1_323' title='bbox 683 4418 932 4481; x_wconf 87' lang='lat' dir='ltr'><strong>communis.</strong></span> <span class='ocrx_word' id='word_1_324' title='bbox 960 4417 1027 4480; x_wconf 86' lang='lat' dir='ltr'><strong>Hic</strong></span> <span class='ocrx_word' id='word_1_325' title='bbox 1049 4420 1190 4482; x_wconf 82' lang='lat' dir='ltr'><strong>ethaeo</strong></span> <span class='ocrx_word' id='word_1_326' title='bbox 1212 4418 1392 4495; x_wconf 81' lang='lat' dir='ltr'><strong>sacerdos,</strong></span> <span class='ocrx_word' id='word_1_327' title='bbox 1420 4419 1521 4480; x_wconf 90' lang='lat' dir='ltr'><strong>huius</strong></span> <span class='ocrx_word' id='word_1_328' title='bbox 1544 4415 1751 4490; x_wconf 88' lang='lat' dir='ltr'><strong>sacerdotis,</strong></span> <span class='ocrx_word' id='word_1_329' title='bbox 1773 4413 1865 4478; x_wconf 90' lang='lat' dir='ltr'><strong>huic</strong></span> 
     </span>
     <span class='ocr_line' id='line_1_35' title="bbox 384 4515 1866 4595; baseline 0.003 -19"><span class='ocrx_word' id='word_1_330' title='bbox 384 4515 565 4592; x_wconf 83' lang='lat' dir='ltr'><strong>sacerdoti,</strong></span> <span class='ocrx_word' id='word_1_331' title='bbox 589 4518 681 4579; x_wconf 88' lang='lat' dir='ltr'><strong>huuc</strong></span> <span class='ocrx_word' id='word_1_332' title='bbox 704 4529 738 4580; x_wconf 90' lang='lat' dir='ltr'><strong>et</strong></span> <span class='ocrx_word' id='word_1_333' title='bbox 760 4521 849 4581; x_wconf 89' lang='lat' dir='ltr'><strong>hanc</strong></span> <span class='ocrx_word' id='word_1_334' title='bbox 871 4519 1099 4594; x_wconf 88' lang='lat' dir='ltr'><strong>sacerdotem,</strong></span> <span class='ocrx_word' id='word_1_335' title='bbox 1123 4540 1144 4584; x_wconf 92' lang='lat' dir='ltr'><strong>o</strong></span> <span class='ocrx_word' id='word_1_336' title='bbox 1168 4519 1345 4595; x_wconf 87' lang='lat' dir='ltr'><strong>sacerdos,</strong></span> <span class='ocrx_word' id='word_1_337' title='bbox 1375 4518 1418 4582; x_wconf 90' lang='grc' dir='ltr'>ιδ</span> <span class='ocrx_word' id='word_1_338' title='bbox 1441 4519 1509 4583; x_wconf 89' lang='lat' dir='ltr'><strong>hoc</strong></span> <span class='ocrx_word' id='word_1_339' title='bbox 1532 4533 1566 4582; x_wconf 91' lang='lat' dir='ltr'><strong>et</strong></span> <span class='ocrx_word' id='word_1_340' title='bbox 1588 4517 1631 4582; x_wconf 90' lang='grc' dir='ltr'><strong>ιδ</strong></span> <span class='ocrx_word' id='word_1_341' title='bbox 1653 4519 1718 4580; x_wconf 81' lang='grc' dir='ltr'><strong>διο</strong></span> <span class='ocrx_word' id='word_1_342' title='bbox 1741 4535 1866 4580; x_wconf 82' lang='lat' dir='ltr'><strong>sacer-</strong></span> 
     </span>
     <span class='ocr_line' id='line_1_36' title="bbox 382 4613 1864 4712; baseline 0.001 -35"><span class='ocrx_word' id='word_1_343' title='bbox 382 4617 480 4692; x_wconf 82' lang='lat' dir='ltr'><strong>dole3</strong></span> <span class='ocrx_word' id='word_1_344' title='bbox 510 4629 544 4680; x_wconf 89' lang='lat' dir='ltr'><strong>ct</strong></span> <span class='ocrx_word' id='word_1_345' title='bbox 566 4619 747 4703; x_wconf 88' lang='lat' dir='ltr'><strong>pluraliter</strong></span> <span class='ocrx_word' id='word_1_346' title='bbox 768 4621 804 4682; x_wconf 92' lang='lat' dir='ltr'><strong>hi</strong></span> <span class='ocrx_word' id='word_1_347' title='bbox 827 4632 861 4682; x_wconf 91' lang='lat' dir='ltr'><strong>et</strong></span> <span class='ocrx_word' id='word_1_348' title='bbox 883 4623 947 4683; x_wconf 88' lang='lat' dir='ltr'><strong>hae</strong></span> <span class='ocrx_word' id='word_1_349' title='bbox 966 4613 992 4702; x_wconf 83' lang='lat'><strong>&#39;¹)</strong></span> <span class='ocrx_word' id='word_1_350' title='bbox 1012 4621 1230 4712; x_wconf 70' lang='lat' dir='ltr'><strong>sacerdotes,</strong></span> <span class='ocrx_word' id='word_1_351' title='bbox 1263 4623 1388 4684; x_wconf 89' lang='lat' dir='ltr'><strong>horum</strong></span> <span class='ocrx_word' id='word_1_352' title='bbox 1419 4633 1452 4684; x_wconf 90' lang='lat' dir='ltr'><strong>et</strong></span> <span class='ocrx_word' id='word_1_353' title='bbox 1475 4623 1596 4683; x_wconf 89' lang='lat' dir='ltr'><strong>harum</strong></span> <span class='ocrx_word' id='word_1_354' title='bbox 1623 4619 1864 4694; x_wconf 87' lang='lat' dir='ltr'><strong>sacerdotum,</strong></span> 
     </span>
     <span class='ocr_line' id='line_1_37' title="bbox 383 4717 1863 4801; baseline 0.003 -23"><span class='ocrx_word' id='word_1_355' title='bbox 383 4717 435 4780; x_wconf 89' lang='lat' dir='ltr'><strong>his</strong></span> <span class='ocrx_word' id='word_1_356' title='bbox 458 4721 706 4798; x_wconf 87' lang='lat' dir='ltr'><strong>sacerdotibus,</strong></span> <span class='ocrx_word' id='word_1_357' title='bbox 729 4723 793 4784; x_wconf 90' lang='lat' dir='ltr'><strong>hos</strong></span> <span class='ocrx_word' id='word_1_358' title='bbox 817 4735 850 4786; x_wconf 86' lang='lat' dir='ltr'><strong>et</strong></span> <span class='ocrx_word' id='word_1_359' title='bbox 873 4725 935 4787; x_wconf 88' lang='lat' dir='ltr'><strong>has</strong></span> <span class='ocrx_word' id='word_1_360' title='bbox 958 4722 1165 4801; x_wconf 88' lang='lat' dir='ltr'><strong>sacerdotes,</strong></span> <span class='ocrx_word' id='word_1_361' title='bbox 1189 4745 1210 4789; x_wconf 93' lang='lat' dir='ltr'><strong>o</strong></span> <span class='ocrx_word' id='word_1_362' title='bbox 1234 4723 1440 4798; x_wconf 88' lang='lat' dir='ltr'><strong>sacerdotes,</strong></span> <span class='ocrx_word' id='word_1_363' title='bbox 1464 4723 1583 4787; x_wconf 89' lang='lat' dir='ltr'><strong>abhis</strong></span> <span class='ocrx_word' id='word_1_364' title='bbox 1607 4719 1863 4786; x_wconf 84' lang='lat' dir='ltr'><strong>sacerdotibus.</strong></span> 
     </span>
    </p>
   </div>
   <div class='ocr_carea' id='block_1_9' title="bbox 386 4907 1868 4932">
    <p class='ocr_par' dir='ltr' id='par_1_16' title="bbox 386 4907 1868 4932">
     <span class='ocr_line' id='line_1_38' title="bbox 386 4907 1868 4932; baseline 0.003 -7"><span class='ocrx_word' id='word_1_365' title='bbox 386 4907 519 4918; x_wconf 75' lang='grc'><strong>““·““““’““·““““</strong></span> <span class='ocrx_word' id='word_1_366' title='bbox 562 4913 692 4926; x_wconf 52' lang='lat' dir='ltr'>--n———ffl</span> <span class='ocrx_word' id='word_1_367' title='bbox 716 4921 928 4928; x_wconf 45' lang='grc' dir='ltr'><strong>-..ψ-...ΒΨ-</strong></span> <span class='ocrx_word' id='word_1_368' title='bbox 943 4923 950 4930; x_wconf 79' lang='grc'><em>,</em></span> <span class='ocrx_word' id='word_1_369' title='bbox 987 4923 993 4930; x_wconf 90' lang='grc'><strong>.</strong></span> <span class='ocrx_word' id='word_1_370' title='bbox 1028 4921 1222 4930; x_wconf 48' lang='grc' dir='ltr'>-..ψ-...-</span> <span class='ocrx_word' id='word_1_371' title='bbox 1240 4921 1409 4930; x_wconf 72' lang='grc'><em>-..,..-,..</em></span> <span class='ocrx_word' id='word_1_372' title='bbox 1427 4919 1459 4928; x_wconf 61' lang='lat'><strong>⁴.-</strong></span> <span class='ocrx_word' id='word_1_373' title='bbox 1482 4919 1585 4928; x_wconf 74' lang='lat'><strong>-.-—·.</strong></span> <span class='ocrx_word' id='word_1_374' title='bbox 1617 4919 1868 4932; x_wconf 67' lang='lat'><strong>-----—..‚</strong></span> 
     </span>
    </p>
   </div>
   <div class='ocr_carea' id='block_1_10' title="bbox 430 5033 1866 5204">
    <p class='ocr_par' dir='ltr' id='par_1_17' title="bbox 430 5033 1866 5204">
     <span class='ocr_line' id='line_1_39' title="bbox 430 5033 1866 5118; baseline 0.007 -30"><span class='ocrx_word' id='word_1_375' title='bbox 430 5037 480 5107; x_wconf 79' lang='lat'><strong>¹⁰⁰)</strong></span> <span class='ocrx_word' id='word_1_376' title='bbox 499 5033 574 5090; x_wconf 83' lang='lat' dir='ltr'><strong>hanc</strong></span> <span class='ocrx_word' id='word_1_377' title='bbox 590 5071 626 5084; x_wconf 91' lang='lat'><em>-</em></span> <span class='ocrx_word' id='word_1_378' title='bbox 642 5039 714 5094; x_wconf 80' lang='lat' dir='ltr'><strong>hauc</strong></span> <span class='ocrx_word' id='word_1_379' title='bbox 734 5047 801 5098; x_wconf 72' lang='lat' dir='ltr'><strong>cod</strong></span> <span class='ocrx_word' id='word_1_380' title='bbox 830 5047 855 5118; x_wconf 85' lang='lat'><strong>¹)</strong></span> <span class='ocrx_word' id='word_1_381' title='bbox 882 5043 929 5100; x_wconf 80' lang='lat' dir='ltr'><strong>lric</strong></span> <span class='ocrx_word' id='word_1_382' title='bbox 947 5077 982 5092; x_wconf 89' lang='lat'>-</span> <span class='ocrx_word' id='word_1_383' title='bbox 999 5044 1028 5100; x_wconf 82' lang='lat' dir='ltr'><strong>lsi</strong></span> <span class='ocrx_word' id='word_1_384' title='bbox 1050 5047 1117 5100; x_wconf 83' lang='lat' dir='ltr'><strong>Cod.</strong></span> <span class='ocrx_word' id='word_1_385' title='bbox 1144 5048 1166 5117; x_wconf 80' lang='lat'><strong>⁸)</strong></span> <span class='ocrx_word' id='word_1_386' title='bbox 1190 5047 1298 5118; x_wconf 84' lang='lat' dir='ltr'><strong>frugum</strong></span> <span class='ocrx_word' id='word_1_387' title='bbox 1319 5048 1386 5100; x_wconf 84' lang='lat' dir='ltr'><strong>Cod.</strong></span> <span class='ocrx_word' id='word_1_388' title='bbox 1406 5067 1441 5102; x_wconf 80' lang='lat' dir='ltr'><strong>ea</strong></span> <span class='ocrx_word' id='word_1_389' title='bbox 1460 5065 1510 5102; x_wconf 83' lang='lat' dir='ltr'><strong>rm.</strong></span> <span class='ocrx_word' id='word_1_390' title='bbox 1528 5065 1571 5116; x_wconf 80' lang='lat' dir='ltr'><strong>pr.</strong></span> <span class='ocrx_word' id='word_1_391' title='bbox 1591 5064 1626 5100; x_wconf 87' lang='lat' dir='ltr'><strong>m.</strong></span> <span class='ocrx_word' id='word_1_392' title='bbox 1644 5043 1764 5116; x_wconf 82' lang='lat' dir='ltr'><strong>frugium</strong></span> <span class='ocrx_word' id='word_1_393' title='bbox 1785 5043 1866 5098; x_wconf 73' lang='lat' dir='ltr'><strong>cod.</strong></span> 
     </span>
     <span class='ocr_line' id='line_1_40' title="bbox 490 5126 1412 5204; baseline -0.003 -15"><span class='ocrx_word' id='word_1_394' title='bbox 490 5145 508 5178; x_wconf 71' lang='lat' dir='ltr'>fl</span> <span class='ocrx_word' id='word_1_395' title='bbox 525 5145 567 5199; x_wconf 71' lang='lat' dir='ltr'><strong>pr·</strong></span> <span class='ocrx_word' id='word_1_396' title='bbox 586 5145 621 5184; x_wconf 81' lang='lat' dir='ltr'><strong>m·</strong></span> <span class='ocrx_word' id='word_1_397' title='bbox 648 5126 679 5199; x_wconf 63' lang='lat'><strong>²)‘</strong></span> <span class='ocrx_word' id='word_1_398' title='bbox 694 5129 809 5186; x_wconf 83' lang='lat' dir='ltr'><strong>Numeri</strong></span> <span class='ocrx_word' id='word_1_399' title='bbox 825 5163 862 5178; x_wconf 89' lang='lat'>-</span> <span class='ocrx_word' id='word_1_400' title='bbox 879 5135 985 5190; x_wconf 84' lang='lat' dir='ltr'><strong>numeri</strong></span> <span class='ocrx_word' id='word_1_401' title='bbox 1005 5135 1073 5190; x_wconf 79' lang='lat' dir='ltr'><strong>cod.</strong></span> <span class='ocrx_word' id='word_1_402' title='bbox 1094 5135 1117 5204; x_wconf 81' lang='lat'><strong>⁴)</strong></span> <span class='ocrx_word' id='word_1_403' title='bbox 1136 5132 1185 5190; x_wconf 85' lang='lat' dir='ltr'><strong>irae</strong></span> <span class='ocrx_word' id='word_1_404' title='bbox 1204 5167 1240 5180; x_wconf 92' lang='lat'><em>-</em></span> <span class='ocrx_word' id='word_1_405' title='bbox 1258 5133 1324 5188; x_wconf 79' lang='lat' dir='ltr'><strong>haec</strong></span> <span class='ocrx_word' id='word_1_406' title='bbox 1345 5135 1412 5188; x_wconf 86' lang='lat' dir='ltr'><strong>Cod.</strong></span> 
     </span>
    </p>
   </div>
   <div class='ocr_carea' id='block_1_11' title="bbox 0 0 2016 6068">
    <p class='ocr_par' dir='ltr' id='par_1_18' title="bbox 0 0 2016 6068">
     <span class='ocr_line' id='line_1_41' title="bbox 0 0 2016 6068; baseline 0 4"><span class='ocrx_word' id='word_1_407' title='bbox 0 0 2016 6068; x_wconf 95' lang='lat' dir='ltr'><strong> </strong></span> 
     </span>
    </p>
   </div>
  </div>
 </body>
</html>
