4036 6068
416 503 485 576 aas
889 501 1056 562 rnoet
1094 501 1193 558 ans
1233 499 1428 560 uruca.

417 651 547 730 istud,
577 649 711 728 istud,
743 648 791 714 ab
818 649 924 727 isto:
951 663 986 716 et
1018 649 1218 738 pluraliter:
1249 651 1334 718 ista
1362 661 1397 714 ot
1424 647 1561 715 istaec
1589 638 1649 731 ¹⁸),
1687 645 1892 724 istorum,
1917 649 1919 657 '

417 755 534 830 istis,
558 755 640 819 ista
662 767 695 819 et
718 755 851 818 istaec
870 747 931 836 ἐ’).
954 753 1037 816 ista
1059 767 1093 818 ct
1116 754 1322 836 istaec⁹)‚
1346 751 1395 818 ab
1419 751 1525 816 istis.

500 857 574 922 568.
605 857 643 920 ls
674 875 869 942 pronomen
902 855 1015 918 minus
1046 877 1150 942 quam
1179 857 1331 932 linitum,
1360 853 1498 940 generis
1526 850 1726 928 masculini,
1757 851 1894 934 figurae

415 958 598 1044 simplicis,
622 959 760 1022 numeri
782 957 985 1042 singularis,
1009 977 1107 1022 casus
1130 957 1357 1034 nominativi,
1382 955 1477 1042 quod
1499 953 1732 1022 declinabitur
1753 955 1821 1018 sic:

497 1059 733 1142 uMasoulini
755 1061 928 1144 generis
946 1061 1001 1144 9’).
1024 1059 1170 1123 Numeri
1193 1059 1397 1145 singularis:
1421 1059 1471 1136 is,
1496 1059 1604 1135 eius,
1628 1058 1681 1133 ei,
1706 1077 1809 1132 euna,
1833 1057 1891 1132 is,

414 1162 463 1227 ab
487 1181 551 1238 eo:
576 1163 711 1226 numeri
733 1162 895 1248 pluralis:
920 1163 1009 1244 11⁹²)
1023 1174 1056 1226 et
1073 1163 1123 1242 ei,
1147 1183 1302 1248 eorum,
1327 1161 1381 1227 iis
1404 1175 1438 1226 et
1461 1161 1533 1239 eis,
1556 1181 1638 1238 eos,
1662 1161 1694 1224 ii
1717 1172 1752 1225 ot
1774 1151 1889 1239 δῆθ’),

414 1264 464 1328 ιδ
488 1255 544 1329 iis
567 1256 660 1348 δι”)
683 1263 732 1328 ιδ
756 1265 828 1328 eia.

502 1365 684 1432 Generis
709 1359 976 1450 feminini⁹⁵).
999 1365 1145 1430 Numeri
1168 1365 1370 1450 singularis:
1394 1386 1455 1443 ea,
1479 1367 1591 1442 eius,
1615 1365 1672 1441 oi,
1695 1384 1802 1442 eant,
1826 1385 1890 1440 ea,

414 1467 463 1532 ab
490 1490 554 1546 ea:
586 1482 620 1533 ot
648 1468 845 1556 pluraliter:
877 1489 969 1547 cae,
999 1488 1161 1545 earum,
1194 1469 1246 1534 iit
1278 1481 1313 1534 ct
1343 1470 1429 1548 eis,
1460 1488 1548 1546 eas,
1578 1487 1668 1545 eae,
1700 1467 1749 1534 ab
1773 1468 1828 1536 iis
1852 1481 1889 1530 et

414 1569 465 1636 ab
489 1564 621 1656 eisd).

501 1671 684 1738 Generis
715 1675 858 1738 neutri
878 1675 935 1758 ⁹⁷).
966 1673 1114 1736 Numeri
1136 1671 1336 1756 singularis:
1369 1672 1430 1749 id,
1454 1673 1565 1750 eius,
1587 1674 1643 1750 ei,
1665 1671 1724 1750 id,
1748 1671 1804 1749 id,
1827 1670 1884 1734 ab

413 1793 479 1852 oo:
503 1787 537 1838 et
558 1775 755 1862 pluraliter:
778 1797 840 1852 ea,
865 1796 1025 1852 eorum,
1050 1775 1103 1839 iis
1126 1787 1161 1840 et
1183 1776 1260 1852 eis,
1285 1795 1345 1851 ea,
1375 1795 1437 1853 ea,
1467 1774 1519 1839 ab
1543 1775 1598 1839 iis
1620 1790 1655 1839 et
1677 1774 1728 1838 ab
1751 1768 1887 1858 eis⁹⁸).

497 1879 571 1946 569.
600 1879 711 1944 ldcm
742 1899 938 1964 pronomen
961 1879 1076 1941 minus
1100 1899 1204 1964 quam
1227 1877 1380 1954 finitum,
1410 1878 1548 1962 generis
1571 1877 1774 1954 masculini,
1798 1877 1889 1960 ligu-

413 1998 471 2042 rae
500 1983 731 2066 compositae,
764 1983 901 2046 numeri
930 1980 1132 2065 singularis,
1164 2001 1262 2046 casus
1294 1981 1502 2044 nominativi
1532 1993 1567 2046 et
1588 1980 1758 2054 vocativi,
1790 1979 1889 2064 quod

412 2081 644 2147 declinabitur
658 2087 702 2165 ⁹⁹)
718 2084 790 2150 sic:

496 2183 733 2250 Masoulini
762 2187 938 2271 generis
961 2187 1027 2270 ¹⁰⁰).
1059 2184 1206 2248 Numeri
1236 2183 1436 2268 singularis:
1468 2183 1596 2261 idem,
1626 2183 1823 2248 eiusdem
1844 2185 1886 2266 ¹),

411 2286 567 2365 eidem,
599 2288 797 2364 eundem,
828 2288 956 2366 idem,
986 2286 1036 2351 ab
1065 2285 1234 2362 eodem:
1263 2285 1401 2350 numeri
1432 2285 1594 2371 pluralis:
1635 2285 1783 2361 iidem,
1814 2305 1887 2350 eo-

412 2389 587 2452 rundem
605 2391 648 2472 ²),
680 2390 832 2455 iisdem
863 2403 897 2454 et
913 2383 940 2470 3)
965 2387 1144 2465 eisdem,
1168 2388 1356 2467 eosdem,
1380 2387 1529 2468 iidem,
1553 2387 1604 2454 ab
1627 2388 1780 2453 iisdem
1798 2383 1824 2470 ⁴)
1849 2402 1887 2452 et

412 2488 461 2554 ab
484 2491 645 2555 eisdem
665 2484 705 2573 ⁵).

498 2591 679 2658 Generis
709 2591 905 2658 feminini
930 2587 970 2676 ὃ).
1001 2593 1148 2657 Numeri
1171 2593 1370 2678 singularis:
1400 2591 1567 2669 eadem,
1597 2592 1802 2669 eiusdem,
1824 2593 1886 2657 oi-

410 2692 521 2770 dem,
545 2693 720 2758 eandem
737 2699 784 2771 ⁷),
808 2695 965 2772 eadem,
988 2693 1040 2758 ab
1065 2695 1229 2771 eadem:
1252 2707 1286 2758 et
1308 2694 1506 2780 pluraliter:
1530 2694 1711 2770 eaedem,
1736 2715 1886 2758 earun-

409 2795 501 2860 dem
523 2791 570 2878 ⁸),
602 2795 756 2860 iisdem
786 2809 820 2861 et
847 2798 1008 2862 eisdem
1029 2801 1077 2880 ⁹),
1108 2797 1274 2860 easdem
1296 2801 1354 2878 ¹⁰),
1387 2796 1574 2874 eaedem,
1598 2795 1648 2860 ab
1671 2796 1822 2860 iisdem
1847 2811 1883 2862 et

409 2896 458 2962 ab
482 2897 660 2963 eisdem.

496 3001 680 3067 Generis
702 3003 848 3067 neutri
867 3004 916 3085 ¹¹).
932 3002 1288 3087 Numerisingularis:
1307 3001 1431 3078 idem,
1447 3000 1639 3070 eiusdem
1654 3001 1708 3086 ¹³),
1727 3001 1882 3080 eidem,

406 3103 515 3167 idern
535 3099 591 3186 ¹³),
616 3103 738 3181 idem,
762 3104 811 3168 ab
836 3105 1003 3180 eodem:
1026 3105 1171 3168 Numeri
1194 3104 1356 3191 pluralis:
1381 3104 1544 3180 eadem,
1568 3103 1807 3168 eorundem
1826 3097 1881 3183 ¹⁴),

407 3206 561 3270 iisdem
586 3219 622 3270 et
642 3207 804 3272 eisdem
825 3203 875 3290 ¹⁵),
899 3207 1058 3284 eadem,
1083 3207 1245 3282 eadem,
1269 3205 1319 3270 ab
1343 3205 1492 3270 iisdem
1516 3219 1551 3270 et
1574 3203 1621 3268 ab
1645 3205 1809 3268 eisdem
1828 3199 1882 3289 ¹⁶).

492 3313 565 3374 570.
590 3309 681 3374 Sibi
704 3329 899 3395 pronomen
922 3309 1131 3374 defectivum
1152 3311 1192 3392 ¹⁷)
1215 3311 1327 3373 minus
1351 3329 1455 3396 qnam
1479 3309 1625 3385 linitum,
1649 3307 1786 3392 generis
1803 3327 1882 3372 om·-

405 3411 478 3486 nis‚
510 3411 638 3496 figurae
669 3413 900 3498 compositae,
932 3411 1070 3475 numeri
1101 3423 1234 3475 tantum
1266 3411 1468 3496 singularis,
1500 3431 1599 3475 casus
1628 3411 1755 3487 dativi,
1785 3409 1882 3496 quod

405 3513 637 3578 declinabitur
658 3535 722 3602 per
743 3517 808 3580 bos
831 3527 900 3578 tros
924 3533 1021 3578 casus
1044 3525 1197 3592 tantum,
1228 3515 1264 3579 id
1287 3527 1353 3590 est,
1385 3514 1557 3593 dativum,
1587 3513 1822 3578 accusativum
1847 3523 1884 3576 et

405 3614 594 3681 ablativum
620 3611 671 3700 ¹⁸).
757 3663 763 3678 .
842 3599 851 3622 ¹

447 3942 482 4012 Ἰ)
507 3949 538 4080 le:
551 3943 642 4042 istaec
660 3943 691 3995 Β.
703 3942 748 4083 ζ
767 3965 804 3992 =
812 3942 963 4100 ἔρος)
978 3941 1117 4085 ¹isticchl.
1138 3941 1339 4101 Κυῖ-Αλὲᾆή
1355 3951 1387 4082 tet
1400 3943 1492 4084 'iegato
1505 3944 1688 4103 'll-V:AV.⁹A).
1707 3945 1880 4085 ’35:³ch

531 4046 685 4098 ntgenerra
733 4053 794 4082 .=
837 4068 843 4081 .
894 4039 996 4082 ‚¹¹1
1039 4069 1056 4090 .,
1096 4047 1259 4083 .-ιιι.
1337 4049 1409 4082 oct
1452 4055 1516 4084 .=
1563 4069 1625 4084 ..
1703 4049 1879 4086 c...

506 4147 544 4160 -·-
561 4115 604 4170 rel
621 4117 657 4172 A.
676 4121 712 4189 ο’)
732 4117 839 4188 generis
857 4117 982 4170 feminini
1002 4119 1032 4172 Β.
1054 4119 1090 4174 V.
1109 4147 1145 4162 -
1162 4119 1224 4170 lem.
1245 4137 1270 4188 g.
1289 4119 1325 4172 A.
1345 4121 1381 4187 θ’)
1402 4116 1437 4171 ιδ
1455 4119 1490 4171 iia
1509 4127 1539 4171 et
1556 4115 1591 4170 ab
1610 4119 1650 4170 at·
1669 4119 1705 4174 V.
1727 4151 1758 4160 —
1778 4117 1812 4172 ab
1832 4119 1879 4172 eis

508 4213 538 4257 et
554 4201 589 4256 ab
606 4203 641 4257 iis
660 4205 696 4258 A.
714 4235 751 4247 -
768 4202 803 4256 ab
822 4202 865 4258 bis
884 4213 913 4258 et
930 4203 964 4258 ab
984 4205 1024 4257 ais
1044 4207 1075 4258 B.
1095 4211 1131 4268 θ’)
1151 4207 1258 4277 pencris
1277 4207 1367 4260 neutri
1385 4207 1418 4259 Β.
1437 4207 1474 4263 V.
1493 4235 1527 4252 ·-
1541 4215 1615 4258 uerit.
1635 4223 1697 4276 gen.
1717 4207 1753 4260 A.
1782 4209 1818 4274 ς’)
1840 4207 1878 4260 ιδ

508 4291 543 4344 iia
563 4302 590 4346 ct
608 4288 642 4343 ιδ
662 4293 702 4344 cis
723 4294 758 4345 V.
776 4291 865 4344 -ab
886 4293 926 4345 eis
945 4303 974 4347 et
991 4290 1026 4345 ab
1044 4294 1079 4346 iis
1098 4293 1134 4348 A.
1153 4325 1189 4335 -
1207 4289 1241 4345 ab
1261 4290 1304 4346 bis
1323 4302 1352 4346 st
1370 4291 1404 4345 ab
1424 4294 1464 4346 eit
1481 4295 1514 4346 Β.
1534 4301 1570 4364 θ’)
1591 4290 1777 4348 declinabitur
1795 4295 1827 4347 B.
1840 4297 1881 4349 V.

509 4379 539 4434 Ρ.
558 4413 593 4422 -
612 4377 766 4432 declinatur
783 4382 819 4434 A.
842 4383 889 4453 ¹⁰⁰)
908 4381 1053 4436 masculini
1071 4383 1178 4452 generis
1197 4381 1235 4436 A.
1253 4403 1290 4433 =
1306 4383 1340 4434 Β.
1361 4383 1397 4436 V.
1422 4383 1443 4454 ’)
1463 4379 1587 4436 eiusdem
1607 4382 1643 4436 V.
1662 4383 1698 4435 A.
1717 4413 1754 4424 -
1771 4380 1884 4436 eitdena

506 4467 539 4522 Β.
569 4469 593 4542 ’)
618 4466 768 4521 eorundem
786 4470 817 4522 B.
839 4470 876 4524 V.
894 4501 931 4512 -
949 4467 1107 4522 eorumdem
1126 4470 1162 4522 A.
1191 4473 1214 4540 ’)
1234 4477 1262 4525 el
1279 4471 1312 4522 Β.
1338 4470 1376 4526 V.
1395 4471 1427 4523 Ρ.
1446 4493 1483 4520 =
1499 4471 1536 4524 A.
1565 4471 1590 4541 ⁴)
1608 4467 1710 4522 iisdena
1729 4471 1766 4523 V.
1785 4470 1822 4522 A.
1844 4501 1885 4511 -

506 4554 596 4610 isdem
621 4557 653 4611 B.
682 4558 704 4624 5)
730 4565 759 4609 et
781 4554 815 4608 ab
836 4554 941 4610 eisdem
960 4558 998 4613 V.
1016 4579 1052 4608 =
1071 4559 1103 4612 B.
1123 4558 1158 4611 A.
1187 4559 1210 4629 ⁶)
1238 4557 1344 4628 generis
1369 4558 1495 4616 seminini
1512 4560 1545 4612 B.
1565 4559 1601 4613 V.
1620 4587 1657 4599 ·-
1673 4558 1737 4610 leur.
1757 4575 1817 4627 pan.
1840 4561 1881 4614 A.

507 4649 531 4718 ²>
550 4643 665 4698 eandem
685 4646 715 4699 B.
736 4646 771 4700 V.
791 4674 826 4688 -
845 4643 969 4698 eamdem
986 4645 1024 4698 A.
1049 4647 1072 4718 ⁸)
1091 4643 1240 4698 earundem
1256 4647 1290 4698 Β.
1311 4646 1347 4700 V.
1364 4675 1402 4688 -
1427 4645 1583 4700 earumdem
1601 4648 1639 4700 A.
1667 4649 1690 4714 ⁸)
1711 4644 1817 4700 eisdem
1839 4648 1881 4702 V.

505 4735 542 4788 A.
562 4767 596 4778 -
613 4731 703 4788 isdem
721 4735 754 4788 B.
784 4737 819 4803 ὀ)
839 4731 950 4786 maden:
969 4734 1005 4787 V.
1024 4733 1060 4788 A.
1080 4763 1116 4780 -
1134 4731 1246 4786 eaedem
1270 4734 1302 4786 B.
1332 4735 1367 4804 ¹¹)
1387 4735 1494 4803 generis
1514 4736 1604 4788 neutri
1621 4736 1654 4787 Β.
1674 4733 1711 4788 V.
1730 4763 1767 4776 -
1784 4733 1817 4786 N.
1842 4735 1882 4790 G.

507 4823 543 4876 A.
573 4827 607 4894 ”)
627 4821 751 4876 eiusdem
771 4822 808 4877 V.
827 4822 863 4877 A.
883 4853 919 4866 --
937 4819 1044 4876 eisdem
1062 4823 1092 4876 Β.
1121 4825 1158 4893 ”)
1176 4819 1252 4874 idem
1272 4822 1308 4876 V.
1328 4821 1364 4877 A·
1385 4851 1420 4864 -
1438 4820 1527 4876 eidam
1546 4823 1579 4876 B.
1609 4823 1643 4892 Ι4)
1669 4820 1821 4876 eorundem
1844 4825 1882 4878 Β.

506 4911 542 4966 V.
561 4941 597 4954 -
615 4909 775 4964 eorumdem
791 4911 826 4964 A.
858 4911 892 4982 ¹⁵)
911 4908 1010 4964 iisdem
1030 4919 1059 4964 et
1085 4908 1191 4964 eisdem
1210 4910 1245 4964 V.
1268 4937 1299 4952 -·
1320 4907 1425 4962 eisdem
1452 4919 1482 4963 st
1498 4908 1599 4964 iisdem
1616 4909 1653 4963 A.
1672 4939 1708 4952 -
1726 4907 1828 4962 itatem
1850 4922 1883 4965 et

503 4996 592 5050 ladam
616 5001 648 5052 Β.
676 5001 712 5069 ”)
735 4995 772 5049 ιδ
805 4996 904 5052 iisdem
928 5009 956 5054 et
979 4996 1013 5051 ab
1038 4996 1144 5051 eisdam
1163 4999 1199 5053 V.
1220 4999 1251 5052 B.
1271 5026 1307 5042 —
1324 4995 1359 5049 ab
1384 4995 1489 5050 eisdem
1508 5006 1536 5051 rt
1554 4995 1589 5050 ιδ
1607 4995 1708 5051 iisdem
1728 4998 1757 5049 Ρ.
1786 5025 1820 5039 -
1843 4997 1884 5050 ιδ

504 5082 611 5137 eisdam
628 5084 727 5138 iisdem
746 5088 782 5140 A.
811 5090 844 5155 ’·“)
868 5085 1035 5140 defectivam
1054 5088 1089 5142 V.
1108 5088 1145 5140 A.
1164 5107 1200 5138 =
1219 5089 1250 5140 Β.
1278 5089 1313 5158 ”)
1337 5085 1414 5157 quod
1432 5083 1619 5140 declinabitur
1629 5122 1710 5142 .....
1730 5093 1758 5138 et
1776 5081 1887 5141 ablati-

510 5187 573 5224 ruru
592 5173 623 5226 Β.
644 5173 681 5226 V.
701 5175 732 5228 Ρ.
754 5207 787 5218 -
806 5171 883 5246 quod
902 5171 1087 5229 declinabitur
1105 5176 1147 5229 sic
1166 5177 1202 5230 A.
