4020 6068
442 541 464 606 4
897 511 936 584 r's.
958 517 1133 587 cstuol
1159 525 1453 586 sscsaoorrs

531 667 578 730 18.
602 663 792 746 Deponens
808 659 859 724 ·R·
874 659 988 724 littera
1002 661 1222 734 terminatur,
1247 671 1280 722 et
1293 677 1368 720 eam
1386 657 1542 720 amittere
1557 673 1629 718 non
1642 667 1776 740 poteet3
1795 661 1823 722 si
1846 679 1901 724 au·

443 785 512 834 tent
527 765 698 841 amiserit,
721 763 866 830 latinum
880 774 1036 834 nonest,
1062 773 1099 824 ut
1126 759 1289 834 luctor,
1313 759 1488 844 loquor3
1511 779 1590 822 nam
1612 758 1707 842 qnod
1726 761 1903 826 Terentius

444 875 479 936 in
495 871 630 950 Hecyra
649 869 691 950 ΙΙ)
708 866 842 952 posuit:
860 901 900 914 -
925 863 1056 948 eique
1078 863 1276 938 anulum,
1299 861 1393 926 dum
1417 861 1570 936 luctet,
1593 861 1904 946 detraxisse”)

440 1011 480 1022 -
529 975 559 1056 ⁰)
595 989 659 1058 pro
689 969 907 1044 luctatur,
943 985 1017 1030 nou
1044 965 1094 1028 sic
1121 963 1261 1050 posuit,
1291 963 1401 1027 nteit
1431 963 1571 1026 luctet
1601 963 1752 1026 activum
1781 965 1904 1029 faciens

439 1097 482 1140 ex
499 1097 534 1138 se
548 1073 722 1159 passivum
742 1068 956 1146 luctatur,
980 1065 1041 1130 sed
1056 1079 1094 1130 ut
1109 1067 1153 1130 sit
1167 1066 1288 1132 lucto
1306 1076 1478 1140 neutrum,
1495 1043 1693 1128 luctatur
1714 1064 1900 1152 deponens,

436 1191 474 1240 ut
497 1176 661 1240 obsone
690 1183 725 1234 et
756 1169 967 1246 obsouor,
995 1182 1182 1255 utrumque
1212 1167 1306 1232 enim
1335 1167 1373 1230 iu
1403 1185 1510 1230 unum
1542 1165 1754 1230 intellectum
1787 1169 1903 1234 activi-

437 1281 513 1344 tatis
537 1275 638 1340 cadit.

520 1382 710 1464 Deponens
724 1375 855 1438 dictum
871 1385 922 1436 est
938 1371 1048 1436 tribus
1064 1371 1192 1446 causis,
1209 1369 1264 1434 vel
1278 1371 1374 1456 quod
1389 1371 1599 1435 activitatem
1613 1370 1650 1432 in
1665 1371 1843 1436 intellectu
1856 1385 1903 1436 te·

434 1497 513 1548 neat
525 1496 559 1546 et
568 1479 801 1567 passivitatem
818 1475 970 1561 deponat
991 1473 1035 1556 ⁵),
1059 1471 1115 1535 vel
1129 1471 1225 1558 quod
1238 1472 1473 1558 passivitatem
1487 1473 1523 1536 in
1545 1472 1778 1538 declinatione
1795 1461 1907 1539 teneat

436 1601 469 1648 et
483 1583 694 1648 activitatem
712 1580 880 1664 deponat,
903 1577 994 1639 vele
1018 1575 1192 1638 contrario
1217 1578 1260 1659 ⁶),
1285 1573 1380 1660 quod
1399 1573 1450 1636 ·R·
1465 1573 1615 1638 litteram
1637 1576 1813 1661 deponere
1836 1595 1905 1640 non

434 1699 556 1773 potest.
589 1682 741 1767 Quidam
763 1692 886 1765 putant
905 1679 984 1741 ideo
1008 1678 1078 1742 dici
1099 1678 1295 1763 deponens,
1325 1677 1421 1762 quod
1448 1677 1490 1739 de
1528 1690 1692 1762 quattuor
1713 1679 1906 1766 participiis

432 1809 539 1852 unum
562 1786 714 1870 deponat
735 1780 774 1865 ³).
804 1781 878 1845 Sed
900 1791 1017 1844 errant
1040 1773 1097 1862 ¹³);
1127 1799 1207 1843 nam
1234 1790 1398 1865 quattuor
1425 1776 1553 1854 habet,
1584 1780 1781 1858 luctans,
1810 1782 1902 1846 luc·

436 1903 628 1962 taturus,
653 1885 867 1959 luctatus,
890 1882 1140 1947 lactandus.
1774 1887 1785 1921 ⁸

519 1994 568 2059 19.
590 1989 761 2051 Neutrum
776 1985 833 2051 ·0·
851 1985 966 2048 littera
982 1985 1206 2063 terminatur,
1230 1994 1264 2045 et
1278 1981 1330 2046 ·R·
1345 1983 1503 2068 accipere
1519 2003 1590 2050 non
1608 1997 1739 2069 potest3
1756 2005 1840 2050 nam
1857 1985 1907 2050 la·

434 2097 504 2158 tina
521 2111 593 2155 non
611 2103 706 2166 sunt,
729 2101 768 2152 ut
788 2087 985 2164 ambulo,
1008 2086 1157 2162 sedeo,
1180 2085 1364 2172 pendeo,
1397 2087 1577 2170 vapulas
1606 2087 1823 2165 ambulor,
1848 2108 1907 2151 se-

431 2197 557 2268 deor,
581 2193 778 2278 pendeor
799 2211 901 2254 nemo
919 2190 1014 2255 dicis.

517 2301 569 2362 20.
594 2293 799 2358 Communis
816 2284 858 2374 ἐ)
881 2291 932 2354 ·1t·
955 2290 1070 2354 littera
1093 2289 1316 2364 terminatur,
1341 2303 1375 2352 et
1398 2309 1474 2354 eam
1496 2291 1654 2352 amittere
1677 2311 1749 2354 non
1770 2303 1908 2377 potest,

435 2397 582 2484 quamsi
601 2396 770 2470 amiserit,
794 2392 900 2456 latina
912 2412 983 2455 non
1000 2404 1111 2468 crunt,
1134 2403 1178 2453 ut
1202 2391 1414 2454 criminor
1436 2403 1492 2466 te,
1518 2404 1556 2454 et
1579 2393 1787 2456 criminor
1809 2415 1831 2458 a
1856 2407 1908 2457 te.

515 2499 609 2559 inter
625 2515 844 2558 communem
861 2513 944 2576 ergo
961 2494 1133 2578 speciem,
1158 2503 1191 2554 et
1209 2492 1462 2576 deponentem,
1486 2505 1520 2556 et
1541 2495 1714 2578 passivam
1736 2497 1803 2558 hoc
1829 2509 1907 2571 est,

429 2601 523 2684 quod
540 2597 734 2661 communis
750 2593 853 2658 habet
867 2596 1054 2678 imaginem
1079 2595 1104 2676 ’)
1126 2591 1282 2656 facientis
1306 2605 1340 2656 et
1359 2594 1538 2677 patientis,
1562 2615 1627 2658 uec
1646 2605 1761 2659 tamen
1781 2597 1909 2661 subest

430 2721 607 2788 personae,
620 2719 707 2784 quse
723 2697 824 2760 faciat
837 2695 892 2760 vel
901 2697 1069 2781 patiatur;
1081 2694 1259 2779 deponens
1273 2707 1330 2756 aut
1345 2697 1478 2776 agentis
1489 2697 1728 2762 tantummodo
1746 2701 1909 2763 continet

429 2802 660 2875 intellectum,
683 2812 722 2863 ut
744 2798 785 2861 lu
799 2811 912 2874 ctor,
945 2810 1004 2861 aut
1025 2797 1205 2882 patientis,
1229 2809 1268 2859 ut
1289 2795 1430 2872 labor3
1459 2797 1595 2883 passiva
1617 2817 1700 2862 vero
1724 2797 1777 2862 ·R·
1797 2802 1906 2864 amit-

434 2908 492 2981 tit,
516 2917 554 2968 ut
570 2903 671 2966 faciat
687 2923 731 2964 ex
744 2923 779 2966 se
795 2901 957 2964 activum

511 3008 606 3069 Inter
627 3017 784 3067 neutram
809 2993 850 3084 '⁵)
882 3001 1032 3086 speciem
1057 3012 1090 3062 et
1112 2999 1258 3064 activam
1281 3002 1348 3065 hoo
1369 3015 1438 3077 est,
1468 3002 1562 3086 quod
1582 3014 1705 3066 neutra
1723 3005 1903 3069 interdum

430 3111 562 3193 agentis
589 3106 692 3170 habet
718 3104 950 3178 intellectum,
979 3115 1017 3164 ut
1046 3101 1239 3178 ambulo,
1268 3103 1421 3180 sedeo,
1455 3104 1628 3170 interdum
1651 3107 1832 3191 patientis,
1866 3120 1907 3171 ut

427 3210 613 3296 pendeo,
636 3208 812 3294 vapulo;
835 3205 948 3270 activa
962 3225 1045 3283 vero
1066 3225 1203 3288 semper
1224 3205 1357 3287 agentis
1380 3207 1535 3268 continet
1555 3227 1712 3282 sensum,
1736 3209 1907 3293 patientis

429 3332 626 3396 nunquam,
651 3323 685 3373 et
701 3311 796 3395 quod
813 3321 973 3373 neutrum
990 3326 1062 3369 non
1075 3307 1204 3392 accipit
1228 3307 1280 3370 ·R·
1299 3299 1360 3388 ²⁶),
1389 3308 1539 3372 activum
1558 3309 1706 3394 accipit,
1735 3323 1773 3372 ut
1797 3309 1906 3374 faciat

431 3437 526 3478 exse
544 3414 730 3500 passivum.

457 3574 461 3583 .
510 3521 562 3582 21.
588 3515 790 3578 Inchoativa
816 3513 948 3598 species
974 3509 1090 3576 ·SCO·
1116 3511 1338 3588 terminatur,
1366 3523 1405 3574 ut
1441 3512 1634 3588 calesco,
1668 3511 1901 3592 fervesce,

426 3621 557 3705 incipio
581 3619 705 3692 calere,
730 3615 872 3678 fervere.
896 3615 991 3677 Haec
1006 3635 1079 3677 uon
1094 3614 1200 3677 habet
1217 3626 1352 3699 tempus
1367 3615 1591 3698 praeteritum
1607 3613 1817 3699 perfectum
1843 3637 1903 3680 ra-

425 3720 659 3795 tionabiliter,
684 3739 764 3781 nam
781 3720 824 3800 ¹³)
838 3738 911 3791 res,
937 3736 1025 3800 quae
1048 3717 1153 3777 modo
1175 3715 1316 3798 incipit,
1340 3714 1493 3796 perfecta
1511 3736 1583 3779 esse
1606 3708 1648 3800 ²⁸)
1669 3737 1741 3780 non
1763 3730 1903 3804 potem

428 3841 611 3886 senesce
633 3832 747 3882 autem
766 3830 801 3880 et
814 3837 962 3880 cresco
986 3817 1203 3902 inchoativae
1220 3815 1348 3898 speciei
1358 3834 1430 3878 non
1444 3828 1534 3892 sunt,
1552 3817 1612 3880 sed
1629 3820 1901 3895 neutrae;ideo-

425 3944 492 4007 que
511 3922 592 3986 facit
613 3934 771 4004 tempore
795 3919 982 4003 praeterito
1004 3919 1159 4002 perfecto
1190 3916 1334 3991 senui,
1367 3918 1510 3993 crevi3
1541 3922 1724 3984 nonenim
1748 3924 1900 3986 veniunt

427 4023 469 4085 ab
493 4021 568 4086 aliis
586 4023 676 4084 sicut
700 4020 871 4084 calesco
904 4007 1145 4093 acaleo,'et
1174 4018 1372 4082 fervesco
1395 4021 1437 4102 ²⁹)
1459 4039 1478 4084 a
1503 4018 1662 4086 ferveo.
1685 4023 1905 4107 Figurantur

459 4380 494 4446 ¹¹)
515 4375 676 4443 Hecyra-
697 4387 784 4440 ecyra.
803 4373 870 4425 Cod.
892 4371 928 4442 ”)
942 4367 1092 4424 detraxisse
1116 4402 1152 4413 -
1180 4366 1343 4421 detruxisse
1371 4369 1439 4423 cod.
1460 4371 1497 4440 ”)
1518 4366 1569 4421 ted
1590 4383 1681 4426 errant
1705 4406 1739 4416 —
1759 4376 1810 4430 sed
1830 4377 1900 4434 her.

532 4471 594 4517 rsus
610 4461 676 4516 cod.
698 4464 733 4530 ”)
755 4459 927 4522 communis,
946 4461 986 4511 ita
1003 4460 1072 4511 cod.
1085 4464 1208 4536 quamuis
1230 4463 1405 4528 praecesserit
1424 4465 1564 4523 neutrum
1583 4461 1838 4533 subintelligendum
1854 4473 1899 4521 νὶ-

527 4553 624 4605 detur:
644 4549 753 4621 species
769 4545 923 4604 verborum.
939 4548 975 4617 ἐ)
994 4547 1066 4600 inter
1080 4556 1248 4598 neutram-
1260 4545 1289 4596 in
1300 4555 1421 4598 neonem
1435 4550 1502 4602 Cod.
1517 4551 1554 4616 ¹⁶)
1566 4548 1633 4603 Cod.
1642 4553 1715 4604 male
1730 4564 1801 4606 amer
1815 4557 1896 4609 aeci.

527 4641 630 4712 cipitet
645 4639 686 4692 tt·
696 4642 795 4692 maiori
809 4635 1170 4708 interpungitdists'ncticne.
1187 4636 1222 4702 ¹⁷)
1238 4653 1410 4690 uam-nam
1419 4658 1481 4714 naor
1498 4643 1566 4694 cod.
1584 4639 1619 4709 ἰ)
1631 4655 1806 4696 ecte-esce
1817 4645 1893 4701 eod.

531 4733 566 4798 ¹⁹)
586 4728 709 4780 fervesco
727 4727 795 4782 cod.
813 4743 848 4780 e:
861 4745 911 4778 em.
926 4743 968 4796 pr.
984 4742 1019 4776 m.
1036 4740 1109 4794 quae
1124 4725 1240 4792 primum
1256 4720 1381 4778 ferbcsco
1399 4732 1554 4798 scripserat.

457 4861 487 4928 α)
516 4855 627 4906 Terent.
654 4855 752 4921 Hecyr·
776 4853 810 4906 V·
832 4859 865 4915 3,
890 4857 932 4913 31-
955 4847 1249 4922 b)Rhem¹1·Pd⁸em·
1272 4859 1345 4912 1379.
1364 4857 1393 4908 Ρ.
1417 4861 1441 4922 ο)
1461 4857 1488 4907 Ε
1511 4864 1667 4919 contrario,
1688 4861 1707 4912 i.
1725 4879 1748 4913 c.
1767 4879 1818 4934 per
1839 4882 1894 4918 an.

528 4941 678 5014 tiphrasim.
689 4943 745 4996 Cfr.
756 4942 860 4998 charis.
877 4947 936 5005 143.
947 4943 978 4996 Ρ.
996 4938 1126 4997 Diomed.
1145 4945 1205 4999 327.
1216 4942 1245 4998 P.
1264 4952 1292 4995 et
1304 4945 1451 5016 Pompeius
1474 4951 1535 5004 297.
1550 4945 1627 4999 L.·-
1637 4943 1703 5002 vid.
1717 4951 1799 5002 etiam
1813 4951 1893 5008 Max.

526 5035 600 5088 vict.
619 5035 696 5092 19t7.
714 5031 743 5085 P·
770 5041 798 5086 et
817 5032 948 5090 censens.
966 5038 1046 5094 2053.
1070 5033 1101 5088 Ρ.
1121 5033 1150 5102 d)
1171 5029 1323 5086 Cledonius
1343 5041 1421 5096 rote.
1436 5035 1466 5087 Ρ.
1485 5035 1598 5106 August.
1616 5037 1735 5092 Grsmm.
1759 5045 1839 5098 2003.
1856 5043 1892 5095 Ρ,

529 5127 553 5190 ο)
573 5125 734 5197 Imaginem,
755 5124 772 5174 i.
788 5139 812 5176 e.
813 5125 949 5191 firmam,
969 5125 1143 5178 sieDomnrs
1160 5117 1222 5174 [rib.
1237 5123 1273 5178 11.
1293 5129 1334 5186 18.
1355 5123 1379 5175 L
1397 5127 1566 5184 ,eommunis
1579 5137 1722 5198 suntquae
1738 5129 1779 5183 Ρ·
1794 5127 1892 5183 litters

530 5218 709 5269 terminantur
726 5217 797 5268 etin
813 5213 880 5268 duas
897 5217 996 5268 formas
1013 5213 1132 5276 cedunt,
1151 5216 1281 5284 patientie
1297 5223 1325 5268 et
1337 5213 1459 5283 ngeniis,
1477 5223 1507 5269 ut
1527 5230 1646 5279 scrutor.
1666 5223 1821 5274 ert'vut'ttow¹
