4022 6068
445 1130 552 1218 ΒΕ
578 1127 1089 1223 mulinum,
1119 1127 1421 1224 nummu,
1445 1125 1867 1216 connum

889 1263 991 1350 Ill*
1021 1263 1419 1352 nanuum.

519 1743 548 1808 E
570 1739 709 1825 ‚Codice
739 1741 824 1806 olim
852 1703 1017 1807 Bobiensi
1039 1759 1134 1806 nune
1156 1705 1423 1808 Vindbbonensi
1449 1741 1543 1806 xvi.
1570 1739 1647 1806 Ful.
1676 1741 1728 1807 47.
1756 1757 1790 1804 v.

506 1958 735 2037 praenomen,
759 1957 853 2044 quod
875 1961 1010 2024 nomini
1026 1961 1270 2046 praeponitur,
1293 1974 1331 2026 ut
1353 1959 1545 2025 Publius.
1567 1958 1707 2022 Nomen
1722 1967 1773 2022 est
1792 1976 1887 2020 eom-

419 2081 523 2124 mune
554 2061 722 2138 familiae,
752 2075 790 2125 ιιι
819 2061 1062 2126 Cornelius.
1096 2061 1302 2147 Cognomen
1331 2075 1400 2141 esi,
1432 2063 1527 2148 quod
1554 2072 1606 2126 est
1626 2061 1828 2148 proprium,
1850 2071 1887 2121 ut

419 2163 579 2250 Scipio.
602 2163 786 2248 Agnomen
808 2177 869 2240 est,
894 2164 990 2248 quod
1012 2165 1225 2229 extrinsecus
1248 2167 1354 2242 venit,
1377 2179 1416 2229 ut
1435 2165 1677 2240 Africanus,
1700 2183 1721 2226 e
1741 2161 1885 2235 uirtutem

419 2279 477 2330 eut
500 2286 544 2330 ex
565 2267 669 2342 vitio,
692 2277 731 2328 ut
753 2264 906 2329 Fabius
931 2265 1095 2352 Gurges
1114 2269 1165 2350 ⁸),
1190 2267 1377 2333 Ovidius
1399 2267 1524 2331 Naso.

504 2366 721 2431 Praenomen
750 2379 783 2430 et
812 2387 985 2452 agnomen
1015 2369 1216 2452 ambiguum
1247 2381 1306 2433 est.
1343 2369 1481 2432 Nomen
1514 2367 1626 2453 gentis
1656 2378 1724 2442 est,
1754 2364 1886 2428 idcireo

419 2469 510 2532 servi
539 2489 612 2534 non
641 2469 770 2532 habent
798 2471 951 2535 nomina.
980 2469 1133 2534 Nomine
1161 2471 1324 2534 (licuntur
1347 2493 1435 2556 quae
1459 2483 1538 2535 sunt
1563 2459 1766 2534 ¹communia
1788 2463 1888 2530 lami·

418 2569 503 2646 liae,
532 2582 572 2634 ut
591 2569 826 2648 iCornelius
858 2594 878 2636 e
908 2571 1072 2636 Cornelia
1095 2572 1244 2650 familie,
1276 2575 1357 2658 quin
1381 2572 1537 2638 Cornelii
1564 2573 1628 2636 ιοιὶ
1651 2568 1833 2656 appellati,
1856 2577 1889 2628 et

419 2673 525 2736 modo
550 2673 586 2736 in
607 2693 673 2736 usu
694 2692 765 2736 non
789 2687 856 2750 est,
881 2687 915 2738 et
937 2695 1066 2738 nomen
1088 2689 1266 2760 putemus,
1291 2675 1386 2760 quod
1409 2687 1460 2739 est
1481 2675 1682 2760 proprium,
1707 2671 1803 2757 quod
1827 2667 1889 2731 luit

381 2813 388 2834 .
419 2787 498 2838 aute
511 2795 695 2838 commune
713 2774 874 2850 familiae,
897 2777 990 2840 unde
1004 2775 1180 2861 Vergilius
1193 2815 1236 2828 -
1250 2777 1281 2840 N
1294 2778 1429 2842 omine
1451 2777 1568 2843 auum
1591 2769 1838 2856 relerens⁵).
1849 2805 1889 2820 -

421 2875 628 2963 Cognomen
651 2877 819 2964 estquod
842 2891 893 2942 est
913 2879 1096 2966 proprium
1120 2879 1402 2966 uniuscuiusque.
1447 2885 1452 2894 '

518 3191 570 3259 ·C·
593 3204 628 3258 et
648 3193 765 3258 littera
786 3206 820 3257 et
841 3206 943 3272 nota,
967 3216 1055 3280 quae
1079 3209 1217 3260 centurn
1241 3197 1420 3282 significat.

519 3295 569 3358 Ἀ·
592 3295 667 3359 sole
687 3295 814 3359 Aulum
839 3297 1019 3381 signifieat.

518 3397 573 3460 ·Ι)·
597 3395 670 3460 sola
691 3397 840 3466 Decium
864 3399 1051 3486 significan
1076 3412 1109 3464 et
1131 3401 1351 3486 quingentos.

518 3499 567 3562 ·F·
590 3498 663 3564 sola
685 3499 853 3565 Flavium.

517 3601 573 3666 ·G·
599 3600 735 3665 Gaium.

519 3705 558 3768 ·1·
580 3714 664 3767 nois
685 3701 822 3767 numeri
845 3722 924 3768 enm
947 3723 1055 3768 unum
1078 3718 1248 3773 notemus.

520 3803 570 3870 ·P·
593 3803 767 3870 Publium.

520 3907 570 3968 ·L·
594 3918 863 3994 etlpreenomen
886 3902 1052 3988 Lucium;
1075 3924 1109 3975 et
1131 3925 1214 3978 note
1235 3912 1372 3976 numeri
1395 3910 1657 3998 quinquaginta.

519 4005 580 4071 ·Μ·
603 4028 817 4094 praenomen
842 4008 1012 4075 Marcum.

522 4109 577 4192 ·Q·
601 4109 772 4193 Quintum
795 4121 829 4174 et
852 4112 1016 4194 Quirites.

524 4211 577 4275 ·X·
599 4223 683 4276 note
704 4213 841 4277 numeri
865 4233 943 4278 eum
967 4216 1087 4278 decem
1110 4216 1353 4300 significemus.

522 4311 574 4376 ·P·
596 4312 760 4378 Publium
790 4315 979 4400 significor,
1012 4330 1047 4380 et
1070 4337 1147 4380 eum
1171 4317 1225 4382 ·R·
1247 4320 1416 4406 populum
1439 4318 1658 4394 Romanum,
1680 4328 1714 4382 et
1737 4335 1817 4382 curn
1845 4313 1906 4379 ·C·

608 4427 724 4503 patres
747 4420 979 4505 conscriptos,
1004 4429 1038 4482 et
1059 4423 1253 4506 anteposita
1275 4421 1327 4486 ·ll·
1351 4420 1612 4509 rempublicam.
1689 4413 1695 4418 ’

469 4709 498 4773 α)
526 4701 648 4760 macrob.
668 4705 803 4761 Situmsl.
823 4705 859 4759 ll.
878 4711 903 4767 9.
929 4709 957 4780 b)
976 4707 1052 4780 Virg.
1071 4711 1137 4763 Aen.
1156 4709 1218 4764 llll.
1238 4719 1300 4772 348.

990 4983 1326 5005 ψ
