4042 6070
461 499 616 560 mentitu
639 501 786 556 llllTlUlll
812 501 1004 558 omunsr.
1031 503 1303 562 FRAGMENTUM.
1571 511 1616 584 95

145 656 236 724 ros,
261 648 437 711 roris-
460 647 541 722 sal,
566 647 734 712 salis-
755 649 836 724 sol,
860 649 1022 714 solis-
1046 664 1164 730 trux,
1195 654 1330 717 trucis
1358 652 1426 718 dni
1443 655 1616 739 tenpestate

141 785 185 799 -
202 750 288 826 vir,
312 749 418 838 viris
438 740 482 830 ⁴⁰)
500 785 544 800 -
564 769 651 826 vas,
675 750 801 814 vadis.
818 787 859 798 —

607 953 677 1019 129.
701 949 921 1017 FEMlNlNl
945 950 1161 1019 GENERIS.
1437 937 1448 953 ”
1627 961 1673 1012 ct.
1690 979 1724 1027 ²⁷·

230 1122 328 1182 arx,
350 1106 462 1167 arcis
486 1141 528 1154 -
548 1123 630 1180 ars,
655 1105 821 1168 artis-
843 1105 957 1182 calx,
981 1106 1171 1171 calois-
1193 1131 1279 1190 cos,
1306 1097 1616 1201 cotis-crux,

145 1205 287 1266 crucis
308 1210 495 1283 σταυρός-
522 1206 613 1280 dos,
638 1205 814 1269 dotis-
836 1206 925 1284 fax,
952 1207 1057 1271 lacis
1079 1247 1123 1261 -
1145 1199 1263 1290 fruti,
1287 1212 1428 1300 frugis
1451 1253 1494 1266 -
1517 1216 1617 1296 falx,

146 1305 336 1384 lalcis-
357 1307 472 1382 foex,
497 1305 626 1370 faecis
645 1306 835 1386 -lrons‚
867 1309 1085 1373 frontis-
1108 1310 1241 1388 fraus,
1266 1315 1431 1382 fraudis
1450 1356 1491 1366 -—
1517 1319 1618 1398 loss,

146 1407 344 1486 lortis-
374 1409 521 1493 glans,
550 1408 722 1492 glandis
749 1429 942 1496 -gens,
980 1413 1123 1496 gentis
1146 1415 1324 1499 -glos,
1353 1419 1485 1502 gloris
1513 1427 1620 1500 putes

146 1513 264 1591 ἀδιλφὴ
290 1513 399 1588 ἀνδρός
420 1499 518 1591 49)--
535 1509 656 1587 lanx,
679 1509 874 1575 lancis-
891 1513 1002 1591 lens,
1025 1513 1212 1578 leutis-
1233 1517 1306 1595 lis,
1329 1518 1423 1584 litis
1443 1557 1486 1568 -
1507 1521 1618 1598 laus,

146 1611 287 1674 laudis
308 1649 351 1659 -
373 1611 463 1686 lux,
487 1610 596 1674 lueis
619 1649 660 1660 -
682 1633 817 1690 mens,
840 1616 995 1678 mentis
1015 1652 1057 1670 -
1079 1637 1215 1692 merx,
1239 1621 1458 1683 mercis-
1485 1644 1619 1700 mors,

148 1715 358 1776 mortis-
378 1715 472 1787 nix,
496 1713 613 1775 n'ivis
632 1751 673 1761 -
696 1734 798 1792 nox,
822 1717 967 1779 noctis
984 1755 1025 1765 —
1046 1739 1145 1794 nex,
1169 1719 1288 1781 necis
1314 1758 1358 1769 -
1379 1743 1473 1800 nar,
1506 1727 1621 1788 naris

149 1833 302 1890 —nux‚
320 1816 597 1899 nucis—ops,
615 1815 870 1900 opis-pax,
894 1819 1196 1904 pacis-pars,
1218 1823 1411 1904 partis*-
1432 1821 1621 1909 prex;⁵·³)‚

148 1917 292 2000 precis
316 1951 359 1967 -
385 1915 521 2000 plebs,
554 1916 751 2003 plebis-
773 1919 860 2002 pix,
892 1919 1062 2003 picis-
1084 1942 1167 1996 res,
1191 1923 1314 1984 rei—
1341 1945 1452 2009 spes,
1477 1929 1624 2012 spei—

148 2019 273 2102 stips‚
307 2017 496 2101 stipis-
528 2019 676 2104 stirps,
708 2019 1044 2104 stirpis-sors,
1069 2022 1360 2100 sortis-sus,
1385 2027 1530 2088 suis-
1552 2027 1621 2105 lis,

148 2119 296 2181 litis-
317 2117 666 2198 trabs‚„trabis-
687 2141 784 2197 vox,
809 2123 989 2184 vocis-
1010 2124 1098 2200 vix,
1123 2124 1295 2187 vicis-
1316 2125 1427 2201 urbs,
1450 2127 1624 2193 urhis-

151 2221 229 2294 vis,
265 2221 331 2283 vis
357 2234 391 2283 et
418 2212 587 2304 cetera⁵')
608 2259 652 2274 -·
674 2234 706 2284 et
732 2225 816 2284 haec
842 2223 960 2285 omnia
988 2237 1147 2288 crescunt
1180 2227 1358 2309 genetivo,
1394 2231 1549 2312 exceptis
1571 2230 1623 2292 his

118 2303 125 2314 ⁸
152 2321 287 2386 duobus
307 2323 370 2388 vis
392 2335 424 2386 et
447 2343 526 2402 sus,
547 2323 739 2408 (Vergilius
759 2355 801 2371 «-
824 2325 1145 2410 setigerumque,
1164 2325 1296 2389 fetum
1320 2327 1464 2412 suis·)‚
1486 2329 1603 2416 dixit.)

630 2531 699 2593 130.
729 2527 909 2591 NEUTRI
935 2525 1149 2594 GENERIS.
1305 2551 1311 2560 ·
1638 2519 1683 2571 ch.
1701 2537 1734 2582 27.

238 2679 331 2754 Aes,
355 2681 462 2744 aeris
478 2717 519 2730 ·-
533 2702 617 2757 cor,
641 2682 786 2746 cordis
804 2719 844 2734 --
862 2702 970 2758 crus,
987 2682 1128 2745 cruris
1144 2681 1255 2744 -l'as
1273 2682 1436 2766 (ἄκλιτον)
1450 2691 1630 2764 θεμιτόν-

161 2777 231 2856 lar,
255 2780 364 2844 laris
378 2767 420 2832 -Ᾰ
438 2782 504 2858 fel,
528 2783 649 2847 fellis
676 2819 720 2833 -
742 2785 802 2867 git
820 2793 988 2864 μιλάνθιον
1011 2785 1229 2866 (ἄνιλιτον)-
1250 2785 1286 2846 ir
1301 2787 1392 2862 θέναρ
1414 2786 1575 2866 (deliros)
1589 2821 1630 2832 -

161 2881 238 2955 ius,
261 2883 369 2946 iuris
390 2919 434 2933 -
460 2884 543 2962 lac,
574 2885 768 2949 laetis-
800 2885 898 2960 mel,
928 2885 1127 2948 mellis—
1150 2904 1208 2960 os,
1242 2885 1391 2948 oris-
1414 2906 1474 2960 os,
1500 2887 1626 2960 ossis,

162 2983 285 3062 (sedet
307 3004 444 3062 ossus,
462 2987 624 3074 ‘ossi)·-
643 3007 732 3071 par,
755 2987 930 3071 paris-
952 3007 1034 3060 rus,
1058 2986 1227 3047 ruris-
1247 2983 1324 3062 tus,
1349 2988 1457 3048 turis
1480 3023 1521 3034 -
1539 3007 1627 3060 vas,

161 3085 267 3146 vasis
290 3119 336 3134 -··
363 3105 453 3160 ver,
485 3087 600 3150 veris
623 3123 665 3134 -
686 3086 732 3149 Et
746 3089 832 3150 haee
851 3087 970 3150 omnia
984 3086 1217 3163 declinantur,
1236 3089 1391 3172 exceptis
1413 3087 1466 3150 his
1494 3086 1629 3172 duobus

164 3181 218 3246 las
237 3199 272 3248 et
294 3187 331 3247 ir
356 3207 444 3270 quae
461 3187 720 3252 indeclinabilia
735 3201 823 3251 sunt.

243 3290 317 3350 131.
342 3288 494 3369 Quartae
515 3288 756 3352 declinationis
778 3289 960 3352 masculini
986 3288 1122 3371 generis
1140 3289 1373 3353 nominativus
1397 3303 1432 3352 et
1450 3290 1630 3372 genetivus
1641 3294 1687 3346 ch.
1706 3297 1739 3344 itt.

164 3387 345 3470 singularis
362 3389 397 3450 in
413 3387 492 3452 ·US·
506 3391 746 3467 terminantur,
768 3389 862 3452 velut
884 3390 952 3452 hic
976 3402 1158 3464 senatus,
1182 3390 1305 3452 huius
1329 3403 1518 3466 senatus,
1541 3379 1631 3452 'item
1701 3409 1709 3442 t

167 3485 507 3573 femininahaec⁵²)
530 3492 736 3576 porticus,
768 3483 890 3553 h'uius
912 3491 1122 3575 porticus,
1153 3490 1236 3552 item
1259 3503 1382 3553 neutra
1404 3492 1483 3552 lroo
1506 3509 1632 3572 genu,

166 3589 285 3654 huius
309 3611 433 3673 genu,
464 3594 561 3655 huic
591 3613 717 3678 genu,
749 3590 908 3656 similiter
933 3603 966 3653 et
989 3611 1123 3656 cornu
1146 3591 1312 3674 singulari
1332 3609 1404 3652 non
1429 3589 1631 3664 declinatur,

165 3693 322 3772 quamvis
335 3692 498 3756 Lucanus
515 3713 664 3758 cornus
679 3694 878 3778 genetivum
893 3693 982 3756 dixit
993 3691 1085 3756 libro
1100 3693 1178 3756 Vll.
1200 3729 1245 3744 --
1262 3712 1417 3756 cornus
1438 3689 1521 3753 tibi
1544 3708 1633 3754 cum

162 3792 391 3875 sinistri').

250 3898 322 3959 132.
348 3894 474 3959 Omnis
486 3895 672 3981 appellatio
684 3917 771 3982 quae
786 3917 831 3958 ex
844 3895 959 3959 verbis
970 3881 1205 3980 proficiscitur
1220 3907 1254 3957 et
1266 3894 1403 3958 in,·US·
1419 3893 1634 3966 terminatur,
1645 3897 1690 3947 cn
1705 3901 1735 3946 ³0

162 3996 348 4058 masculini
360 3998 498 4079 generis
513 4010 580 4073 est;
596 3979 691 4062 uelut
707 4019 752 4062 ex
763 3998 871 4062 verbo
896 3996 1106 4060 descendo
1126 3996 1184 4059 hic
1205 3996 1443 4059 descensus.
1466 3995 1523 4057 Fit
1539 4006 1573 4055 et
1592 4013 1636 4054 ex

161 4114 266 4159 coeo
298 4099 357 4160 hic
387 4099 545 4176 coitus,
575 4100 718 4164 ambio
749 4100 806 4162 hic
838 4098 1042 4174 ambitus,
1077 4097 1238 4161 adlicio
1268 4098 1325 4162 hic
1355 4096 1559 4170 adfectus3
1590 4105 1636 4156 ¹et

158 4199 281 4279 quarti
305 4199 436 4262 ordinis
460 4212 539 4287 sunt
562 4214 595 4264 et
617 4201 778 4284 genetivo
801 4221 865 4285 per
887 4197 967 4261 ·US·
997 4197 1196 4262 efferuntur.

254 4298 321 4363 Sed
337 4301 366 4363 si
380 4301 604 4385 participium
622 4303 697 4379 erit,
721 4301 864 4365 secundi
880 4301 944 4363 erit
956 4300 1087 4362 ordinis
1104 4313 1138 4362 et
1152 4320 1217 4385 per
1230 4300 1267 4362 ·1·
1282 4299 1444 4384 genetivo
1457 4297 1637 4384 proferen-
1741 4331 1744 4340 ,

159 4411 237 4476 tur,
261 4401 369 4465 velut:
394 4403 464 4464 hic
486 4395 721 4488 habitus⁵³)‚
745 4403 866 4465 huius
888 4401 1037 4477 habiti,
1061 4402 1129 4464 hic
1152 4421 1326 4477 morsus,
1350 4401 1475 4463 huius
1498 4398 1636 4461 morsi.

198 4647 245 4722 ⁴¹)
265 4657 310 4720 sir,
328 4658 395 4710 viris
418 4659 485 4712 Cod.
508 4661 626 4712 Otnnino
645 4659 790 4712 delendum
808 4660 928 4720 videtur,
947 4659 1022 4710 deest
1039 4675 1149 4730 quoque
1167 4656 1243 4728 apud
1264 4655 1369 4707 Charis.
1388 4657 1406 4705 l.
1427 4673 1449 4704 e.
1477 4651 1512 4718 ⁴⁹)
1535 4641 1638 4722 dulei

277 4734 633 4826 ἆνδρός-αδελφηςανδρος
652 4747 719 4820 qu.
735 4737 919 4826 dsdpeedsltpn'
933 4741 1071 4797 Charisl.
1088 4762 1111 4796 c.
1132 4746 1167 4814 ⁵⁰)
1183 4760 1251 4814 prex
1272 4772 1302 4784 -
1323 4759 1424 4812 precps
1448 4738 1516 4792 eod.
1542 4739 1579 4808 ⁵¹)
1598 4737 1638 4788 vis

276 4829 315 4882 vis
328 4840 355 4882 et
372 4841 462 4884 cetera
477 4865 512 4874 -
530 4835 571 4887 vis
586 4835 626 4884 vis
644 4833 765 4887 ersCod.
787 4835 825 4906 ⁵¹)
845 4830 914 4884 lnec
926 4863 961 4872 -
976 4829 1044 4882 luteo
1059 4829 1128 4882 hsce
1147 4830 1214 4882 Coa.
1236 4831 1270 4900 ⁵³)
1290 4825 1401 4878 habitus
1413 4856 1447 4866 -
1463 4821 1554 4876 obitus
1572 4824 1640 4876 Cod.

192 4955 235 5026 a)
259 4954 407 5024 Virgnen.
422 4958 487 5012 ΧΠ.
500 4963 558 5016 170-
570 4955 619 5010 ubi
631 4957 829 5028 nunclegitur:
849 4964 1042 5029 setigeraequs.
1061 4957 1092 5026 b)
1112 4955 1216 5008 Lucan.
1232 4949 1327 5007 Phsrs.
1339 4952 1402 5004 Vll.
1417 4956 1479 5008 217.
1491 4950 1548 5003 Cir·
1564 4949 1640 5002 Serv-

277 5041 311 5094 sd
330 5045 405 5114 Virg.
423 5049 490 5097 Aen.
507 5043 559 5096 111.
576 5051 619 5102 22.
641 5055 669 5100 et
685 5043 731 5099 adi
748 5044 968 5098 dissertationem
983 5041 1116 5112 degener.
1128 5043 1198 5113 sing.
1209 5059 1268 5102 vec.
1286 5058 1381 5104 cornu,
1400 5037 1472 5109 gelu,
1490 5055 1505 5088 s
1524 5034 1640 5088 doctiss.

278 5130 395 5185 Freuud.
420 5131 486 5188 Lex.
506 5131 592 5187 latino
611 5132 634 5188 l.
654 5138 678 5194 l.
697 5151 724 5204 p.
740 5131 838 5188 vat
863 5147 900 5186 ss.
917 5128 1102 5202 praemissam.
