4022 6068
150 1043 422 1130 naemu
453 1045 561 1129 nn
584 1043 793 1151 anun
818 1043 1315 1133 onnuummon
1338 1044 1610 1132 ennon.

206 1377 254 1436 -Ι,
279 1371 394 1437 *Ans
416 1375 642 1457 grammatica
666 1375 835 1439 institutio
859 1376 1029 1439 sermonis
1051 1377 1165 1462 periti.
1189 1377 1283 1440 llaec
1305 1379 1357 1440 his
1379 1376 1482 1439 rebus
1498 1369 1719 1438 conti-'nnn

149 1487 256 1537 netur:
281 1475 415 1552 litteris,
439 1475 590 1556 syllabis,
615 1477 825 1555 accentibus,
848 1478 1013 1564 pedibus,
1042 1479 1307 1564 Vlllpartibus
1323 1477 1501 1551 orationis,
1525 1495 1610 1539 ano-

149 1576 237 1640 malis
258 1580 301 1660 ¹),
329 1578 440 1652 vitiis,
470 1579 606 1661 liguris,
637 1577 799 1641 clausulis
819 1581 865 1660 ²),
890 1581 1025 1654 metris,
1049 1581 1259 1664 etymologia
1274 1574 1318 1662 ³),
1342 1579 1609 1664 orthographia,

149 1679 361 1762 expositione
382 1680 628 1743 historicorum
645 1694 680 1744 et
695 1693 877 1765 poetarum
893 1673 934 1766 ⁴).
957 1682 1011 1744 De
1027 1681 1152 1766 quibus
1168 1682 1276 1746 titulis
1293 1684 1357 1746 hac
1371 1681 1609 1746 moderatione

150 1778 313 1856 tractabo,
346 1793 384 1843 nt
413 1785 584 1866 superflua
615 1782 809 1867 despiciens
832 1773 879 1866 ⁵),
911 1784 1104 1846 necessaria
1133 1783 1286 1849 breviter
1315 1805 1514 1874 exponens,
1546 1801 1612 1845 neo

150 1880 296 1946 fraudem
320 1883 482 1946 studiosis
504 1883 647 1960 faciam,
670 1905 735 1948 nec
759 1883 932 1948 fastidium
956 1884 1121 1950 delicatis.
1288 1893 1292 1896 ’

223 1987 255 2047 2.
280 1984 340 2046 De
368 1984 525 2050 littera.
555 1986 687 2048 Littera
715 1987 807 2050 dicta
835 1988 933 2072 quasi
955 1986 1114 2071 legitera,
1145 2007 1186 2052 eo
1211 1989 1306 2073 quod
1327 1988 1522 2071 legentibus
1546 1988 1611 2048 iter

148 2096 291 2168 praestet
308 2090 349 2169 ¹).
380 2086 432 2149 Ea
459 2099 511 2151 est
532 2089 630 2152 vocis
661 2089 861 2152 articulatae
888 2109 968 2174 pars
998 2090 1143 2153 minima
1160 2081 1201 2172 ⁶).
1232 2091 1315 2153 Vox
1346 2102 1460 2152 autem
1484 2088 1611 2152 dicitur

149 2187 335 2261 articulata,
359 2209 447 2271 quae
470 2189 576 2253 scribi
597 2202 727 2276 potest;
752 2191 911 2267 conlusa,
936 2213 1023 2275 quae
1047 2192 1153 2257 scribi
1174 2211 1246 2255 non
1269 2203 1393 2276 potest.

224 2292 255 2354 3.
280 2288 430 2354 Litterae
453 2293 615 2355 accidunt
639 2295 666 2372 ⁷)
689 2292 757 2356 1112
781 2313 926 2368 nomen,
951 2293 1076 2377 figura,
1099 2307 1261 2380 potestas.
1283 2293 1422 2356 Nomen
1445 2304 1513 2367 est,
1537 2311 1610 2376 quo

149 2403 300 2466 vocatum
323 2392 449 2475 figura,
473 2414 542 2478 qna
564 2393 736 2468 scribitur,
760 2407 931 2480 potestas,
954 2416 1023 2480 qua
1046 2396 1131 2482 qnid
1153 2393 1264 2482 possit
1286 2408 1429 2480 apparet
1443 2391 1488 2476 ⁶).

224 2496 253 2557 t.
278 2492 488 2557 Litterarum
504 2497 647 2558 nomina
669 2496 962 2561 declinationibus
985 2509 1120 2574 carent,
1144 2499 1330 2583 neutrique
1353 2507 1433 2560 sunt
1455 2495 1610 2580 generis3

150 2595 233 2658 unde
257 2594 383 2659 Cicero
406 2597 443 2660 in
465 2597 624 2661 Verrinis
646 2635 689 2646 —-
709 2619 843 2683 usque
868 2599 918 2662 ad
941 2599 1119 2662 alterum
1144 2599 1196 2664 lt·
1214 2603 1257 2680 e).

225 2703 256 2761 5.
279 2696 431 2762 Litterae
454 2718 575 2762 omnes
599 2712 657 2762 aut
672 2702 809 2764 vocales
833 2702 997 2765 dicuntur
1018 2713 1077 2765 aut
1091 2714 1331 2766 consonantes.
1354 2700 1504 2764 Vocales
1520 2713 1610 2775 sunt,

151 2818 230 2882 quae
252 2811 288 2862 et
311 2801 405 2864 sonis
428 2801 659 2885 singularibus
683 2815 843 2867 constant
864 2816 898 2866 et
921 2803 1013 2867 solae
1037 2804 1183 2886 syllabas
1203 2799 1231 2887 Β)
1255 2803 1405 2879 iaciunt,
1435 2803 1509 2865 sine
1534 2801 1612 2884 qui-

151 2900 207 2964 bus
227 2902 323 2966 nulla
350 2901 481 2982 syllaba
509 2917 722 2989 procreatur.
755 2905 844 2969 Sunt
865 2919 980 2969 autem
1003 2925 1149 2971 numero
1171 2904 1222 2968 V:
1247 2905 1298 2967 ·Α·
1326 2905 1376 2967 ·Ε·
1395 2904 1437 2980 fl·
1461 2901 1519 2966 ·Ο·
1544 2901 1611 2977 ·U·,

153 3004 336 3086 quaelicet
359 3023 481 3068 omnes
504 3006 693 3070 dichronae
716 3006 843 3088 eiust),
868 3009 905 3071 id
928 3020 994 3080 est,
1024 3022 1058 3071 et
1079 3008 1227 3094 produci
1250 3019 1285 3070 et
1307 3005 1436 3091 corripi
1459 3002 1610 3088 possint,

151 3117 257 3168 tamen
281 3107 332 3170 Ἀ·
356 3106 393 3169 ·l·
418 3106 471 3170 ·U·
494 3108 531 3171 in
552 3120 702 3194 utroque
725 3123 882 3196 tempore
905 3110 1053 3172 similem
1075 3110 1255 3196 possident
1277 3129 1419 3181 sonum,
1443 3118 1480 3168 nt
1503 3124 1608 3178 acer,

151 3227 273 3285 amor,
305 3210 406 3286 itur,
438 3210 534 3285 iter,
564 3231 686 3287 nnus,
716 3212 796 3276 ubi.
827 3213 878 3276 ·E·
911 3231 994 3274 vero
1023 3225 1058 3274 et
1081 3211 1137 3276 ·Ο·
1161 3211 1347 3298 dupliciter
1372 3208 1606 3294 proferuntur.

151 3307 230 3373 Nam
259 3333 339 3375 cum
368 3313 557 3398 corripitur
585 3313 635 3376 ·E·
665 3335 730 3399 pro
759 3323 803 3378 ·Ε·
825 3334 950 3400 graeco
970 3316 1000 3395 ⁹)
1024 3325 1091 3388 est,
1122 3326 1162 3377 ut
1184 3332 1275 3397 ego;
1300 3331 1378 3374 cum
1401 3309 1608 3395 producitur

152 3431 210 3496 pro
238 3421 302 3489 ·H·,
332 3427 371 3477 ut
401 3415 523 3479 Leda.
556 3414 713 3500 itemque
743 3416 801 3481 ·0·
830 3437 909 3480 cum
938 3417 1127 3501 corripitur
1154 3435 1227 3502 pro,
1244 3421 1297 3476 ·0·
1324 3431 1450 3496 graeco
1475 3423 1542 3487 est,
1573 3420 1611 3472 ut

151 3515 282 3597 polus,
306 3537 386 3580 cnm
406 3517 614 3603 producitur
635 3538 700 3604 pro
724 3523 777 3580 ·Ω·
795 3520 835 3601 ¹⁰)
857 3532 897 3583 ut
918 3518 1055 3583 Roma.

230 3618 258 3684 6.
281 3619 464 3683 Praeterea
487 3619 524 3682 ·1·
549 3632 583 3683 et
605 3620 658 3682 ·U·
678 3633 857 3684 transeunt
878 3621 914 3684 in
932 3621 1196 3685 consonantium
1210 3629 1416 3704 potestatem
1442 3633 1520 3679 cum
1538 3615 1611 3698 pri-

153 3738 222 3782 mae
243 3721 279 3783 in
309 3720 448 3803 syllabis
470 3722 615 3807 positae,
639 3722 694 3786 uel
718 3725 812 3809 ipsae
826 3725 927 3787 'inter
949 3729 985 3788 se
1008 3725 1194 3786 cohaerent
1219 3722 1271 3802 ¹¹),
1293 3733 1332 3784 ut
1355 3717 1610 3794 1nno,vita,

154 3821 321 3898 velabis,
352 3823 530 3888 voca¹ibns
561 3824 784 3909 copulantur,
813 3839 852 3890 ut
879 3824 1019 3900 lanus,
1048 3824 1247 3904 Venus‘).
1281 3822 1351 3886 Sed
1380 3822 1433 3884 ·U·
1458 3839 1537 3883 cum
1560 3829 1612 3882 est

155 3941 337 3990 consonans
351 3926 526 4010 digamma
540 3929 592 4008 ¹¹),
606 3926 758 3994 aeolicae
778 3920 818 4012 ¹³)
839 3928 987 4004 litterae,
999 3927 1156 4010 fungitur
1171 3945 1257 3989 sono
1276 3915 1326 4007 ¹¹),
1348 3937 1387 3987 nt
1409 3917 1610 4000 Venuss).

199 4182 217 4249 ¹)
242 4181 370 4236 monialis
389 4213 424 4226 -
443 4181 568 4235 anomali·
581 4202 612 4237 us
632 4189 701 4254 (sic)
724 4186 791 4238 cod.
811 4185 835 4256 ¹)
856 4182 985 4238 clausulis
999 4215 1035 4228 -
1047 4181 1158 4236 clasulit
1180 4184 1247 4238 Cod.
1266 4184 1288 4254 ³)
1309 4179 1474 4252 etymologia
1486 4210 1523 4222 -
1535 4176 1614 4248 ethy-

251 4268 368 4342 mologia
389 4271 456 4323 Ccd.
477 4271 502 4342 ⁴)
522 4270 623 4324 litteris
642 4303 678 4314 —
695 4281 848 4344 poctarum.
867 4273 945 4324 Ilaec
963 4292 1050 4346 tttarg.
1060 4277 1184 4326 interiori
1202 4264 1358 4340 adscriptae
1375 4282 1449 4322 eunt.
1478 4269 1500 4340 ⁵)
1520 4264 1615 4338 despi-

252 4359 325 4410 ciens
343 4389 380 4402 -
400 4357 552 4430 dispiciens
572 4361 639 4415 Cod.
659 4361 683 4433 ⁶)
701 4361 812 4412 minima
833 4359 900 4412 Cod.
919 4379 1022 4415 exem.
1039 4381 1082 4432 pr.
1101 4380 1136 4414 m.
1155 4361 1268 4412 minitae
1289 4359 1357 4412 cod.
1377 4376 1450 4427 apr.
1470 4375 1506 4410 m.
1526 4358 1549 4427 ⁷)
1568 4371 1614 4406 ac-

254 4443 349 4498 cidunt
373 4478 411 4488 —
433 4445 571 4500 accedunt
596 4449 663 4500 cod.
692 4450 716 4519 ¹)
744 4445 863 4517 syllabas
895 4449 961 4501 cod.
986 4469 1020 4502 ee
1043 4469 1093 4502 em.
1109 4469 1151 4521 pr.
1171 4469 1206 4502 m.
1232 4443 1364 4516 syllabam
1393 4445 1460 4497 Ccd.
1481 4463 1498 4495 a
1515 4463 1557 4512 pr.
1576 4461 1611 4494 m.

252 4537 274 4604 ³)
292 4552 390 4604 graeco
408 4565 443 4576 -
462 4553 543 4605 greco
566 4537 631 4589 Coei.
651 4549 678 4590 et
696 4542 874 4590 mortiterum
893 4537 940 4590 dis.
962 4537 997 4609 ¹⁰)
1018 4539 1056 4590 u·
1075 4568 1111 4577 —
1130 4537 1173 4589 ·0·
1195 4535 1262 4588 cod.
1290 4536 1325 4605 ¹¹)
1345 4529 1547 4583 cohaerent-
1565 4547 1613 4582 cc·

252 4619 347 4676 herent
368 4623 435 4677 cod.
458 4628 492 4691 ¹²)
512 4621 659 4694 digamma3
686 4631 725 4678 ita
744 4625 892 4678 secundum
910 4629 994 4696 ipsius
1012 4630 1133 4678 auctoris
1151 4626 1237 4676 nostri
1255 4637 1386 4673 canonem
1403 4619 1544 4669 scribimus
1561 4635 1612 4688 pro

251 4716 346 4765 vitioso
365 4707 522 4780 deganamac
543 4713 609 4765 cod.
630 4711 665 4780 ¹¹)
683 4709 802 4765 aeolicae
820 4745 856 4756 -
874 4711 978 4767 colicas
999 4713 1066 4765 Cod.
1089 4711 1124 4782 ¹⁴)
1140 4727 1209 4762 sono
1231 4707 1297 4761 Ccd.
1315 4726 1348 4758 ex
1364 4723 1414 4757 em.
1432 4725 1474 4774 pr.
1494 4721 1529 4756 m.
1549 4700 1612 4756 locs

255 4799 320 4852 cod.
339 4819 357 4851 a
375 4818 418 4869 pr.
437 4817 473 4853 m.

201 4907 225 4972 a)
249 4903 288 4956 cl.
306 4903 434 4973 Sergium
451 4906 481 4956 iu
499 4905 601 4958 Donat.
631 4909 708 4963 1826.
729 4906 758 4958 Ρ.
779 4902 827 4956 uhi
845 4905 958 4975 legitur:
986 4923 1017 4956 eo
1035 4905 1111 4976 quod
1128 4907 1207 4974 quasi
1225 4901 1376 4973 legentibus
1394 4909 1446 4950 ater
1463 4898 1612 4969 adlegen-

255 4992 317 5045 dum
340 4993 466 5046 ostendit.
498 4992 525 5063 b)
554 4991 596 5045 Cl.
625 4991 701 5063 Serg.
721 4992 751 5045 in
769 4993 872 5046 Donat.
894 4997 970 5052 [8¹29.
991 4993 1020 5044 P.
1046 4993 1071 5058 c)
1099 4989 1141 5042 Cl.
1169 4987 1260 5042 locum
1288 4986 1432 5039 manifesto
1452 4992 1612 5055 corruptum

253 5079 347 5152 Pomp.
366 5097 396 5153 p.
414 5084 459 5139 84.
479 5077 562 5133 Lind.
582 5081 611 5149 d)
632 5079 674 5133 Cl.
695 5080 771 5152 Serg.
792 5080 820 5133 iu
839 5081 940 5136 Donat.
962 5084 1040 5139 1825.
1060 5079 1089 5132 Ρ.
1109 5081 1135 5153 a)
1155 5077 1199 5131 Cl.
1218 5076 1294 5148 Serg.
1314 5075 1343 5128 in
1361 5075 1463 5129 Donat.
1485 5079 1562 5133 1827.
1583 5073 1614 5124 P·

246 5169 284 5234 J)
303 5166 346 5222 cf.
365 5166 443 5237 Serg.
463 5169 491 5221 in
510 5163 612 5222 Donat.
634 5173 711 5228 1827.
732 5169 762 5221 P.
