4036 6068
407 519 475 590 m
862 511 1418 570 ttuootauslttttoit.

494 665 566 730 456.
596 663 698 726 item.
713 673 792 726 eunt
820 661 979 736 aomina,
1009 679 1099 746 quae
1128 661 1182 724 ·U·
1205 659 1355 724 litteram
1380 653 1424 742 5“)
1447 673 1482 724 et
1498 654 1544 742 61)
1572 660 1609 724 in
1632 657 1721 726 ·OE·
1745 657 1879 726 litteras

408 777 611 830 convertant
628 755 680 846 ⁵³),
704 777 864 850 utputa:
888 783 1117 841 murorum,
1140 775 1176 826 et
1198 782 1452 838 moerorum,
1475 775 1509 826 et
1532 775 1646 827 cetera
1669 762 1761 828 talia.

491 870 564 934 457.
591 867 695 932 Nunc
725 867 907 952 quoniam,
939 885 1028 951 qnae
1055 865 1190 930 litterae
1210 857 1253 948 ’4)
1283 865 1535 942 subducantur,
1564 865 1621 930 vel
1635 860 1677 946 55)
1702 885 1792 952 qnae
1814 865 1879 930 ad-

281 1009 284 1014 ·
405 970 567 1034 iiciantur
584 961 645 1054 δυ’),
673 991 739 1034 nec
761 989 833 1034 non
852 963 893 1051 ⁵⁷)
924 979 958 1032 et
980 968 1017 1032 iu
1040 987 1125 1052 quas
1148 968 1279 1032 litterae
1304 958 1344 1048 ⁵⁸)
1368 979 1633 1044 convertantur,
1656 967 1877 1031 demonstra-

404 1074 527 1150 vimus,
551 1087 585 1137 et
606 1074 686 1138 ideo
710 1075 777 1137 hoo
799 1089 998 1148 monemus,
1029 1081 1067 1132 ut
1090 1089 1179 1153 qnae
1202 1069 1257 1133 vel
1280 1081 1366 1155 quot
1392 1071 1465 1134 sint
1485 1071 1645 1146 nomina,
1678 1091 1767 1155 qnae
1790 1072 1878 1134 haec

403 1177 517 1240 iacere
538 1177 674 1262 possint
689 1170 745 1259 ⁵⁰),
770 1176 837 1239 hoc
860 1174 897 1238 in
920 1173 1170 1258 orthographia
1184 1165 1228 1255 ⁰⁰)
1250 1185 1489 1260 competenter
1506 1185 1652 1236 tractare
1675 1173 1880 1237 debeamus.

488 1283 562 1344 458.
576 1278 663 1342 Sunt
675 1277 829 1351 nomina,
845 1296 935 1362 alnae
945 1267 987 1359 ο”·)
1005 1295 1077 1338 rem
1094 1271 1551 1360 animalsmfflmtgnifieam,
1566 1286 1716 1360 utputa:
1739 1275 1878 1349 honac,

403 1382 481 1457 leo,
505 1401 637 1466 equus
651 1373 706 1461 ⁶³),
731 1399 890 1465 passer,
914 1390 948 1441 et
971 1390 1086 1442 cetera
1107 1376 1201 1454 talia,
1224 1399 1313 1463 quae
1335 1379 1487 1442 animam
1504 1376 1629 1440 hahere
1647 1377 1877 1462 reperiantur.

490 1486 563 1552 leo.
586 1484 676 1549 Sunt
696 1483 857 1555 nomina,
881 1499 970 1564 quae
993 1500 1066 1542 rem
1089 1480 1312 1544 inanimalem
1335 1481 1542 1565 significant,
1565 1491 1727 1565 utputa:
1750 1477 1878 1564 lapis,

402 1587 567 1664 (lomus,
591 1585 754 1670 lignum
779 1597 813 1646 et
836 1594 950 1646 cetera
972 1581 1064 1657 talia,
1089 1603 1179 1667 quae
1195 1583 1345 1646 animam
1361 1602 1432 1646 non
1450 1582 1577 1646 habere
1592 1574 1878 1667 reperiantur⁶³);

487 1689 561 1755 460.
586 1687 674 1751 Sunt
695 1685 857 1760 nomina,
881 1704 969 1768 quae
992 1705 1065 1748 rem
1089 1683 1307 1770 corporalem
1331 1684 1538 1769 significant,
1561 1697 1723 1768 utputa:
1746 1697 1877 1762 terra,

401 1791 540 1867 navis,
564 1809 673 1852 mare
697 1801 730 1852 et
753 1799 867 1852 cetera
888 1787 989 1863 talia,
1013 1807 1102 1871 qnae
1126 1806 1253 1871 corpus
1275 1785 1403 1850 hahere
1426 1789 1654 1884 reperiantur.

486 1894 559 1958 461.
590 1891 679 1956 Sunt
706 1890 868 1964 nomina,
901 1909 990 1973 alnae
1018 1885 1091 1952 rein
1121 1888 1377 1974 incorporalem
1406 1880 1688 1974 significant‘⁶‘),
1711 1899 1751 1952 ut
1771 1899 1874 1974 puta:

400 1996 557 2082 pietas,
580 1993 769 2069 iustitia,
792 1991 918 2056 dolor
940 2003 974 2054 et
996 2003 1110 2054 cetera
1125 1983 1182 2074 t⁰),
1208 2009 1296 2077 quae
1318 2005 1399 2056 sunt
1421 1991 1673 2078 incorporalia,
1695 2003 1736 2054 nt
1756 2010 1876 2076 gram-

400 2097 519 2162 matici
540 2107 672 2182 putant.

485 2201 558 2266 too.
590 2198 679 2262 Sunt
708 2197 871 2273 nomina,
901 2217 990 2280 quae
1022 2216 1094 2259 rem
1122 2197 1267 2282 proprie
1294 2198 1569 2262 communiterve
1588 2189 1635 2280 ⁰⁷)
1658 2193 1876 2280 significant3

399 2301 541 2387 proprie
554 2291 609 2381 68),
628 2312 667 2364 ut
681 2312 780 2384 puta:
805 2291 1000 2380 Roman),
1024 2298 1053 2360 'l'
1060 2297 1199 2362 iberis
1216 2301 1269 2379 ⁷⁰),
1292 2298 1689 2380 Diocletianae⁷¹)·)
1712 2306 1877 2360 etcetera

401 2405 498 2478 talia;
522 2403 754 2466 cornmuniter
774 2413 814 2464 ut
835 2415 936 2486 puta:
967 2399 1080 2477 urbs,
1104 2400 1284 2477 llnmen,
1315 2404 1503 2466 thermae
1522 2404 1564 2484 ⁷²)
1586 2412 1621 2465 et
1643 2411 1757 2464 cetera
1779 2397 1875 2462 talia.

484 2506 558 2570 463.
582 2504 671 2569 Sunt
692 2503 834 2568 uomina
856 2503 1043 2587 generalia,
1065 2515 1103 2566 nt
1125 2515 1223 2589 puta:
1247 2506 1392 2583 homo,
1415 2505 1527 2583 avis,
1549 2502 1680 2568 arbor
1701 2513 1736 2566 et
1758 2510 1876 2564 cetera

401 2601 573 2687 talia⁷³).·
901 2597 905 2604 ’

340 2729 391 2790 ὠς.
485 2709 558 2774 464.
587 2705 676 2771 Sunt
702 2707 846 2770 nomina
865 2701 907 2789 ⁷⁴)
936 2706 1116 2792 specialia,
1147 2719 1184 2770 nt
1212 2719 1313 2793 puta:
1345 2706 1473 2786 Cato,
1496 2705 1717 2781 columba,
1738 2705 1875 2790 pinus

400 2823 434 2876 et
457 2823 571 2876 cetera
594 2809 685 2873 talia.

485 2914 558 2978 465.
591 2913 679 2976 Sunt
704 2911 848 2976 nomina
876 2911 1036 2998 propria,
1068 2911 1104 2976 id
1127 2924 1195 2989 eat,
1218 2913 1376 2976 Deorum
1399 2925 1434 2978 et
1454 2912 1658 2988 hominnm,
1682 2907 1809 2997 quihus
1829 2903 1874 2992 5⁵)

398 3027 579 3081 vocantur.

484 3119 558 3184 466.
582 3115 671 3180 Sunt
692 3116 835 3178 nomina
857 3115 1076 3201 appellativa,
1100 3116 1136 3180 id
1159 3127 1227 3192 est,
1250 3118 1452 3182 animalium
1472 3117 1531 3182 vel
1553 3137 1642 3202 quae
1666 3105 1709 3199 Β)
1738 3133 1784 3176 ex
1808 3113 1874 3176 ali·
1936 3157 1941 3166 .

401 3239 470 3304 qua
497 3239 534 3282 re
564 3218 764 3282 homiuibus
794 3218 974 3282 accedunt.
1011 3217 1157 3302 Propria
1179 3224 1222 3303 5⁷)
1255 3219 1437 3284 hominum
1465 3221 1609 3284 nomina
1637 3218 1674 3281 in
1707 3227 1874 3302 quattuor

402 3321 535 3406 species
557 3320 772 3384 dividuntur:
797 3340 1076 3406 praenomen,
1098 3340 1265 3400 nomen,
1290 3341 1546 3407 cognomen,
1569 3338 1790 3406 agnomen.

488 3421 721 3499 Praenomen,
744 3435 783 3486 nt
805 3436 904 3508 puta:
929 3423 1111 3487 Publius
1126 3417 1185 3506 ²⁸);
1207 3443 1357 3503 nomen,
1382 3423 1634 3500 Cornelium
1658 3439 1870 3506 cognomen,

404 3523 567 3610 Scipio;
590 3545 780 3609 agnomen,
803 3524 1036 3588 Africanus
1057 3528 1111 3608 5⁹).

487 3629 559 3693 467.
585 3627 672 3691 Sunt
694 3628 854 3703 nomina,
882 3647 970 3712 qnae
1001 3627 1127 3691 Graeci
1150 3633 1213 3691 τῶν
1236 3633 1312 3708 πρός
1334 3653 1364 3692 aa
1380 3624 1424 3713 ⁸⁰)
1455 3628 1647 3715 appellant,
1670 3626 1802 3718 idest,
1826 3625 1872 3688 ad

446 3855 484 3926 51)
504 3853 589 3907 ltern.
659 3851 778 3905 litteram
797 3853 828 3906 Β.
841 3851 877 3906 V.
890 3853 920 3904 P.
939 3875 976 3902 =
992 3854 1029 3906 A.
1049 3853 1085 3922 Β·)
1103 3863 1132 3908 ot
1146 3855 1179 3908 Β.
1194 3855 1231 3908 V.
1248 3877 1286 3904 =
1301 3855 1339 3909 A.
1359 3855 1395 3925 ῃ)
1416 3860 1575 3908 convertant
1594 3854 1630 3908 V.
1645 3852 1681 3904 A.
1699 3883 1736 3894 -
1754 3869 1872 3904 eonver-

509 3948 573 3995 tant
589 3941 621 3994 Β.
642 3942 680 4013 ⁵⁴)
697 3938 806 3993 litterae
824 3940 857 3992 B.
875 3941 912 3994 A.
931 3931 968 3984 --¹
984 3938 1076 3994 littera
1095 3941 1131 3994 V.
1152 3943 1188 4011 Η)
1207 3941 1255 3996 vel
1268 3943 1301 3996 B.
1320 3971 1358 3984 -
1375 3950 1405 3994 et
1424 3942 1460 3995 V.
1476 3943 1513 3994 A.
1542 3941 1577 4008 56)
1596 3938 1763 3996 adiiciantnr
1781 3941 1818 3995 V.
1835 3940 1873 3992 A.

509 4057 544 4070 --
563 4024 691 4082 dieantur
708 4029 741 4082 B.
761 4029 797 4099 ⁵⁷)
815 4044 868 4080 nce
887 4045 942 4080 nou
959 4030 992 4083 B.
1012 4030 1049 4084 V.
1068 4027 1165 4083 -ret
1183 4047 1240 4084 uon
1256 4030 1293 4084 A.
1314 4032 1349 4100 ⁵¹)
1368 4027 1475 4083 litteras
1488 4030 1521 4083 Β.
1539 4030 1577 4086 V.
1589 4029 1618 4082 Ρ.
1638 4052 1675 4078 =
1690 4029 1728 4082 A.
1748 4030 1785 4099 ⁵⁹)
1805 4045 1875 4100 pea-

510 4116 567 4169 tinl
585 4117 621 4170 V.
633 4117 671 4169 A.
684 4117 716 4169 Β.
737 4135 771 4170 ea
788 4135 839 4170 ena.
856 4136 899 4186 pr.
917 4135 953 4168 m.
972 4148 1007 4160 -·
1032 4125 1152 4187 potsunt
1166 4119 1200 4172 B.
1220 4138 1238 4172 a
1255 4138 1297 4190 pr.
1317 4137 1351 4170 m.
1379 4119 1416 4187 60)
1440 4114 1634 4188 orthographia
1661 4117 1697 4170 V.
1716 4115 1753 4168 A.
1772 4145 1809 4159 -
1827 4135 1876 4167 or-

510 4199 641 4272 thogralia
659 4205 691 4258 Β.
711 4206 749 4277 ⁶¹)
769 4221 838 4276 qnae
859 4205 895 4257 V.
915 4206 951 4258 A.
970 4205 1003 4258 B.
1022 4225 1056 4258 ea
1074 4225 1125 4260 erra.
1142 4226 1185 4275 pr.
1205 4225 1240 4258 m.
1260 4237 1295 4248 -
1313 4223 1394 4278 quem
1411 4207 1444 4260 B.
1463 4226 1482 4259 a
1498 4225 1542 4277 pr.
1560 4223 1597 4260 aa.
1622 4205 1658 4274 4’)
1676 4200 1821 4256 animalem
1840 4203 1874 4257 B.

510 4292 547 4347 V.
560 4291 589 4344 P.
598 4289 795 4344 -animalintn
803 4293 841 4346 A.
860 4295 1153 4365 ⁶³)equua-e11usB.
1165 4295 1200 4348 V.
1214 4296 1242 4348 Ρ.
1252 4323 1289 4336 -
1298 4311 1361 4364 grue
1370 4293 1407 4346 A.
1427 4295 1464 4364 64)
1478 4291 1734 4364 reperiautotB.V.
1745 4293 1776 4346 P.
1785 4309 1875 4343 -re·

508 4379 652 4450 periuntur
670 4380 704 4432 A.
731 4380 769 4451 ο5)
794 4380 950 4450 significant
968 4382 1004 4436 V.
1023 4381 1059 4434 A.
1079 4409 1114 4422 -
1132 4381 1275 4451 significat*
1294 4383 1327 4436 B.
1354 4383 1391 4452 σε)
1412 4389 1441 4434 et
1458 4389 1549 4434 cetera
1566 4382 1599 4435 B.
1624 4381 1661 4435 V.
1680 4386 1764 4442 -,et
1782 4387 1876 4432 cetera

508 4463 571 4520 talia
590 4467 626 4520 A.
646 4469 683 4534 ⁰⁷)
703 4469 814 4539 proprie
833 4469 1047 4522 communiterve
1064 4471 1096 4522 Β.
1117 4471 1177 4537 (aad
1194 4469 1318 4540 propria)
1339 4471 1374 4524 V.
1394 4470 1424 4522 P.
1443 4492 1481 4518 =
1496 4470 1533 4523 A.
1554 4471 1590 4538 6’)
1609 4467 1722 4540 proprie
1741 4467 1822 4524 ΚΡ.
1838 4497 1877 4510 -

508 4555 636 4628 proptiae
653 4556 686 4608 B.
705 4579 742 4604 =
759 4556 795 4609 A.
816 4559 853 4630 69)
872 4557 957 4610 Roma
977 4558 1013 4610 V.
1033 4558 1063 4610 Ρ.
1083 4587 1118 4602 -
1137 4557 1238 4610 Romae
1257 4559 1339 4631 A.7··=
1354 4558 1386 4610 Β.
1406 4559 1446 4628 '·)
1466 4555 1578 4610 Tiberia
1597 4558 1633 4612 V.
1649 4557 1686 4610 A.
1705 4587 1741 4597 —
1760 4552 1878 4608 'l'iberia

506 4641 601 4696 Tibris
618 4644 651 4698 Β.
671 4648 707 4714 ⁷¹)
726 4641 916 4698 Diocletianae
936 4646 973 4700 V.
993 4673 1025 4688 -·
1045 4643 1213 4698 Dioclitiane
1238 4647 1271 4698 Β.
1297 4675 1332 4688 ·-
1350 4642 1516 4698 Docletiaue
1535 4647 1564 4697 P.
1581 4667 1618 4694 =
1632 4644 1670 4697 A.
1695 4647 1731 4714 ²¹)
1752 4639 1877 4698 thersitae

504 4733 537 4788 Β.
554 4734 589 4786 V.
605 4733 637 4786 P.
663 4763 700 4774 -
724 4741 810 4786 terme
835 4733 872 4786 A.
900 4735 938 4802 ⁷³)
959 4733 1105 4788 Sunt....
1126 4731 1190 4786 talia
1207 4735 1240 4788 B.
1258 4735 1295 4790 V.
1314 4757 1351 4783 =
1368 4733 1403 4786 A.
1424 4734 1460 4802 ⁷⁴)
1479 4731 1590 4786 uomina
1606 4733 1639 4786 B.
1653 4732 1698 4786 V.
1717 4733 1749 4784 P.
1769 4761 1806 4772 -·-
1824 4747 1877 4782 no-

504 4837 583 4874 mena
602 4815 638 4874 A.
658 4821 694 4890 75)
714 4819 814 4892 qtribua
832 4821 865 4874 Β.
881 4820 918 4875 V.
933 4821 964 4874 P.
983 4844 1020 4872 =
1036 4822 1072 4875 A.
1099 4823 1137 4893 ²⁶)
1155 4817 1199 4876 vel
1217 4839 1286 4894 quae
1304 4825 1337 4876 Β.
1355 4823 1391 4878 V.
1409 4823 1440 4875 Ρ.
1459 4851 1495 4864 -
1519 4829 1548 4874 et
1565 4837 1635 4890 quae
1652 4821 1690 4873 A.
1710 4820 1877 4891 mgentem

506 4909 627 4962 videtote
646 4906 689 4962 vel
707 4906 893 4962 inanimalium
911 4917 1036 4980 atquae.
1056 4914 1091 4980 ⁷⁷)
1112 4909 1223 4981 propria
1243 4911 1278 4964 V.
1298 4912 1333 4967 A.
1353 4916 1522 4980 -propter
1540 4909 1572 4962 B.
1591 4909 1627 4974 7’)
1648 4903 1763 4962 Publius
1780 4909 1817 4960 V.
1836 4909 1876 4960 A.

504 5023 540 5036 ·-
558 4991 673 5064 Pupliua
692 4997 724 5048 Β.
744 5001 779 5066 49)
797 4997 943 5050 Africanus
959 4999 992 5052 Β.
1006 4999 1041 5052 V.
1063 5027 1098 5039 -
1116 4996 1268 5050 affricanos
1287 4999 1322 5052 A.
1351 4999 1386 5066 ⁸⁰)
1407 4995 1459 5052 tait
1474 4989 1541 5078 πρός
1552 4993 1578 5052 ti
1593 4996 1624 5052 V
1622 5036 1629 5048 .
1647 5025 1684 5038 -
1700 5013 1747 5052 tta
1764 5013 1832 5075 προς
1847 5013 1878 5050 τι

506 5081 539 5133 Β.
559 5111 593 5120 -
613 5089 661 5134 ton
677 5085 766 5152 proeli
784 5085 813 5138 P.
834 5109 870 5136 =
889 5087 923 5140 A.

451 5184 484 5255 a)
511 5183 588 5257 Quae
609 5202 641 5237 ea
659 5182 793 5241 hocloco
814 5187 848 5242 de
868 5197 954 5244 aetate
974 5190 1069 5245 Nostri
1087 5189 1293 5263 intelliguntur,
1314 5193 1340 5244 in
1360 5190 1529 5263 praelatione
1549 5187 1763 5244 observavimus.
