4020 6068
506 1259 1400 1406 runnrnrrc

760 1639 1165 1652 m

338 2068 551 2156 Analectis
580 2070 876 2182 grammaticis,
908 2101 1018 2187 quae
1046 2067 1145 2154 Tibi
1172 2069 1260 2173 hic,
1291 2068 1341 2154 L.
1357 2069 1428 2174 B„
1460 2069 1694 2172 offerimus,

217 2227 507 2291 continentur:

339 2421 374 2506 l.
402 2419 1086 2508 M.CcrunnSrtcrunor1srrr1un
1106 2450 1450 2506 cnrnurrrcmuu
1465 2421 1695 2526 Lmurouo,

217 2583 333 2672 quos
354 2552 694 2670 deprompsimus
714 2587 736 2640 e
759 2552 925 2644 Codice¹
950 2555 1052 2640 olim
1075 2554 1347 2658 Bobicnsi,
1371 2586 1483 2638 nunc
1505 2551 1697 2639 Vindo-

216 2688 446 2776 bonensi
472 2687 555 2772 No.
585 2688 712 2794 XVI,
763 2687 972 2804 descripto
1000 2690 1235 2804 primuma
1271 2689 1496 2774 Donisio
1538 2697 1695 2790 (Codd.

215 2835 312 2910 ttrs.
335 2833 506 2930 theolog.
522 2831 709 2908 Biblioth.
733 2831 901 2938 thdob.
921 2834 1009 2908 Vol.
1028 2835 1082 2906 II.
1104 2835 1217 2906 Part.
1238 2833 1327 2930 tp.
1347 2826 1432 2910 628
1449 2835 1600 2936 seqq),
1614 2853 1695 2904 mt-

214 2957 401 3072 perrime
429 2979 569 3040 autem
596 2955 650 3040 ab
682 2953 1014 3042 Endlichero
1043 2968 1246 3066 (catalogi
1275 2965 1402 3040 Codd.
1428 2964 1568 3038 Philcl.
1602 2963 1694 3038 Lat.

209 3101 319 3175 Bibl.
339 3101 474 3176 Paua.
494 3097 664 3173 Wndob.
690 3127 734 3197 p.
766 3097 848 3176 215
874 3127 982 3204 seqq.
980 3104 1024 3188 J.
1057 3089 1209 3206 Implet
1227 3111 1420 3174 tractatus
1439 3111 1580 3172 noster
1598 3109 1694 3172 octo

212 3247 261 3312 et
286 3224 434 3336 viginti
462 3221 559 3308 solia
588 3223 908 3308 membranacea
937 3223 1224 3341 (rra—159)
1250 3223 1392 3308 seculo
1420 3222 1600 3337 septimo
1626 3219 1695 3306 vel

211 3360 390 3445 ineunte
426 3381 598 3460 octavo,
647 3358 879 3442 charactere
915 3354 1242 3470 longobardico,
1290 3357 1445 3462 forma,
1495 3385 1625 3471 quam
1650 3354 1693 3438 in

203 3490 327 3574 'foiio
352 3491 500 3576 minori
528 3492 664 3595 aiunt,
696 3491 858 3605 scripta.
897 3487 1180 3605 supersedere
1209 3487 1433 3574 commode
1462 3489 1693 3603 poterimus

209 3623 442 3708 minutiore
467 3625 690 3740 scripturae
711 3648 753 3708 et
771 3623 1087 3739 orthographiae
1107 3620 1409 3737 descriptione,
1439 3649 1578 3738 quum
1592 3619 1692 3704 alte-

213 3788 305 3842 ram
332 3760 544 3872 specimen
572 3757 806 3877 (fac-simile
826 3757 952 3872 vulgo
971 3755 1138 3873 vocant)
1167 3752 1399 3858 adiectum,
1432 3753 1603 3838 alteram
1620 3783 1691 3837 va-

211 3892 338 3976 rietas
366 3893 590 4007 scripturae
626 3915 741 3977 textu
774 3892 1019 3996 subnotata,
1058 3889 1285 3976 lectoribus
1316 3889 1569 3976 sufficienter
1593 3910 1690 3971 ante

210 4025 360 4112 oculos
391 4026 549 4112 sistant.

332 4159 442 4244 Sane
482 4155 716 4244 dolendum
765 4153 1133 4244 Sacerdotis
1187 4154 1436 4271 opusculum
1465 4182 1550 4239 non
1583 4153 1688 4238 inte-

209 4323 349 4404 grum,
377 4289 456 4378 sed
473 4294 820 4409 quaternionibus
839 4292 972 4378 tribus
990 4291 1234 4378 mulctatum
1255 4285 1311 4372 ad
1329 4317 1479 4372 aevum
1497 4309 1687 4372 nostrum

211 4428 466 4539 pervenisse.
502 4428 667 4512 Desunt
692 4428 890 4512 nimirum
917 4427 1212 4542 quaterniones
1239 4423 1397 4538 priores
1425 4417 1534 4524 duo,
1565 4421 1687 4506 item·

212 4589 303 4674 que
335 4562 557 4678 quaternio
583 4563 766 4679 quintus.
818 4559 967 4668 Quinti
993 4561 1214 4661 iacturam,
1246 4586 1356 4672 quae
1381 4556 1424 4640 in
1441 4554 1596 4638 librum
1621 4543 1685 4636 se-

207 4690 399 4796 cundum
425 4693 593 4799 incidit,
625 4694 837 4812 ‚equidem
864 4691 1121 4780 moderatius
1156 4693 1259 4776 serre
1286 4715 1528 4803 possemus,
1576 4675 1684 4804 quo-

203 4825 325 4910 niam
344 4829 654 4918 contectalibri
673 4823 1180 4944 secundiSacerdotis
1208 4819 1483 4908 crunProbi
1510 4822 1683 4906 catho-

200 4959 333 5044 licis
361 4963 464 5048 mire
484 4964 773 5071 consentiunt3
802 4961 1012 5078 prioribus
1032 4959 1200 5046 duobus
1225 4987 1326 5042 vero
1345 4955 1527 5058 amissis,
1558 4951 1682 5040 simul

201 5093 524 5182 Sacerdotis
542 5099 672 5189 nostri
691 5096 745 5183 de
764 5098 935 5185 nomine
951 5098 1035 5182 iere
1054 5093 1191 5180 omnis
1220 5113 1262 5178 ct
1280 5087 1334 5178 de
1351 5087 1600 5206 pronomine
1619 5088 1680 5170 in-

202 5224 377 5314 tercidit
394 5226 593 5318 doctrina.

1462 5359 1484 5399 a
