4020 6068
505 527 652 586 aarum
680 528 1010 591 GRAMMATlCARUM
1027 523 1135 585 LIBER
1153 529 1175 583 l.
1616 531 1638 594 9

161 679 264 744 niodo
273 678 479 764 imperativo
492 675 622 743 'Onon
633 677 684 742 ·E·
695 690 855 764 correpta
869 681 1108 755 terminantur,
1123 689 1161 741 ut
1177 673 1388 757 scribere,
1401 675 1443 742 di
1453 697 1497 740 ce
1507 701 1566 758 re,
1579 681 1635 745 ia-

160 803 268 859 cere,
294 782 466 858 ducere3
490 775 639 866 excepto
655 801 726 844 uno
745 781 865 858 verbo,
882 801 1008 866 genere
1021 793 1162 855 neutro,
1179 777 1392 862 quodmodo
1408 779 1542 844 infinito
1557 782 1631 846 sine

157 885 239 948 ·RE·
253 883 385 966 syllaba
398 884 614 960 terminatur,
627 895 680 945 ut:
703 883 814 961 volo,
827 883 914 946 vell
924 905 953 960 e,
977 895 1011 946 et
1023 901 1094 944 uno
1111 879 1281 944 defectivo
1296 901 1339 942 su
1349 901 1399 957 m,
1417 901 1458 944 es
1468 904 1482 944 s
1493 905 1527 958 e;
1549 904 1630 948 nam

159 989 247 1065 odi,
272 987 387 1062 novi,
411 984 594 1048 memini
617 984 721 1049 modo
741 985 981 1050 tantummodo
1000 983 1188 1046 indicativo
1217 980 1436 1044 declinantur
1451 985 1524 1048 sine
1542 999 1630 1049 tem-

158 1111 243 1177 pore
275 1089 417 1166 futuro,
448 1109 528 1152 nam
550 1106 713 1174 praesens
739 1101 772 1151 et
783 1089 1007 1174 praeteritum
1031 1085 1223 1170 perlectum
1242 1083 1366 1178 ‘simile
1393 1098 1453 1162 est,
1472 1099 1506 1148 et
1528 1109 1629 1172 prae-

158 1194 296 1256 teritum
319 1189 561 1278 imperfectum
585 1191 771 1279 praeterito
786 1188 1139 1276 plusquamperfecto.
1163 1185 1383 1248 Inveniemus
1407 1185 1527 1250 eorum
1551 1213 1629 1256 ver.

156 1295 280 1359 borum
296 1307 431 1380 tempus
442 1293 821 1381 plusquamperfectum
841 1293 937 1357 modi
951 1291 1094 1366 infiniti,
1116 1305 1155 1355 ut
1173 1300 1224 1353 est
1243 1287 1411 1364 odisse,
1434 1295 1624 1374 novisse,

157 1419 290 1462 nosse
318 1395 376 1463 vel
398 1397 669 1472 meminisse,
691 1397 848 1480 quamvis
869 1398 955 1461 haec
982 1398 1099 1461 omnia
1120 1399 1193 1460 sine
1217 1395 1461 1479 coniugatione
1482 1399 1560 1462 sint.

234 1505 287 1566 38.
312 1502 431 1565 Tertia
453 1500 652 1584 coniugatio
674 1497 862 1582 producta,
894 1521 997 1586 quam
1022 1501 1163 1587 quidam
1187 1512 1344 1586 quartam
1365 1499 1501 1579 dicunt,
1530 1504 1626 1568 modi

154 1603 332 1667 indicativi
355 1603 521 1690 temporis
543 1601 734 1688 praesentis
757 1603 893 1667 numeri
916 1604 1099 1688 singularis
1123 1605 1274 1669 secunda
1295 1625 1444 1689 persona
1468 1603 1532 1668 ·ls·
1557 1608 1626 1688 syl-

155 1705 228 1768 laba
259 1707 484 1782 terminatur,
508 1718 547 1769 ut
576 1705 749 1777 munio,
779 1706 945 1782 munis3
976 1709 1035 1770 sed
1059 1707 1106 1770 ·s·
1128 1707 1243 1771 littera
1266 1708 1302 1770 in
1325 1705 1416 1770 ·ΑΜ·
1441 1721 1570 1771 mutata
1589 1709 1628 1773 lit

157 1807 257 1871 loturi
278 1807 294 1838 ⁴
313 1809 500 1893 temporis,
517 1807 670 1870 eiusdem
688 1807 782 1870 modi
794 1808 907 1893 prima
922 1830 1087 1895 persona,
1111 1823 1149 1874 ut
1163 1811 1366 1885 muniam;
1391 1824 1537 1896 excepto
1554 1810 1738 1875 ihomas

156 1912 226 1973 etsi
243 1911 330 1996 quid
352 1911 433 1975 inde
454 1911 624 1986 nescitum
647 1909 804 1994 quamvis
830 1911 1031 1976 Terentius:
1061 1953 1103 1962 -
1124 1935 1209 1978 non
1232 1935 1323 1978 eam
1346 1905 1414 1994 ⁸⁵⁵),
1441 1935 1492 1978 ue
1514 1933 1627 1978 nunc

155 2013 322 2096 quidem
345 2017 371 2096 ⁶)
389 2025 421 2076 et
435 2010 608 2076 redeam
630 2011 897 2095 ⁶).-sed·Atu·
909 2014 1038 2095 syllaba
1053 2017 1205 2081 detracta
1212 2009 1254 2098 ⁰⁶)
1269 2031 1303 2081 et
1318 2017 1354 2080 ·l·
1364 2017 1477 2080 littera
1493 2019 1628 2100 integra

156 2129 350 2180 remanente
371 2117 408 2179 fit
425 2115 521 2178 modi
535 2114 732 2199 imperativi
749 2115 1057 2201 secundapersona
1071 2122 1207 2183 numeri
1224 2119 1426 2204 singularis,
1445 2132 1483 2181 ut
1499 2120 1624 2183 muni.

157 2217 239 2280 lluic
258 2217 349 2282 ·ΤΟ·
365 2219 499 2283 adiecta
521 2219 558 2280 fit
578 2216 728 2280 secunda
748 2230 781 2281 et
801 2221 901 2282 tertia
922 2240 1071 2304 persona
1088 2223 1224 2284 numeri
1246 2221 1445 2306 singularis,
1470 2221 1624 2284 ciusdem

156 2319 261 2395 modi,
279 2323 446 2406 temporis
462 2320 585 2396 futuri,
609 2331 648 2382 ut
676 2321 850 2384 munito.
874 2321 954 2405 Qua
972 2323 1008 2384 in
1030 2321 1113 2386 ·RE·
1138 2335 1268 2387 mutata
1283 2325 1320 2386 lit
1342 2323 1504 2387 infinitivi
1526 2324 1622 2386 modi

157 2432 288 2506 tempus
305 2441 409 2486 omne
427 2436 459 2486 et
476 2423 589 2486 omnis
605 2444 771 2508 persona,
788 2437 827 2486 ut
843 2427 1017 2490 munire.
1058 2435 1061 2442 ⁴

233 2522 293 2588 Sic
306 2545 427 2590 omnes
443 2525 631 2588 verborum
653 2528 784 2610 species
801 2529 1082 2606 decimabuntur,
1108 2529 1262 2614 exceptis
1273 2526 1568 2616 inpersonalibus,
1585 2529 1621 2591 in

155 2625 273 2708 quibus
290 2649 458 2712 personae
474 2628 627 2691 adiectae
639 2627 769 2713 ubique
779 2629 908 2696 iaciunt
921 2633 1205 2709 declinationem,
1217 2646 1249 2695 et
1263 2634 1418 2719 exceptis
1432 2631 1620 2695 defectivis.

231 2735 285 2798 39.
310 2729 462 2814 Quidam
475 2743 597 2814 putant
616 2731 658 2794 de
676 2735 826 2798 secunda
843 2755 992 2820 persona
1009 2736 1104 2799 modi
1123 2737 1317 2813 indicativi,
1335 2737 1501 2824 ternpopis
1517 2759 1618 2823 prae-

155 2835 252 2896 sentis
276 2855 381 2896 omne
403 2831 567 2909 verbum,
598 2838 696 2899 cuius
720 2839 764 2900 sit
786 2837 1041 2922 coniugationis
1068 2860 1168 2924 posse
1193 2839 1374 2922 cognosci.
1399 2839 1468 2902 Sed
1482 2853 1616 2918 errant,

156 2955 225 2998 nam
250 2940 382 3022 poterit
403 2937 488 3000 haec
511 2956 632 3026 eorum
653 2943 741 3006 ratio
762 2941 798 3004 in
821 2944 934 3028 prima
956 2954 989 3004 et
1012 2941 1162 3003 secunda
1181 2941 1425 3024 coniugatione
1442 2955 1599 3006 constare
1607 2970 1617 3020 ;

155 3057 223 3100 nam
247 3040 364 3124 prima
386 3038 464 3103 ·AS·
487 3055 525 3104 ut
551 3065 682 3121 amas,
713 3045 864 3108 secunda
885 3043 962 3108 ·Es·
985 3043 1156 3130 producta
1179 3042 1309 3126 syllaba
1332 3045 1555 3120 terminatur,
1577 3059 1616 3108 ut
1710 3086 1713 3094 ·

156 3139 299 3218 doces,
331 3147 432 3210 tertia
462 3169 544 3210 vero
575 3159 735 3232 correpta
758 3160 792 3210 et
823 3147 923 3209 tertia
953 3148 1141 3232 producta,
1166 3168 1270 3232 quam
1294 3145 1435 3232 quidam
1459 3159 1615 3230 quartam

153 3241 283 3321 dicunt,
307 3267 381 3310 non
399 3263 564 3334 poterunt
579 3263 736 3336 separata
752 3249 899 3325 firmari3
916 3269 996 3336 nam
1015 3263 1160 3335 utraque
1175 3247 1238 3312 ·ls·
1254 3249 1384 3332 syllaba
1401 3249 1615 3324 terminatur,

152 3358 185 3407 ut
206 3349 386 3426 scribis,
401 3354 521 3417 muni
532 3376 557 3418 s.
580 3353 674 3437 Ergo
683 3352 765 3415 utin
776 3353 871 3415 omni
885 3351 1130 3435 coniugatione
1139 3352 1335 3415 firmissima
1351 3352 1438 3414 ratio
1449 3352 1614 3425 tradatur,

152 3449 399 3515 consideranda
421 3465 472 3517 est
493 3456 589 3519 modi
612 3449 808 3541 imperativi
828 3455 965 3516 numeri
985 3453 1168 3538 singularis
1186 3455 1336 3516 secunda
1353 3473 1520 3538 persona;
1534 3473 1615 3515 nam
1672 3527 1677 3536 Ι

152 3553 279 3634 primae
299 3557 555 3641 coniugationis
570 3559 665 3622 modi
683 3557 898 3643 imperativi,
922 3557 1088 3641 temporis
1103 3555 1311 3641 praesentis,
1335 3555 1471 3616 numeri
1493 3553 1612 3637 singu-

152 3653 224 3717 laris
239 3660 393 3723 secunda
410 3682 560 3745 persona
573 3662 622 3726 ·Α·
633 3661 853 3735 terminatur,
864 3669 903 3719 ut
917 3678 980 3720 am
992 3679 1026 3733 a;
1050 3656 1219 3720 secundae
1234 3649 1277 3736 ⁶⁷)
1295 3657 1345 3720 ·E·
1362 3655 1561 3742 producto,
1576 3667 1615 3717 ut

151 3755 263 3834 doce3
300 3763 421 3826 tertiae
449 3785 532 3828 vero
559 3776 737 3850 correptae
756 3753 799 3845 ⁶⁸)
820 3762 870 3826 ¹E·
896 3773 1072 3846 correpta,
1102 3773 1140 3822 ut
1173 3759 1336 3834 scribe3
1375 3759 1496 3822 tertiae
1528 3775 1611 3843 pro-

151 3859 265 3925 ductae
286 3865 336 3942 ·l·,
350 3879 389 3929 ut
412 3867 535 3930 muni.

228 3969 280 4030 to.
306 3967 447 4053 Species
463 3973 617 4056 passiva,
642 3991 730 4055 quae
744 3969 840 4031 venit
854 3968 896 4030 de
919 3967 1031 4032 activa
1047 3967 1179 4053 primae
1199 3987 1387 4052 personae,
1412 3965 1507 4028 modi
1524 3965 1615 4027 indi-

148 4071 267 4146 cativi,
299 4073 466 4156 temporis
491 4075 681 4158 praesentis
705 4073 757 4136 ·lt·
774 4072 907 4134 adiecta
923 4071 983 4148 fit,
1014 4085 1052 4134 ut
1072 4093 1204 4148 amor,
1227 4083 1381 4146 tueor,
1414 4069 1614 4142 scribor,

148 4176 321 4239 munior.
347 4174 405 4238 Sic
423 4177 458 4238 in
476 4188 632 4262 tempore
648 4178 763 4241 futuro
782 4175 934 4239 eiusdem
950 4173 1064 4251 modi,
1090 4175 1339 4261 quodquidam
1364 4173 1506 4237 modum
1525 4193 1608 4258 pro-

149 4275 321 4340 missivum
344 4278 487 4354 dicunt,
517 4279 553 4342 iu
574 4281 688 4346 verbis
711 4281 852 4368 quidem
874 4279 1007 4364 primae
1032 4290 1066 4341 et
1089 4276 1259 4341 secundae
1283 4277 1536 4360 coniugationis
1559 4275 1611 4337 ·R·

150 4377 256 4442 littera
278 4380 412 4444 adiecta
434 4379 487 4457 fit,
517 4394 555 4444 ut
575 4383 768 4461 amabor,
801 4381 1011 4458 docebor;
1034 4383 1070 4445 in
1093 4381 1212 4444 tertiae
1235 4381 1515 4464 vero'correptac
1554 4376 1614 4441 ·M·

149 4479 179 4541 in
198 4482 250 4544 ·R·
266 4497 435 4562 mutatur,
457 4497 494 4548 ut
510 4485 695 4561 scribat,
719 4487 893 4551 moriar.

226 4587 278 4648 ll.
295 4583 422 4651 Omnis
439 4587 693 4672 coniugationis
706 4589 893 4656 verborum
907 4588 1125 4674 passivorum
1138 4584 1260 4649 modus
1275 4583 1500 4669 imperativus
1516 4584 1611 4648 simi-

146 4682 184 4747 lis
196 4701 247 4752 eat
263 4689 400 4752 irrlinito
420 4691 633 4770 activorum,
655 4703 694 4756 ut
709 4671 877 4770 amare,
894 4694 1076 4768 docere,
1093 4691 1314 4766 scribere,
1332 4689 1610 4762 munire3nam

177 4975 212 5044 ⁶⁵)
232 4995 302 5028 eam
322 4979 390 5033 cod.
410 5000 444 5034 ex
455 5000 505 5035 em.
518 5000 607 5055 pam.
623 4997 697 5034 nam
717 4981 785 5036 ced.
805 4999 822 5032 a
839 4996 927 5049 pom.
944 4976 981 5050 σο)
1001 4969 1314 5030 detraeu-detraeeta
1333 4973 1447 5046 Occi-⁸⁷)
1474 4969 1612 5028 secundae

245 5097 281 5110 -
298 5065 422 5122 secunda
442 5070 510 5125 ced.
529 5072 565 5140 ⁶⁸)
585 5069 681 5124 tertiae
707 5091 771 5125 vero
791 5079 932 5140 correptae
948 5101 981 5110 -
1000 5065 1080 5122 tertia
1098 5081 1161 5118 vero
1181 5073 1308 5134 correpta
1330 5063 1397 5119 cod.

240 5161 271 5228 ι)
289 5156 534 5214 retenti-:unum
552 5159 576 5214 1.
595 5165 625 5226 1,
646 5163 670 5218 l.
691 5161 718 5232 b)
735 5162 846 5216 Terent.
865 5155 990 5216 Eunuclr.
1008 5160 1029 5212 1.
1050 5165 1080 5222 l,
1098 5166 1125 5220 4.
