4022 6068
484 547 672 606 ructuat
699 549 1013 610 FRAGMENTUM
1041 551 1098 606 DE
1124 549 1278 608 vanno.
1554 555 1619 624 157

231 696 376 760 ‘'Pertia
391 709 449 761 aut
459 696 579 762 eadem
594 697 669 776 erit,
694 699 999 786 quaepreesentis,
1022 711 1198 776 ametur,
1222 709 1455 776 moneatur,
1478 697 1621 764 audia-
1644 717 1716 768 eota.

144 813 227 876 tur,
253 800 444 884 legatur,
474 811 532 862 aut
553 819 622 864 una
644 801 834 886 eademque
854 821 958 878 voce,
983 823 1052 886 qua
1070 800 1221 866 secunda
1242 799 1439 886 proferetur
1456 802 1506 864 sio
1530 813 1568 864 ut
1583 801 1621 864 in

141 901 261 964 activo
287 901 417 976 futoro,
452 913 627 978 amator,
657 916 840 980 amator3
869 915 1085 979 monetur,
1124 915 1319 968 monetor
1345 905 1384 986 ¹²)
1416 902 1619 987 etreliqua.

143 1002 308 1067 Secunda
327 1001 471 1090 pluralis
488 1003 642 1067 eiusdem
664 1005 832 1090 temporis
857 1025 902 1068 ex
918 1005 1069 1068 secunda
1092 1003 1297 1068 formabitur
1318 1003 1423 1068 activi
1437 1003 1565 1091 plurali
1583 997 1621 1085 ¹³)

142 1107 314 1192 temporis
337 1104 491 1170 eiusdem
515 1103 669 1170 ·TOTE·
688 1105 827 1186 syllabis
851 1107 888 1168 in
912 1104 1094 1170 ·Mluou·
1118 1107 1311 1180 conversis,
1346 1119 1385 1168 ut
1418 1117 1621 1182 amatote,

142 1210 399 1282 amaminor;
424 1219 658 1283 monetote,
681 1209 968 1283 moneminor3
992 1207 1207 1285 auditote,
1230 1206 1492 1283 audiminor;
1515 1206 1623 1290 legi·

142 1321 251 1386 tote,
278 1307 522 1393 legiminor.
1226 1319 1228 1326 ’

229 1411 351 1474 Tertia
375 1410 520 1497 pluralis
545 1409 699 1474 eiusdem
716 1411 882 1494 temporis
897 1423 954 1475 aut
975 1411 1095 1474 eadem
1113 1412 1196 1488 erit,
1220 1399 1315 1498 quae'
1331 1412 1541 1498 praesentis,
1564 1423 1623 1475 aut

143 1533 186 1576 ex
205 1514 311 1576 t'ertia
332 1515 448 1580 veniet
466 1513 594 1587 activa,
624 1513 760 1576 numeri
786 1513 939 1576 eiusdem
962 1524 995 1576 et
1021 1514 1204 1598 temporis,
1228 1514 1344 1578 addita
1366 1515 1401 1576 in
1426 1514 1549 1577 ultimo
1571 1513 1622 1576 ·1t·

143 1615 280 1691 littera,
303 1628 342 1678 ut
365 1627 552 1689 amanto,
577 1626 790 1692 amantor;
814 1613 1015 1692 docento,
1040 1614 1273 1692 docentor;
1305 1616 1533 1692 audiunto,
1558 1634 1623 1678 au-

146 1717 343 1794 diunt0r3
366 1715 563 1800 legunto,
587 1715 799 1800 leguntor.

229 1819 433 1895 Amator,
475 1830 641 1881 amator
683 1818 739 1880 vel
780 1832 970 1895 ametur,
1015 1819 1270 1894 amaminor,
1315 1829 1515 1881 amentur
1567 1817 1623 1880 vel

144 1930 363 1997 amantor;
388 1931 607 1996 mouetor,
638 1931 835 1984 monetor
863 1920 921 1984 vel
949 1932 1196 1998 moneatur,
1227 1919 1516 1996 moneminor,
1539 1923 1623 1980 mo-

141 2037 330 2088 neantur
358 2023 414 2086 vel
445 2033 691 2096 monentem
725 2021 918 2096 auditor,
955 2021 1128 2085 auditor
1161 2021 1217 2085 vel
1251 2021 1471 2097 audiatur,
1503 2019 1622 2083 audi-

145 2127 307 2200 minor,
337 2123 567 2188 audiantur
588 2123 644 2185 vel
667 2123 918 2200 audiuntor;
947 2121 1125 2206 legitor,
1162 2122 1324 2208 legitor
1348 2121 1404 2187 vel
1437 2120 1619 2204 legatur,

142 2227 402 2313 legiminor,
425 2225 636 2310 legantur
663 2223 718 2288 vel
741 2211 960 2313 leguntur.

557 2465 620 2530 ιι,
641 2463 707 2528 nu
731 2423 980 2528 orrnrrvo
1003 2459 1150 2526 nouo
1173 2428 1202 2544 ⁴)

229 2620 269 2682 ln
284 2621 350 2683 boe
366 2617 469 2682 etiam
486 2617 591 2681 modo
606 2619 799 2681 eommunis
816 2615 959 2681 Graecis
977 2606 1015 2698 11)
1030 2615 1232 2699 Latinisque
1251 2614 1407 2699 quaestio
1424 2624 1545 2676 exorta
1557 2623 1618 2686 est,

142 2721 170 2784 si
185 2721 414 2806 praeteritum
429 2731 564 2804 tempus
580 2722 691 2804 possit
705 2721 908 2796 admittere,
932 2718 1013 2805 quia
1029 2715 1144 2780 nullus
1161 2737 1345 2800 umquam,
1376 2735 1464 2801 quae
1484 2716 1551 2777 iam
1571 2714 1619 2776 la-

144 2837 200 2885 cta
222 2823 289 2885 sint
310 2835 444 2907 sperat,
478 2822 557 2884 cum
580 2823 707 2885 inlecta
728 2822 802 2885 fieri
824 2840 896 2883 non
917 2821 1068 2906 possint,
1093 2819 1153 2882 sed
1175 2819 1211 2881 in
1226 2839 1389 2905 praesens
1405 2817 1460 2879 vel
1475 2817 1511 2878 in
1528 2815 1619 2878 lutu-

143 2945 221 2985 rum
243 2924 378 3008 aliquid
400 2934 548 3008 optetur.
578 2923 647 2987 Sed
671 2937 879 2987 transactum
908 2943 1049 3010 quoque
1075 2934 1210 3006 tempus
1234 2921 1368 3007 optanti
1385 2917 1617 2982 necessarium

142 3025 372 3110 adprobatum
395 3047 474 3087 nam
500 3047 601 3110 saepe
626 3046 704 3088 curn
725 3028 760 3088 in
782 3025 984 3108 longinquis
1007 3021 1131 3108 aliquis
1147 3023 1352 3092 constitutus
1370 3020 1412 3082 de
1429 3040 1481 3094 re,
1514 3037 1616 3102 quam

141 3127 316 3191 desiderat
336 3129 488 3190 incertus
507 3127 570 3203 sit,
594 3129 684 3192 votis
708 3118 822 3194 tamen
845 3127 984 3192 adiuvat
1004 3120 1043 3207 ¹⁵)
1068 3125 1268 3209 cupidinem
1288 3141 1400 3195 suam,
1424 3130 1462 3182 ut
1481 3117 1518 3180 id
1537 3137 1618 3200 pre·
1654 3203 1657 3210 ‚

142 3241 242 3292 cetur
255 3231 324 3293 iam
342 3230 495 3304 venisse,
520 3229 615 3314 quod
632 3231 744 3314 eupit;
766 3242 805 3293 ut
822 3240 906 3313 puta
925 3226 1167 3310 navigantibus
1184 3225 1254 3287 suis
1273 3224 1301 3286 si
1317 3235 1501 3307 tempestas
1516 3218 1618 3282 luerit

141 3345 266 3394 exorta
283 3331 362 3394 Diis
379 3332 577 3417 supplicans
594 3343 777 3416 exposcat,
800 3343 838 3393 ut
851 3349 993 3414 parens,
1018 3341 1076 3391 aut
1090 3327 1199 3402 lilius,
1228 3337 1287 3388 aut
1309 3335 1476 3408 cognatus
1501 3342 1618 3385 evase·

143 3435 187 3495 rit
204 3433 408 3498 discrimina
424 3447 606 3498 ventorum
622 3453 662 3496 ao
675 3433 746 3498 vim
762 3432 975 3518 superaverit
990 3428 1233 3515 procellarum.

229 3657 282 3730 24.
304 3654 369 3718 DE
393 3655 656 3722 PRAESEN'I'I
680 3650 912 3717 TEMPORE
935 3648 1118 3714 ncrtvo
1136 3647 1265 3763 MQDI
1289 3643 1528 3710 OPTA'l'IVl.

229 3807 346 3872 Omne
366 3812 559 3898 optativum
577 3829 741 3898 praesens
758 3808 920 3890 idemque
936 3805 1165 3892 inperfectum
1182 3801 1334 3865 activum
1354 3797 1390 3861 in
1408 3791 1616 3877 nent-'syt-

141 3909 257 3974 labam
276 3911 402 3976 desinit
416 3913 530 3978 vocali
549 3911 804 3996 coniugationis
823 3929 903 3972 suae
920 3905 1155 3978 antecedente,
1179 3915 1218 3966 ut
1239 3901 1400 3964 utinam
1424 3918 1615 3972 amarem,

142 4033 378 4088 monerem,
401 4016 614 4092 audirem,
637 4013 835 4097 legerem.
861 4009 968 4074 Cuius
992 4005 1051 4071 ·M·
1065 4007 1180 4068 littera
1201 4006 1237 4066 in
1259 4001 1305 4066 ·S·
1329 4013 1539 4064 commutata
1554 4019 1617 4061 na·

141 4115 251 4178 scitur
274 4118 442 4193 secundm
466 4117 682 4202 *eademque
703 4117 739 4176 in
762 4111 813 4174 ·T·
833 4131 999 4173 conversa
1013 4111 1050 4172 fit
1072 4101 1190 4182 tertia,
1214 4123 1413 4178 amarem,
1437 4121 1614 4176 amares,
1628 4099 1724 4204 {oq-ar·

140 4229 305 4281 amaret
335 4229 368 4280 et
389 4219 532 4304 reliqua.
566 4217 683 4281 Prima
704 4213 847 4302 pluralis
878 4234 922 4275 ex
942 4213 1056 4298 prima
1082 4209 1237 4272 nascitur
1265 4203 1448 4290 singulari,
1483 4201 1617 4265 adiecta
1704 4193 1710 4206 “

140 4317 225 4380 ·US·
247 4319 396 4400 syllaba,
424 4333 463 4385 ut
494 4340 692 4394 amarem,
724 4335 963 4380 amaremus
994 4323 1027 4374 et
1051 4311 1195 4396 reliqua.
1227 4303 1550 4402 Secunda-pluralis
1573 4323 1616 4365 ex

136 4421 255 4504 prima
277 4421 335 4484 fiet
349 4420 477 4506 plurali
494 4419 614 4487 ·MUS·
638 4419 760 4482 ultima
781 4419 816 4482 iu
833 4417 928 4481 ·Tls·
946 4411 1111 4497 syllabam
1132 4431 1298 4476 conversa
1320 4401 1376 4492 ¹⁶),
1399 4420 1437 4470 ut
1460 4424 1616 4468 amare-

135 4541 247 4599 mus,
272 4525 473 4586 amaretis
497 4535 531 4587 et
553 4523 696 4607 reliqua.
729 4520 847 4583 Tertia
866 4518 1009 4604 pluralis
1026 4537 1070 4580 ex
1090 4515 1191 4578 tertia
1207 4513 1360 4575 nascitur
1376 4507 1544 4591 singulari
1561 4502 1614 4568 ·N·

134 4622 255 4688 littera
279 4638 357 4688 ante
382 4626 435 4687 ·T·
458 4624 616 4689 ultimam
640 4622 855 4708 interposita,
879 4631 1057 4695 amaret,
1081 4626 1283 4680 amarent.

140 4781 1618 4816 Μ

184 4917 221 4982 ”)
247 4918 376 4964 monetur
399 4941 436 4954 --
460 4919 586 4964 meoetor
605 4911 673 4966 eod.
705 4912 740 4980 ¹³)
759 4904 859 4978 plurali
884 4905 951 4960 coa
971 4923 1005 4958 et
1023 4908 1074 4956 im.
1097 4921 1139 4971 pr.
1175 4917 1210 4952 m.
1229 4893 1344 4968 pluralis
1372 4893 1438 4948 Cori.
1464 4912 1483 4945 a
1508 4910 1551 4962 pr.
1571 4909 1607 4944 m.

248 4999 284 5068 ⁸⁴)
306 4997 421 5052 Graecis
440 5027 474 5044 -
494 4999 582 5068 grecis
604 4998 725 5070 coeat)
744 4993 906 5050 adiuvat-
926 4987 1041 5044 adiubat
1060 4988 1127 5044 cod.
1156 4987 1192 5060 Ι“)
1212 5001 1343 5039 conversa
1364 4983 1431 5037 cod.
1452 5000 1486 5034 ex
1504 4997 1554 5032 em.
1572 4997 1614 5050 pr.

245 5105 282 5138 nr.
299 5103 460 5140 conversum
480 5087 548 5142 cod.
567 5107 586 5142 a
602 5107 644 5159 pr.
664 5103 700 5140 ru.

170 5211 203 5280 ι)
224 5207 285 5260 cfr.
305 5206 340 5260 ad
355 5205 383 5262 lt.
402 5207 421 5260 l.
438 5189 561 5264 tlaerob.
580 5213 643 5268 321.
659 5223 698 5262 aa.
716 5205 776 5276 Bip.
