4020 6068
322 567 443 662 ¹Vl
868 569 1413 626 eu-tssrarto.

403 672 538 786 Quod
563 674 598 759 si
624 673 681 761 ita
699 699 820 780 esset,
841 677 964 762 etiam
982 680 1063 762 hoe
1083 674 1139 762 de
1166 675 1455 764 Sacerdote
1483 699 1626 766 nostro
1645 702 1870 785 constaret,

403 841 500 896 eum
518 808 678 894 Romae
700 809 971 897 Grammatici
989 811 1292 926 professionem
1316 814 1557 898 exercuisse.

516 1023 570 1108 ΙΙ.
609 1023 775 1108 lucenrr
801 1055 951 1108 terrun
975 1055 1320 1110 entuutrtctnun
1350 1057 1625 1112 antennarum
1651 1059 1701 1112 cx
1720 1022 1871 1112 codem

403 1153 562 1242 Codice
582 1153 888 1276 desumtumnet
908 1156 1058 1244 eadem
1078 1189 1208 1244 manu
1228 1185 1451 1246 exaratum.
1482 1161 1636 1276 Implet
1654 1160 1753 1244 folia
1769 1190 1873 1276 qua·

402 1284 636 1373 tuordecim
659 1285 828 1376 Codicis
851 1291 951 1410 (142
972 1345 1030 1357 -
1054 1283 1133 1378 156
1158 1290 1226 1410 a).
1259 1293 1385 1380 Caret
1407 1295 1675 1408 inscriptione
1705 1317 1747 1377 et
1772 1292 1872 1378 sub·

388 1421 646 1536 scriptione,
674 1448 716 1508 et
741 1423 1003 1540 abrumpitur
1018 1437 1101 1538 sol.
1139 1431 1218 1512 156
1245 1465 1301 1532 ra,
1329 1425 1470 1512 media
1492 1427 1641 1540 pagina
1659 1457 1789 1512 vacua
1808 1458 1872 1510 re-

399 1555 508 1642 licta.
542 1556 741 1642 Ceterum
761 1589 1032 1645 numerorum
1056 1561 1380 1676 quaternionum
1403 1557 1572 1674 vestigia
1598 1559 1726 1644 nulla.
1759 1558 1873 1644 Con-

400 1713 610 1773 tentorum
630 1692 712 1776 hoe
733 1692 963 1803 fragmento
990 1722 1239 1780 eonsensum
1262 1725 1358 1778 cum
1387 1695 1460 1797 iis,
1491 1723 1601 1810 quae
1622 1691 1735 1810 apud
1762 1691 1872 1778 Cha·

399 1823 543 1906 risium
563 1823 757 1935 leguntur
778 1823 1053 1910 indicavimus
1070 1829 1338 1939 inmargine,
1363 1828 1513 1911 notatis
1531 1828 1871 1941 Putsehiauae

402 1953 597 2040 editionis
623 1955 839 2042 columnis.
871 1960 1208 2074 Hieronymus
1228 1959 1503 2066 Columna,
1532 1992 1661 2076 quem
1677 1963 1872 2047 manibus

400 2112 595 2174 tractasse
618 2086 798 2176 Codices
821 2093 1051 2179 Bobienses
1072 2117 1254 2198 constat,
1283 2095 1327 2177 in
1351 2091 1535 2180 editione
1552 2124 1627 2180 sua
1649 2095 1777 2181 Ennii
1800 2127 1873 2180 an·
1893 2103 1905 2116 '
1986 2104 1992 2114 '

400 2221 559 2306 nalium
587 2236 777 2332 (Neapol.
811 2233 947 2340 1590)
983 2265 1024 2336 p.
1067 2234 1163 2316 205.
1196 2227 1300 2312 eM.
1336 2226 1543 2313 Claudii
1574 2226 1872 2314 Sacerdotis

402 2378 509 2438 arte
544 2360 869 2466 grammatica
897 2359 1041 2444 laudat
1068 2359 1196 2445 Ennii
1225 2391 1417 2445 versum:
1464 2383 1511 2444 et
1540 2361 1685 2444 intus
1719 2362 1872 2476 aquai

401 2485 655 2608 frigiserai
684 2487 839 2604 (errore
862 2495 1123 2606 typothetae,
1154 2517 1201 2576 ut
1231 2490 1516 2612 videtur,pro
1547 2493 1870 2612 frugiferai),

401 2617 477 2734 qui
494 2648 636 2703 versus
656 2618 805 2734 legitur
825 2623 865 2704 in
889 2625 1118 2734 lragmento
1140 2647 1281 2709 nostro
1294 2635 1330 2728 S.
1343 2631 1409 2712 60.
1434 2623 1601 2736 Quodsi
1623 2625 1871 2712 Columna

398 2752 512 2834 hune
534 2781 698 2837 versum
720 2786 742 2838 e
763 2752 923 2841 Codice
945 2783 1093 2878 'nostro
1113 2758 1271 2863 hausit,
1294 2756 1521 2846 dicendum
1541 2762 1639 2864 erit,
1664 2784 1734 2844 aut
1755 2761 1870 2846 inve-

400 2884 510 2994 nisse
534 2917 630 2970 eum
657 2887 700 2969 in
728 2887 833 2974 soliis
864 2921 975 2975 nunc
997 2889 1225 3008 deperditis
1242 2893 1392 2975 artium
1414 2895 1772 3006 grammaticarum
1798 2893 1871 2978 Sa·

401 3014 581 3106 cerdotis
603 3042 674 3102 aut
693 3020 829 3105 saltim
852 3023 1047 3108 habuisse
1072 3021 1342 3110 Sacerdotem
1364 3028 1489 3110 etiam
1507 3057 1583 3141 pro
1605 3050 1772 3112 auctore
1792 3027 1871 3111 sra-

372 3221 376 3242 ,
400 3153 559 3262 gmenti
582 3154 735 3258 nostri,
761 3157 861 3270 quia
886 3156 940 3240 ab
963 3156 1111 3242 cadem
1139 3161 1483 3276 manuscriptum
1508 3184 1610 3246 esta
1635 3190 1719 3276 qua
1744 3183 1786 3244 et
1808 3191 1871 3244 ar-

399 3281 505 3368 tium
533 3288 893 3398 grammaticarum
925 3291 1046 3376 Libri
1075 3289 1311 3376 Sacerdotis
1352 3295 1503 3378 exarati
1528 3319 1659 3398 sunt,
1677 3295 1870 3409 quamvis

398 3415 508 3502 inter
528 3414 613 3502 duo
633 3421 736 3505 haec
758 3424 957 3537 opuscula
976 3425 1019 3509 in
1044 3423 1203 3510 Codice
1226 3451 1368 3512 nostro
1399 3427 1569 3512 Servii
1597 3450 1790 3512 tractatus
1815 3424 1868 3511 de

399 3545 594 3638 finalibus
616 3550 671 3638 ad
690 3555 939 3670 Aquilinum
962 3559 1015 3643 ab
1043 3557 1120 3642 alia
1138 3590 1265 3642 manu
1288 3567 1462 3676 scriptus
1480 3560 1655 3644 insertus
1677 3562 1741 3645 sit.
1771 3559 1869 3646 Non

400 3707 540 3770 tamen
566 3687 917 3802 praetereundum
938 3717 1000 3775 est
1018 3703 1054 3792 §.
1085 3722 1134 3798 17
1159 3693 1280 3775 huius
1298 3693 1537 3804 fragmenti,
1561 3694 1636 3778 ubi
1658 3695 1791 3806 agitur
1813 3691 1869 3778 de

401 3814 632 3927 differentia
647 3819 818 3904 ablativi
831 3845 870 3904 et
882 3823 1048 3937 septimi
1061 3851 1191 3926 casus,
1207 3847 1418 3908 auctorem
1431 3821 1598 3910 dedisse
1612 3828 1867 3942 exemplum:

382 3961 701 4044 ’σπουδάέοννοε
725 3961 993 4068 Σαῆἑρδωτος
1019 3967 1044 4070 ἡ
1068 3971 1239 4076 διαφορὰ
1263 3971 1434 4076 ηὑρέθη,
1466 3960 1571 4044 etin
1597 3962 1768 4045 nomine
1789 3991 1867 4046 suo

400 4080 570 4165 forsitan
586 4081 746 4189 lusisse,
770 4087 876 4170 sicut
897 4111 938 4170 et
957 4118 980 4172 a
1000 4087 1167 4172 Probo
1188 4087 1385 4173 verbum:
1409 4095 1600 4204 probo,
1622 4092 1867 4208 paradigma

399 4211 598 4300 selectum
618 4241 691 4302 est.
724 4218 856 4327 Quod
877 4222 911 4306 si
927 4222 983 4305 ita
1002 4245 1129 4326 esset,
1157 4223 1432 4334 fragmentum
1457 4224 1693 4313 Sacerdotis
1717 4261 1766 4312 ex
1786 4228 1868 4312 alio

400 4348 487 4432 eius
515 4378 641 4462 opere
660 4335 927 4464 grammatico
950 4355 1214 4440 haberemus.

515 4577 590 4664 lll·
621 4581 787 4668 luceant
815 4613 1090 4674 FRAGMENTUM
1114 4617 1407 4674 GRAMMATICUM
1434 4621 1486 4675 DE
1510 4623 1667 4680 NOMINE
1692 4624 1741 4678 ET
1770 4625 1868 4681 PRO·

397 4741 569 4798 NOMINE·

515 4944 587 5028 IV.
619 4944 783 5030 luceam
796 4975 1068 5035 mteunuruu
1081 4953 1374 5038 onirrrtmrcuu
1385 4985 1437 5038 os
1450 4985 1639 5044 vnnaoan
1659 4959 1865 5044 Savanuu.

409 5119 413 5126 ·
512 5078 611 5164 Duo
636 5079 740 5164 haee
770 5081 997 5195 fragmenta
1018 5117 1099 5170 una
1128 5091 1328 5174 eumalio
1354 5092 1514 5175 Probi
1544 5089 1606 5176 de
1636 5095 1864 5197 nomine,

397 5211 450 5296 ab
473 5209 549 5296 alia
574 5209 649 5299 sed
678 5243 829 5302 coaeva
851 5247 977 5305 manu
1007 5247 1168 5310 enatato
1191 5223 1334 5340 (quod
1351 5255 1450 5311 vcro
1475 5227 1603 5314 Probi
1619 5229 1693 5314 arti
1714 5227 1866 5314 minori
