4036 6068
592 487 1149 547 arostarsurtroa.
1537 489 1604 562 por

218 631 355 700 Eodem
378 633 496 713 modo,
519 635 643 702 eodem
665 652 824 724 tempore
848 631 903 720 ³⁰),
927 637 1043 724 speeie
1065 625 1219 723 perlecta
1239 635 1312 700 sive
1334 625 1502 704 absoluta.
1530 630 1606 700 Nu·

138 735 225 801 meri
252 735 456 822 singularias
493 757 573 802 oum
602 731 723 822 vel⁵¹)
757 740 786 803 si
815 739 1092 825 probaverim
1121 749 1155 802 et
1183 736 1405 823 probarim
1426 731 1488 820 ³²),
1526 753 1606 802 cum

138 831 257 922 vel³³)
286 840 315 904 si
345 837 608 924 probaveris
637 853 673 906 et
698 841 926 928 probaris,
963 857 1043 906 mam
1071 839 1128 905 vel
1152 831 1197 923 ³⁴)
1227 840 1256 903 si
1284 839 1543 924 probaverit
1573 851 1607 903 et
1665 907 1668 918 .

137 940 355 1026 probarit;
374 931 522 1006 'numeri
551 942 712 1028 pluralis:
742 963 822 1008 cum
851 941 907 1006 vel
935 943 964 1006 si
992 941 1327 1028 probaverimus
1356 953 1390 1006 et
1411 939 1607 1027 probari-

139 1059 245 1106 mus.
275 1061 355 1104 sum
385 1039 441 1105 vel
463 1043 492 1106 si
514 1043 816 1128 probaveritis
845 1056 879 1109 ot
906 1043 1173 1130 probaritis,
1203 1043 1368 1110 eumve}
1396 1044 1426 1107 si
1453 1041 1608 1128 proba·

138 1134 342 1226 verint³⁵)
365 1155 399 1208 et
421 1143 668 1230 probarint.

220 1241 355 1309 Eodem
378 1245 496 1322 modo,
520 1246 642 1310 eodem
658 1259 817 1334 tempore
836 1239 890 1332 36),
914 1246 1382 1334 spesieplusquamperlesta
1399 1246 1471 1310 sive
1494 1265 1611 1310 resor-

138 1341 252 1408 tlativa
273 1343 330 1409 rel
353 1340 398 1432 ³⁷)
425 1360 559 1414 exacta.
582 1347 728 1414 Numeri
751 1349 936 1435 singularis
958 1341 1025 1433 ³⁸)s·
1049 1369 1137 1414 snm·
1158 1350 1215 1413 vel
1244 1351 1273 1414 si
1302 1348 1610 1434 probavissem

139 1459 173 1510 et
192 1447 464 1532 probassem,
495 1469 575 1514 sum
604 1450 668 1532 vel,
689 1452 718 1516 si
740 1450 1021 1538 probavisses
1044 1464 1079 1514 et
1106 1451 1359 1538 probasses,
1390 1468 1468 1516 oum
1498 1448 1554 1512 vel
1583 1449 1612 1512 si

140 1548 422 1634 probavisset
444 1564 480 1616 et
500 1550 749 1638 probassem
778 1553 915 1616 numeri
944 1553 1106 1639 pluralis:
1137 1573 1216 1616 eum
1246 1553 1302 1617 vel
1332 1554 1361 1616 si
1388 1549 1720 1639 probavit-vam.

141 1670 280 1715 semus
302 1665 337 1716 et
364 1651 691 1739 probassemus,
724 1675 805 1720 oum
832 1654 897 1736 vell
917 1654 947 1719 si
975 1653 1298 1740 probavissetis
1328 1666 1362 1718 et
1390 1653 1613 1740 probasse·

142 1753 219 1828 tis,
250 1773 330 1818 oum
359 1755 417 1818 vel
438 1755 469 1820 si
496 1755 814 1840 probavissent
836 1769 870 1820 et
892 1755 1168 1842 probassent.

222 1853 358 1920 Eodem
374 1857 492 1933 modo,
509 1870 667 1943 tempore
682 1853 866 1942 ³⁹>luturo
888 1858 1036 1922 Numeri
1055 1857 1256 1942 singularis:
1286 1876 1366 1920 eum
1389 1856 1445 1922 vel
1468 1857 1497 1921 si
1519 1875 1616 1943 pro·

143 1953 300 2021 bavero
324 1970 358 2022 et
378 1957 591 2045 probaro,
620 1979 698 2024 oum
728 1959 784 2024 vel
812 1961 842 2023 si
863 1959 1124 2044 probaveris
1146 1972 1182 2022 et
1203 1958 1426 2044 probaris,
1451 1977 1538 2022 sum
1559 1957 1615 2020 vel

143 2059 171 2122 si
199 2059 463 2144 probaverit
492 2073 527 2126 et
554 2059 774 2146 probarit3
802 2061 939 2125 numeri
961 2060 1127 2146 pluralis:
1154 2079 1234 2122 sum
1262 2059 1319 2124 vel
1347 2060 1377 2123 si
1405 2058 1615 2144 probave-

144 2161 279 2224 rimus
306 2174 340 2225 et
368 2161 666 2248 probarimus,
698 2181 778 2226 sum
807 2161 864 2226 vel
892 2163 922 2226 si
950 2161 1254 2248 probaveritis
1283 2173 1318 2224 et
1345 2159 1614 2246 probaritis,

142 2281 219 2325 oum
248 2261 306 2326 vel
335 2263 367 2328 si
394 2261 681 2348 probaverint
696 2253 740 2346 ⁴⁰)
761 2275 796 2327 et
816 2259 1062 2350 probarint.

226 2362 337 2428 Modo
368 2364 605 2451 impersonali,
636 2365 793 2430 numeris
813 2377 849 2430 et
869 2365 1029 2452 personis
1058 2362 1222 2438 oonlttsis,
1253 2376 1411 2450 tempore
1440 2361 1616 2448 praesenti

144 2465 215 2528 sive
238 2465 398 2529 instantis
422 2465 648 2552 proba-tur.
787 2475 793 2482 “

215 2563 361 2632 ¹Eodem
384 2567 502 2643 modo,
533 2580 691 2652 tempore
708 2559 750 2649 ⁴¹)
772 2569 972 2654 praeterito,
995 2568 1112 2654 speeie
1134 2564 1325 2653 inperfecta
1338 2555 1384 2651 ⁴²)
1407 2564 1486 2628 sive
1502 2562 1616 2626 miuus

145 2685 249 2750 quam
271 2666 426 2753 perlecta
445 2667 507 2732 vel
525 2669 724 2733 inchoativa
736 2661 796 2752 ⁴³)‘t
819 2668 1106 2755 probabatur.

227 2767 362 2833 Eodem
386 2769 504 2847 modu,
527 2770 658 2836 eodem
674 2783 831 2858 tempore
850 2760 905 2852 ⁴⁴),
928 2771 1044 2858 speeie
1057 2769 1212 2856 perlecta
1226 2769 1299 2833 sive
1321 2767 1501 2834 absoluta:-
1520 2785 1618 2852 pro-

149 2867 295 2934 batum
317 2882 394 2935 est.

227 2970 274 3034 Et
295 2971 460 3037 ulteriore
484 2972 638 3059 perlaeta
659 2973 731 3038 sire
753 2973 926 3038 absoluta:
949 2972 1177 3059 probatum
1201 2971 1295 3034 luit.

226 3071 362 3136 Eodem
385 3074 502 3151 modo,
525 3075 647 3139 eodem
672 3087 841 3160 tempore,
865 3075 982 3160 speeie
998 3073 1339 3160 plusquamperleeta
1360 3072 1432 3134 sive
1456 3070 1617 3134 recorda-

150 3175 217 3237 tiva
236 3173 295 3236 re}
315 3188 452 3238 encta:
474 3175 707 3262 probatum
729 3190 822 3240 erat
841 3166 897 3258 ⁴⁵).

228 3275 275 3340 Et
304 3274 470 3341 ulteriore
499 3275 842 3364 plusquamperfecto
868 3278 941 3340 sive
972 3275 1189 3342 recordativa
1211 3273 1266 3338 vel
1289 3285 1430 3338 exacta:
1461 3273 1618 3359 proba·

150 3389 237 3438 tum
258 3377 412 3442 luerat.
1466 3405 1468 3408 ·

229 3478 368 3542 Eodem·
388 3477 509 3556 modo,
528 3491 686 3564 tempore
705 3477 839 3542 tuturos
861 3477 1134 3565 probabitur.

233 3578 391 3644 Gerundi
408 3573 454 3664 ⁴⁶)
474 3591 556 3644 suut
576 3581 679 3645 haeot
702 3579 931 3666 probandi,
953 3577 1194 3666 prebende,
1217 3577 1499 3663 probandum,
1522 3597 1619 3664 pro·

153 3677 305 3746 batum.

232 3782 409 3869 Tempora
437 3783 703 3870 participiorum
735 3785 920 3846 trahuntur
948 3773 1033 3864 a⁴⁷)
1058 3779 1166 3844 verbo
1189 3781 1303 3846 activo
1326 3779 1413 3844 duo:
1436 3799 1616 3866 praesens:

153 3882 357 3966 probaus3
381 3883 551 3948 futurum:
574 3884 857 3970 probaturus.

233 3985 370 4049 Nomen
386 3983 429 4048 ab
445 3987 513 4049 hoo
527 3985 633 4051 verbo
648 3985 762 4049 activo
778 3978 823 4068 ⁴⁸)
844 3984 900 4061 fit,
923 3983 1148 4070 probator;
1177 3982 1383 4068 appellatio:
1406 3981 1619 4067 probatio.

232 4088 304 4156 tto.
326 4086 589 4151 Declinatio
611 4083 785 4172 passiva
806 4087 973 4172 primae
997 4077 1391 4169 coniugatiouisil).
1408 4083 1619 4162 Proitou,

197 4433 231 4503 ³⁰)
247 4433 344 4487 eodem
363 4443 487 4505 tempore
505 4435 538 4488 B.
559 4435 595 4490 V.
613 4463 650 4476 -
669 4443 795 4505 tempore
811 4429 909 4486 eodem
926 4431 964 4486 A.
984 4433 1020 4503 ”)
1039 4429 1083 4486 rel
1103 4431 1139 4486 V.
1158 4431 1195 4486 A.
1212 4460 1248 4473 -
1267 4439 1297 4484 et
1313 4432 1347 4486 Β.
1376 4431 1411 4500 ’·)
1431 4437 1460 4482 et
1478 4427 1618 4500 probarim

253 4521 285 4574 Β.
304 4523 341 4577 V.
356 4523 394 4575 Ῥ.
412 4542 449 4574 =
466 4522 504 4576 A.
524 4524 561 4591 ”)
579 4519 625 4574 rel
643 4521 678 4576 V.
698 4521 735 4574 A.
752 4551 786 4562 -
807 4527 835 4572 el
853 4521 885 4573 Β.
905 4521 943 4590 ”)
961 4517 1007 4576 vel
1026 4521 1061 4574 V.
1081 4517 1118 4572 A.
1136 4549 1173 4559 -
1190 4525 1219 4570 et
1236 4519 1267 4574 B.
1289 4519 1326 4586 ¹⁵)
1338 4514 1515 4588 probaverint
1535 4515 1617 4569 V.A.

253 4639 289 4650 -
305 4605 466 4682 probaverit
482 4610 515 4662 B.
536 4610 572 4679 ¹⁸)
591 4603 689 4660 eodem
707 4615 831 4679 tempere
850 4609 882 4662 B.
903 4607 939 4664 V.
958 4616 1137 4677 -tempore
1156 4603 1253 4657 eodem
1272 4605 1308 4658 A.
1329 4607 1365 4674 ³⁷)
1382 4599 1427 4654 vel
1444 4602 1477 4653 Β.
1489 4601 1524 4654 V.
1543 4610 1618 4653 -et

186 4714 192 4722 ’
253 4697 290 4752 A.
320 4697 356 4767 ⁸⁸)
382 4695 490 4748 numeri
515 4691 661 4765 singularis
686 4695 718 4748 Β.
747 4695 783 4750 V.
807 4717 845 4745 =
862 4695 899 4750 A.
927 4696 962 4762 ¹³)
989 4702 1114 4763 tompore
1136 4692 1169 4744 B.
1197 4691 1233 4743 A.
1252 4721 1288 4732 -
1312 4686 1410 4740 eodem
1435 4694 1558 4757 tempore
1579 4688 1617 4742 V.

256 4785 290 4852 ¹⁰)
316 4780 495 4854 probaverint
518 4783 557 4838 V·
581 4782 619 4836 A·
645 4811 681 4824 -·
706 4779 863 4854 probaverit
885 4783 918 4834 B.
946 4779 981 4849 ⁴¹)
1006 4787 1130 4849 ternpore
1150 4779 1186 4833 V.
1207 4777 1244 4830 A.
1263 4807 1299 4818 -
1323 4773 1421 4828 eodem
1439 4781 1564 4844 tempore
1582 4775 1616 4828 B.

256 4871 290 4940 ⁴¹)
309 4871 464 4942 inperfecta
482 4869 518 4924 V.
538 4899 574 4913 -
590 4868 750 4939 imperfecta
770 4868 806 4922 A.
825 4901 862 4914 -
878 4866 1022 4920 interiectu
1041 4867 1073 4918 Β.
1094 4865 1129 4934 ”)
1142 4861 1296 4916 inchoativa
1317 4861 1409 4916 V.·A.
1427 4893 1463 4902 —
1480 4861 1617 4914 incestiva

253 4956 285 5011 B.
311 4957 350 5029 ⁴⁴)
376 4955 475 5011 eodem
501 4964 626 5026 tompore
649 4957 681 5011 13.
702 4956 737 5010 V.
758 4958 789 5013 P.
809 4985 844 4998 -
863 4963 988 5026 ternpore
1005 4951 1154 5025 praeterito
1172 4953 1207 5004 A.
1235 4951 1270 5020 ⁴⁵)
1296 4946 1403 5003 Eodem
1420 4947 1506 5002 modo
1525 4987 1531 5000 .
1552 4985 1560 5002 .
1581 4985 1615 5002 ..

252 5042 399 5116 probatum
417 5051 475 5097 erat
492 5044 525 5097 Β.
544 5043 581 5098 A.
600 5067 636 5094 ..-..
655 5045 692 5098 V.
718 5045 753 5114 ⁴⁸)
774 5041 889 5114 gerundi
909 5043 944 5098 V.
963 5042 1000 5096 A.
1020 5069 1052 5083 -
1072 5037 1187 5110 gerundi
1213 5039 1246 5093 B.
1274 5039 1310 5109 ⁴⁷)
1330 5055 1346 5090 ι
1365 5037 1400 5092 V.
1419 5039 1455 5089 A.
1477 5067 1510 5081 -
1530 5035 1563 5089 ab
1583 5037 1614 5092 Β.

252 5134 288 5204 ”)
306 5133 395 5188 aetite
414 5133 447 5188 B.
469 5133 505 5186 V.
525 5133 555 5186 Ρ.
574 5153 611 5182 =
627 5132 663 5188 A.
684 5131 723 5203 ⁴⁹)
742 5130 896 5186 Decliuatiu
919 5171 923 5183 .
946 5169 951 5184 .
973 5169 978 5183 .
1000 5168 1005 5182 .
1027 5127 1228 5200 coniugationis
1248 5127 1279 5181 Β.
1301 5127 1338 5180 V.
1358 5127 1388 5181 1².
1407 5147 1444 5176 =
1461 5123 1497 5178 A.
