4036 6068
586 545 1191 606 ettonransatrnou.¹
1535 547 1603 618 m

133 703 304 775 oportere,
329 693 390 776 qni
413 693 443 758 ai
465 713 569 758 sonos
588 688 629 779 44)
645 697 805 772 sentiant,
831 695 1025 780 intelligent
1046 715 1139 759 nam
1163 693 1444 760 coniunctionem
1467 707 1502 758 et
1520 693 1602 758 snb·

132 795 281 856 iunctam
314 794 451 880 pondus
479 816 582 882 posse
612 799 689 862 soni
719 800 888 862 sustinere
904 793 961 880 44),
993 817 1063 882 quo
1089 817 1174 860 sono
1199 808 1233 860 et
1256 796 1432 879 Vergilius
1455 795 1601 860 eandem

23 915 24 918 ¹
132 894 308 960 subiunxit
339 897 459 962 dicens
486 933 529 950 -
561 900 697 964 solam
727 921 820 964 narn
848 899 1045 987 perfidus
1074 900 1150 963 ille
1178 899 1234 962 Te
1266 897 1534 980 colere⁰).-
1555 897 1601 960 Et

132 997 207 1060 ideo
237 999 306 1062 hoc
330 991 370 1081 ³⁵)
401 1020 601 1076 monemus,
638 1003 734 1086 quod
768 1022 857 1066 nam
881 1003 1092 1066 coniunctio
1115 1020 1187 1064 non
1222 1011 1354 1062 tantum
1382 989 1424 1084 ³⁶)
1450 1017 1601 1084 praepo-

23 1107 24 1114 ’
131 1099 232 1162 uendi
248 1093 309 1183 ³7),
333 1101 394 1165 sed
416 1116 451 1166 et
471 1097 512 1184 44)
535 1103 768 1187 subiungendi
791 1103 915 1167 habeat
937 1115 1155 1188 potestatem.

212 1201 286 1268 659.
317 1200 377 1266 De
406 1202 558 1286 ligura.
588 1203 717 1290 Figura
748 1204 1053 1270 coniunctionibus
1076 1202 1203 1266 accidit
1226 1194 1268 1284 ³⁹)
1296 1201 1398 1264 sicuti
1421 1213 1455 1264 et
1477 1201 1600 1264 ceteris

133 1299 282 1386 partibus
305 1305 472 1372 orationis
496 1306 646 1393 simplex
668 1320 702 1370 et
725 1309 929 1393 composita.
955 1307 1114 1392 Simplex
1135 1305 1245 1388 ligura
1260 1303 1545 1370 coniunctionum
1556 1296 1600 1388 44)

132 1415 192 1464 est:
223 1416 263 1466 et
284 1405 348 1486 '³¹);
381 1410 594 1493 composita,
625 1410 717 1474 etsi.
748 1409 852 1472 Nunc
875 1409 1000 1493 quibus
1023 1408 1078 1471 vel
1101 1409 1144 1490 l²)
1168 1418 1255 1492 quot
1276 1405 1389 1468 modis
1413 1405 1471 1474 liat
1492 1407 1601 1488 ligura

134 1507 323 1591 composita
347 1508 415 1572 iam
429 1502 473 1591 44)
496 1511 531 1572 in
554 1512 696 1574 nomine
720 1511 801 1576 satis
815 1503 858 1590 44)
880 1512 1114 1574 tractavimus.

212 1609 285 1674 660.
308 1609 366 1672 De
389 1623 582 1676 accentu.
605 1613 778 1678 Accentus
793 1603 834 1693 44)
860 1610 1145 1676 coniunctionum
1162 1597 1203 1690 44)
1228 1607 1329 1671 sicuti
1352 1619 1385 1670 et
1408 1621 1601 1671 ceteramm

135 1709 279 1792 partium
303 1711 471 1798 erationis
492 1713 531 1776 in
553 1714 753 1778 accentibus
767 1707 811 1798 47)
834 1725 1073 1798 competenter
1095 1711 1317 1775 tractavimus
1334 1702 1345 1748 4
1362 1711 1388 1790 ).

212 1806 285 1876 ott.
317 1813 408 1878 Sane
436 1829 516 1879 sunt
540 1815 678 1900 aliquae
702 1809 744 1898 ⁴⁹)
774 1815 1054 1888 coniunctiones,
1094 1833 1182 1898 quae
1213 1825 1247 1876 et
1275 1811 1419 1874 aliarum
1447 1809 1598 1895 partium

135 1913 294 1978 orationis
318 1915 468 1979 habeant
490 1918 777 2001 significationem
808 1930 842 1980 et
869 1917 949 1980 ideo
973 1915 1183 1979 subiciemus
1201 1903 1245 1997 44)
1269 1912 1456 1976 earundem
1477 1905 1520 1993 44)
1544 1930 1599 1973 ra-

135 2013 257 2076 tionem
275 2009 332 2094 ⁵²),
357 2036 426 2100 qua
442 2011 486 2101 44)
510 2019 756 2103 intellegantur
774 2010 816 2100 44)
840 2018 979 2102 quando
1003 2018 1073 2080 sint
1088 2017 1362 2090 coniunctiones,
1385 2011 1441 2076 vel
1458 2011 1598 2096 quando

133 2114 201 2178 aliis
230 2118 387 2202 partibus
418 2121 586 2185 orationis
615 2120 837 2185 inveniantur
863 2119 1085 2206 respondere.
1124 2118 1356 2182 Sunt'autem
1383 2133 1530 2178 numero
1553 2105 1597 2194 44)

134 2235 250 2284 novem
274 2221 356 2284 bae:

210 2321 283 2386 ⁶62.
308 2322 418 2405 Qua,
442 2325 472 2388 si
494 2339 574 2410 post
596 2325 687 2409 ·QU·
713 2325 762 2388 ·n·
785 2325 935 2388 litteram
961 2316 1005 2406 44)
1028 2322 1153 2387 habeat
1175 2314 1218 2403 47)
1241 2331 1394 2395 tantum,
1424 2318 1490 2380 erit
1513 2336 1597 2380 eon·

137 2421 270 2499 iunctio,
295 2436 348 2488 nt:
372 2419 527 2510 (μιο44);
551 2429 685 2492 sivero
710 2427 791 2490 ·AE·
816 2426 882 2488 erit
904 2445 1117 2510 pronomen,
1140 2434 1195 2486 ut:
1220 2435 1334 2506 quae.

212 2523 284 2590 663.
320 2526 389 2604 At,
428 2529 457 2591 si
495 2551 559 2614 per
595 2530 647 2592 ·T·
678 2529 827 2592 litteram
859 2526 1048 2605 scribatur,
1078 2527 1144 2590 erit
1175 2523 1396 2598 coniunctio,
1426 2533 1466 2583 ut
1488 2530 1545 2594 at;
1568 2519 1597 2581 si

137 2641 209 2688 tero
231 2645 295 2709 per
318 2627 390 2706 ·D·,
414 2629 480 2692 erit
499 2630 729 2715 praepositio,
753 2643 793 2692 nt
814 2631 874 2694 ad.

1613 1267 1640 1313 V.
1657 1281 1708 1328 apo.

212 2727 284 2793 tot.
307 2727 391 2792 Aut
405 2723 467 2813 ⁵⁹),
491 2731 520 2794 si
535 2725 580 2814 ⁰⁰)
603 2733 677 2795 sine
700 2724 991 2817 adspiratione⁶')
1015 2727 1185 2792 scribatur
1208 2737 1242 2787 et
1259 2725 1295 2786 in
1311 2722 1364 2785 ·T·
1386 2721 1537 2806 litteram
1551 2715 1596 2803 4’)
1688 2807 1693 2816 Ι

139 2840 242 2904 exeat,
271 2829 338 2893 erit
359 2832 578 2910 coniunctim
609 2834 744 2897 sivero
767 2833 880 2896 hand
898 2825 942 2914 44)
972 2849 1037 2917 per
1060 2827 1331 2913 adspirationem
1354 2814 1399 2906 44)
1427 2823 1598 2888 scribatur

138 2940 165 2990 et
184 2929 217 2991 in
240 2930 293 2993 ·D·
317 2930 466 2996 litteram
485 2927 530 3018 44)
546 2932 582 3017 4)
603 2946 721 3012 exeat,
746 2935 812 2998 erit
828 2925 870 3016 44)
895 2931 1108 2998 adverbium.

142 3117 1595 3152 ---—--—---.....-.....-...-------—---·

177 3256 211 3327 44)
232 3273 316 3311 aenos
342 3259 380 3315 V.
399 3259 436 3314 A.
455 3293 493 3302 -
516 3279 616 3315 aonnm
634 3265 666 3318 B.
696 3263 732 3336 44)
759 3271 788 3316 et
805 3259 980 3314 subiunctam
999 3291 1116 3309 .....
1135 3253 1273 3306 sustinere
1296 3250 1330 3303 B.
1354 3279 1390 3290 -
1413 3214 1551 3300 subiicere
1570 3255 1598 3302 et

233 3341 386 3400 subiectam
405 3360 434 3402 et
451 3350 534 3420 ponis
559 3351 686 3422 pasaonis
704 3351 841 3403 sustinere
859 3348 896 3401 A.
914 3377 950 3388 -
977 3354 1006 3399 et
1022 3339 1196 3396 subiunctam
1215 3337 1326 3410 pondus
1345 3336 1531 3407 possessionis
1549 3351 1598 3386 su·
1687 3385 1689 3390 ,

230 3433 332 3486 atinere
352 3435 389 3490 V.
408 3437 440 3488 P.
460 3439 519 3508 (aad
536 3439 730 3510 possessioni).
757 3439 794 3507 44)
813 3433 866 3486 boc
884 3435 916 3486 Β.
937 3433 973 3488 V.
992 3461 1028 3472 -
1045 3427 1113 3481 baec
1130 3427 1167 3480 A.
1195 3427 1234 3497 44)
1254 3442 1311 3477 non
1331 3432 1436 3477 tantam
1453 3423 1485 3476 Β.
1506 3423 1542 3478 V.
1560 3451 1598 3464 -

229 3535 292 3570 nam
311 3531 416 3576 tanturn
435 3525 466 3576 Ρ.
485 3557 522 3566 -
539 3543 601 3577 uam
620 3533 674 3578 tana
693 3526 728 3579 A.
756 3524 794 3594 44)
816 3517 1005 3594 praeponendi
1025 3518 1057 3572 V
1055 3510 1293 3585 .—proponendi
1311 3513 1344 3566 B.
1357 3537 1392 3552 -
1410 3510 1544 3581 praeponi
1559 3510 1594 3562 A.

230 3609 265 3677 44)
285 3605 337 3660 sed
356 3619 385 3663 et
407 3610 440 3663 Β.
461 3611 497 3666 V.
516 3613 549 3666 P.
568 3644 603 3654 -
622 3631 702 3684 quom
719 3611 755 3664 A.
785 3608 822 3680 ³⁹)
842 3603 945 3657 accidit
964 3603 1046 3661 V.A.
1066 3635 1107 3666 -Ι
1119 3597 1228 3653 accedit
1245 3600 1279 3654 Β.
1307 3599 1344 3670 44)
1371 3597 1597 3649 coniunctionum

231 3695 266 3750 V.
286 3697 323 3748 A.
342 3726 376 3739 -
396 3699 620 3767 coniugatienum
639 3701 672 3752 Β.
692 3700 731 3770 4·)
752 3704 781 3749 et
797 3697 831 3750 Β.
852 3695 888 3750 V.
907 3715 943 3742 π
961 3693 996 3745 A·
1017 3691 1052 3758 44)
1070 3686 1116 3742 vel
1134 3689 1167 3740 B·
1188 3688 1224 3742 V·
1244 3717 1280 3728 -
1296 3695 1324 3738 el
1341 3688 1378 3740 A·
1398 3686 1435 3755 44)
1454 3683 1595 3738 MEV-

229 3783 306 3834 Ρ..-..-
322 3784 359 3838 A.
392 3785 428 3855 44)
455 3785 522 3838 satia
547 3787 578 3840 Β.
599 3788 635 3842 V.
658 3788 687 3839 Ρ.
706 3815 743 3826 -
760 3786 814 3836 iem
832 3782 899 3836 satia
917 3780 953 3832 A.
981 3780 1016 3849 ⁴⁵)
1043 3784 1174 3828 aceentna
1192 3777 1225 3828 B.
1245 3775 1281 3828 A.
1301 3805 1337 3816 -
1361 3769 1396 3824 de
1423 3778 1539 3822 accentu
1558 3769 1594 3824 V.
1670 3801 1672 3805 ·

230 3869 264 3938 44)
285 3870 512 3925 eoaianetionnna
530 3876 561 3926 B.
583 3874 620 3928 V.
639 3873 675 3926 A.
694 3903 731 3914 -
749 3869 953 3924 coniunctionis
972 3868 1003 3919 P.
1023 3867 1060 3932 47)
1079 3860 1241 3916 accentibus
1258 3863 1291 3915 Β.
1312 3860 1349 3917 V.
1367 3859 1405 3912 A.
1424 3887 1461 3902 -
1478 3867 1599 3910 accentu

228 3957 260 4008 Ρ.
277 3958 319 4028 44)
339 3961 513 4013 neoterium
531 3962 564 4013 Β.
584 3961 622 4017 V.
640 3989 675 4000 —
694 3956 872 4012 tractabimus
890 3956 927 4008 A.
945 3954 984 4022 ⁴⁹)
1002 3949 1108 4020 aliquae
1129 3951 1165 4004 V.
1184 3950 1221 4003 A.
1240 3978 1277 3991 -
1294 3946 1385 4018 alique
1403 3947 1436 3999 Β.
1464 3947 1502 4015 ⁵0)
1529 3941 1596 3997 sub-

228 4042 344 4096 ieiemaa
362 4045 394 4098 Β.
415 4047 452 4101 V.
472 4049 503 4100 Ρ.
516 4077 552 4091 -
568 4045 731 4100 subiieimns
750 4047 787 4100 A.
807 4047 844 4116 41)
864 4038 1010 4094 earundem
1028 4040 1061 4092 Β.
1082 4037 1118 4091 V.
1131 4033 1334 4088 —earnmdem
1351 4033 1387 4086 A.
1408 4033 1443 4100 ⁵¹)
1464 4032 1596 4084 rationem

227 4130 263 4205 Β..
281 4131 319 4186 V.
337 4133 369 4184 Ρ.
388 4163 425 4176 -
443 4135 562 4188 rationes
580 4135 617 4188 A.
638 4136 674 4202 44)
693 4153 747 4206 qua
763 4134 798 4190 Β.
818 4134 856 4187 V.
874 4161 910 4172 -
928 4143 997 4199 quae
1015 4125 1053 4179 A.
1080 4125 1115 4195 44)
1133 4121 1329 4191 intellegantur
1349 4120 1385 4175 V.
1404 4120 1439 4173 A.
1459 4149 1495 4162 ·-
1512 4117 1596 4171 intel-
1654 4148 1658 4154 -

225 4214 356 4287 leguntur
379 4221 412 4272 B.
440 4223 475 4290 44)
499 4238 612 4274 nnmero
632 4222 668 4277 V.
687 4223 725 4275 A.
743 4249 780 4266 -
798 4235 938 4270 numerum
956 4215 989 4268 B.
1017 4214 1054 4282 44)
1084 4211 1109 4263 si
1134 4218 1200 4281 poat
1219 4207 1293 4279 ·QU·
1315 4206 1354 4258 ·E·
1379 4205 1500 4260 litteram
1517 4205 1596 4258 -si

226 4321 290 4358 aero
309 4315 376 4378 post
395 4307 469 4380 ·QU·
496 4308 536 4360 ·E·
555 4307 674 4362 litteram
691 4311 724 4361 Β.
744 4337 779 4350 -
806 4307 831 4359 ai
849 4312 915 4376 post
934 4319 986 4374 que
1004 4299 1126 4354 litteram
1144 4298 1181 4356 A.
1199 4296 1236 4336 -'
1254 4295 1278 4346 ai
1296 4303 1363 4366 post
1391 4294 1456 4366 QU·
1476 4292 1596 4345 litteram

227 4389 269 4443 'E'
288 4392 325 4447 V.
346 4395 384 4466 ⁵⁷)
403 4392 503 4448 babeat
522 4397 558 4451 V.
577 4397 613 4449 A.
633 4427 668 4438 -
686 4391 805 4446 babeant
822 4393 855 4444 Β.
881 4393 917 4457 44)
939 4406 991 4462 qne
1011 4388 1049 4444 V.
1068 4385 1103 4439 A.
1122 4413 1153 4428 -
1174 4402 1219 4455 qu.
1240 4400 1263 4436 c.
1283 4383 1315 4436 B.
1341 4382 1377 4454 47)
1398 4390 1444 4454 apt
1461 4382 1493 4433 B.
1508 4381 1544 4433 A.
1560 4410 1596 4422 ·-

225 4475 300 4530 baad
320 4481 357 4535 V.
380 4483 416 4551 44)
435 4487 460 4535 al
477 4485 510 4536 B.
532 4485 567 4539 V.
584 4505 621 4532 =
638 4483 675 4536 A.
701 4483 738 4552 41)
764 4477 951 4550 adspiratione
971 4476 1008 4531 V.
1027 4503 1063 4515 -
1082 4469 1298 4542 adspirationem
1321 4469 1355 4522 B.
1375 4496 1408 4510 -
1428 4467 1594 4537 aspiratione

227 4567 258 4618 P·
276 4597 313 4612 -
330 4565 517 4640 baspiratione
534 4572 571 4625 A.
598 4572 636 4641 44)
654 4569 773 4624 litteram
794 4569 829 4621 V.
848 4567 886 4619 A.
905 4594 942 4608 -
958 4563 1050 4614 littera
1068 4561 1101 4614 Β.
1130 4561 1166 4628 44)
1185 4555 1258 4610 baud
1277 4559 1309 4610 Β.
1330 4557 1366 4610 V.
1386 4556 1418 4608 P.
1439 4585 1473 4596 -
1492 4554 1591 4605 autA.

229 4654 269 4725 44)
288 4673 340 4729 per
357 4655 572 4728 adspirationem
588 4689 625 4700 ·-
643 4676 694 4729 per
711 4653 957 4728 aspirationem'B.
977 4679 1009 4694 -
1030 4667 1093 4701 oum
1111 4645 1298 4716 adspiratione
1316 4643 1351 4696 V.
1370 4668 1404 4681 -
1425 4655 1486 4690 cum
1501 4635 1593 4709 baspi.

229 4743 336 4798 ratione
354 4746 392 4798 A.
412 4746 449 4816 44)
469 4745 497 4796 in
517 4747 561 4798 ·D·
580 4743 697 4798 litteram
716 4740 881 4798 B.‘A.-iu
901 4739 945 4792 ·0·
964 4736 1085 4790 litteram
1105 4735 1141 4791 V.
1160 4734 1196 4803 44)
1211 4731 1263 4782 erit
1279 4730 1311 4781 B.
1331 4725 1458 4780 A.=V.

178 4843 207 4915 ο)
231 4831 305 4918 Virg.
324 4851 391 4901 nen.
411 4849 460 4904 IV.
478 4855 540 4908 421.
560 4867 582 4902 a.
603 4851 630 4917 6)
650 4851 686 4902 ln
704 4850 750 4902 ·D·
770 4850 905 4906 litteram,
925 4843 967 4894 aio
985 4840 1097 4894 omnino
1121 4831 1284 4906 legendnm,
1302 4845 1391 4902 neque
1410 4837 1439 4884 in
1458 4829 1496 4882 ·O
1523 4829 1594 4880 litte·

227 4953 286 4987 rana
305 4933 536 5007 quemadmodum
553 4939 584 4990 in
602 4938 635 4992 V.
653 4933 800 4998 scribitur,
817 4931 918 4985 illustr.
935 4929 1010 4983 Maio
1028 4925 1177 4980 lectionem
1196 4915 1363 4972 defendente
1383 4924 1411 4968 et
1429 4913 1593 4967 adnotante:

227 5023 312 5082 ..ltine
337 5029 421 5078 etiam
448 5031 636 5096 eognoaeimua
660 5027 918 5096 pronunciationem
944 5020 1106 5072 Latinorum
1132 5009 1293 5081 diphthongi
1313 5004 1399 5058 ·AU·.
1424 5004 1471 5056 Sie
1494 5004 1596 5074 legitur

229 5111 361 5164 cumina
378 5123 405 5164 et
425 5113 548 5174 Clodios,
567 5115 693 5166 Haterius
711 5125 739 5164 et
756 5113 862 5164 Plotina
880 5119 930 5162 ete.
950 5103 1089 5160 Nimirum
1109 5097 1181 5154 ·AU·
1200 5095 1386 5161 scribebam
1406 5092 1452 5144 ’0
1470 5107 1594 5161 pronun·
1646 5151 1648 5160 .

226 5199 363 5262 cubator.
379 5203 574 5272 pronunciatio
592 5213 683 5256 autem
702 5199 880 5272 quandoque,
899 5207 930 5250 tat
944 5195 1080 5254 natavenit,
1099 5193 1127 5243 in
1143 5189 1307 5257 aoriptmam
1323 5180 1490 5238 tramitem
1511 5177 1594 5232 Cete-
