4050 6064
405 541 472 612 4⁴0
697 531 924 590 APPENDLX
950 531 1006 588 AD
1031 531 1163 588 PROBl
1189 531 1340 588 ARTEM
1359 529 1578 591 tdtrtottutt.

490 684 542 748 58.
568 679 662 748 luter
682 700 752 746 aes
774 692 809 746 et
826 701 867 744 es
890 681 958 744 hoc
971 679 1125 756 intereat,
1149 677 1244 764 quod
1266 701 1332 746 aes
1356 677 1486 744 metalli
1501 675 1679 742 materiem
1699 673 1875 760 designat3

404 805 447 850 es
468 797 583 849 autem
605 781 749 848 verbum
774 801 847 846 esse
870 781 1094 846 demonstrat.

489 1091 541 1156 59.
565 1087 661 1151 luter
681 1085 911 1151 libidinem
935 1097 969 1150 et
989 1083 1222 1149 lividinem
1246 1085 1315 1148 boc
1337 1083 1497 1160 interest,
1529 1081 1625 1169 quod
1645 1080 1874 1144 libidinem

403 1189 606 1274 qualitatem
629 1188 737 1252 animi
760 1187 947 1272 significan
970 1199 1110 1250 atvero
1132 1184 1355 1249 lividinem
1376 1186 1523 1250 livorem
1545 1177 1587 1266 ⁸⁸)
1618 1181 1776 1268 corporis
1798 1203 1872 1246 esse

403 1292 626 1356 demonstrat.

489 1393 540 1458 60.
564 1392 660 1456 luter
679 1390 830 1456 malum
854 1403 889 1454 et
911 1389 1064 1454 malum
1086 1390 1155 1454 hoc
1177 1388 1339 1464 interest,
1370 1387 1400 1452 si
1423 1387 1572 1452 malum
1595 1385 1766 1472 producte
1788 1405 1874 1470 pro-

402 1492 542 1571 feratur,
564 1494 680 1556 velum
697 1493 752 1557 vel
769 1492 873 1556 arbor
894 1493 992 1556 navis
1006 1511 1147 1556 necesse
1170 1505 1222 1554 est
1242 1503 1281 1554 ut
1302 1489 1539 1574 intellegatur;
1563 1490 1591 1553 si
1614 1509 1696 1553 vero
1719 1488 1874 1550 malum

403 1609 562 1681 correpte
591 1595 803 1681 proferatur,
836 1595 872 1660 id
899 1595 996 1679 quod
1025 1605 1076 1656 cst
1097 1591 1285 1676 pessimum
1308 1611 1449 1657 necesse
1472 1605 1542 1668 est,
1570 1603 1609 1654 nt
1637 1589 1872 1654 subaudiatur.

488 1699 539 1764 61.
563 1697 657 1760 Inter
680 1696 802 1760 iuvat
818 1690 862 1777 89)
885 1708 919 1759 et
941 1692 1167 1777 invat⁹“)⁵)
1191 1693 1259 1756 hoc
1281 1693 1435 1772 interest,
1459 1693 1556 1780 quod
1578 1693 1750 1774 invat9')
1772 1690 1873 1756 adiu-

402 1811 461 1864 vat
483 1799 669 1883 significan
693 1808 727 1860 at
749 1816 832 1860 vero
855 1797 973 1860 iuvat
994 1795 1143 1859 delectat
1165 1794 1388 1860 demonstrat.

488 1902 541 1967 62.
570 1900 665 1963 Inter
694 1897 833 1962 tubam
863 1909 896 1962 et
927 1897 1054 1962 tubos
1086 1899 1153 1962 hoc
1175 1897 1333 1974 interest,
1362 1897 1459 1982 quod
1480 1897 1620 1964 tubam
1642 1896 1871 1982 symphoniae

402 2001 586 2066 buccinam
602 2002 646 2082 9’)
659 2000 846 2084 significan
870 2011 904 2063 at
923 2020 1007 2064 vero
1031 1998 1156 2062 tubos
1183 1998 1244 2082 qui
1261 2019 1386 2084 aquam
1401 1999 1544 2063 mittunt
1556 2019 1629 2062 esse
1643 2000 1871 2063 demonstrat.

488 2103 537 2168 63.
562 2103 657 2166 luter
678 2100 847 2165 barbam
871 2113 905 2164 et
925 2099 1076 2164 barbas
1099 2100 1167 2163 hoc
1189 2099 1350 2176 interest,
1374 2100 1470 2184 quod
1490 2097 1666 2164 barbam
1689 2099 1872 2164 bominum

402 2225 476 2270 esee
498 2204 672 2287 designat;
694 2200 848 2266 barbas
870 2223 954 2266 vero
976 2201 1179 2266 animalium
1203 2215 1277 2265 esse
1301 2200 1514 2266 demonstrat
1530 2204 1573 2285 ⁶).

487 2306 539 2372 ot.
562 2305 659 2368 luter
679 2316 875 2366 neutrum
908 2316 942 2368 et
969 2303 1165 2367 neutrale
1189 2305 1256 2366 hoc
1278 2303 1440 2380 interest,
1469 2301 1565 2388 quod
1586 2295 1783 2366 neutrum
1806 2321 1874 2366 no-

401 2427 482 2471 men
512 2419 573 2470 aut
601 2424 797 2492 pronomen
826 2403 882 2470 vel
912 2405 1136 2492 participium
1166 2404 1353 2490 significan
1383 2403 1583 2468 neutrale
1611 2425 1695 2470 vero
1725 2403 1871 2468 verbum

401 2529 474 2574 esse
498 2507 722 2572 demonstrat.

486 2609 539 2674 65.
568 2607 663 2670 luter
691 2619 806 2670 tuum
838 2620 873 2671 et
895 2620 981 2671 tum
1012 2611 1079 2674 boc
1101 2611 1262 2684 interest,
1286 2607 1382 2694 quod
1404 2619 1521 2673 tuum
1544 2627 1741 2694 pronomen
1762 2607 1873 2692 signi·

399 2709 496 2785 iicat;
519 2722 604 2772 tum
627 2727 710 2772 vero
734 2708 936 2773 adverbium
960 2731 1034 2774 esse
1057 2711 1281 2776 demonstrat.

486 2811 536 2877 66.
562 2808 657 2873 luter
679 2809 844 2894 fragrat
866 2824 901 2874 et
923 2811 1084 2896 flagrat
1099 2804 1142 2894 ⁹³)
1165 2814 1232 2876 boc
1245 2813 1398 2889 interest,
1423 2803 1762 2896 quodfragra193)
1784 2809 1872 2874 odo-

401 2931 474 2976 rem
498 2910 686 2994 significan
711 2911 871 2995 flagrat
892 2932 974 2976 vero
998 2913 1219 3000 splendorem
1242 2914 1466 2978 demonstrat.

486 3013 537 3079 ot.
562 3012 657 3076 luter
679 3013 893 3076 theatrum
918 3027 951 3078 et
973 3015 1137 3078 theatra
1158 3017 1225 3080 hoc
1241 3016 1394 3092 interest,
1419 3014 1514 3101 quod
1537 3015 1751 3076 theatrum
1774 3032 1873 3078 moe·

399 3115 459 3179 nia
481 3114 557 3199 ipsa
579 3113 768 3196 significan
792 3116 959 3178 theatra
980 3135 1064 3180 vero
1086 3116 1188 3180 ludos
1211 3119 1367 3182 scenicos
1390 3137 1463 3180 esse
1487 3115 1710 3179 demonstrat.

485 3217 537 3280 68.
561 3214 657 3278 luter
684 3215 825 3278 dolum
859 3229 893 3280 et
915 3217 1109 3280 dolorem
1139 3219 1207 3281 hoc
1229 3219 1388 3294 interest,
1419 3217 1515 3302 quod
1537 3216 1678 3280 dolum
1702 3217 1872 3300 tergiver-

401 3317 569 3381 sationem
584 3317 771 3400 sigrtilicat;
790 3315 982 3380 dolorem
996 3337 1079 3382 vero
1097 3319 1253 3402 corporis
1265 3319 1542 3404 inquietudinem
1556 3338 1629 3380 esse
1645 3318 1871 3382 demonstrat.

487 3418 538 3485 69.
562 3417 656 3480 Inter
678 3417 903 3502 augurium
927 3427 961 3480 et
983 3420 1222 3503 auspicium
1244 3420 1313 3484 hoc
1335 3421 1496 3496 interest,
1526 3418 1622 3504 qnod
1644 3419 1870 3502 augurium

401 3519 517 3584 avium
533 3529 671 3582 cantum
684 3519 871 3602 significan
895 3520 1131 3604 auspicium
1154 3515 1435 3586 vero'euiuslibet
1452 3532 1630 3604 aspectum
1646 3519 1872 3584 demonstrat.

486 3623 538 3685 to.
563 3618 657 3682 inter
678 3619 858 3706 probum
882 3633 916 3683 et
937 3620 1140 3705 probrum
1163 3623 1231 3686 hoc
1243 3622 1396 3698 interest,
1421 3620 1514 3705 quod
1537 3619 1717 3704 probum
1742 3621 1872 3684 iustum

401 3721 589 3806 significan
612 3719 817 3804 probrum
840 3741 924 3784 vero
948 3721 1220 3804 ignominiosum
1244 3745 1317 3786 esse
1340 3723 1564 3787 demonstrat.

486 3827 539 3889 tl.
569 3821 665 3884 Inter
695 3821 984 3886 cochlearium
1006 3817 1050 3904 95)
1080 3837 1114 3888 et
1145 3823 1371 3888 cochleare
1399 3817 1443 3908 96)
1480 3824 1548 3887 hoc
1575 3822 1735 3896 interest,
1774 3820 1873 3905 quod

403 3922 693 3989 cochlearium
717 3925 761 4004 ⁹5)
792 3942 886 3997 eum,
918 3923 979 4007 qui
1011 3924 1206 3988 cochleas
1231 3917 1275 4008 ⁹8)
1304 3926 1424 3990 vendit
1443 3929 1487 4008 ⁹⁹)
1523 3924 1709 4008 significan
1739 3924 1870 3986 coch-

401 4023 518 4090 leare
536 4026 592 4106 ¹⁰⁰)
613 4040 696 4085 vero
719 4035 920 4105 argenteum
944 4045 1017 4087 esse
1041 4025 1264 4090 demonstrat.

486 4127 538 4191 tn.
563 4124 658 4188 luter
678 4123 859 4209 Asprum
890 4136 923 4188 et
945 4145 1137 4210 asperum
1161 4129 1228 4190 hoc
1251 4128 1409 4204 interest,
1441 4127 1538 4212 quod
1558 4126 1740 4211 Asprum
1763 4145 1873 4188 voca-

291 4259 389 4312 ΜΗ,
401 4225 522 4290 bulum
545 4225 696 4288 bominis
720 4245 792 4288 csse
816 4224 1045 4310 intellegitur3
1068 4227 1295 4314 *asperum
1319 4225 1527 4294 autemnon
1544 4228 1641 4290 laeve
1663 4227 1689 4308 ¹)
1713 4247 1788 4291 csse
1810 4226 1874 4291 de-

400 4338 621 4394 monstratur.

438 4556 475 4628 ⁸⁸)
501 4553 617 4609 livorem
634 4581 670 4596 -
687 4550 804 4606 liberem
826 4554 894 4607 cod.
921 4555 956 4620 Ι9)
976 4555 1049 4607 iurat
1074 4553 1206 4608 -iubat
1225 4557 1291 4610 ch.
1319 4558 1357 4629 θ’)
1375 4557 1449 4609 iuvat
1469 4559 1536 4610 Cod.
1556 4577 1590 4610 ea
1608 4573 1658 4608 em.
1676 4575 1718 4625 pr.
1737 4573 1772 4607 m.
1792 4551 1876 4609 iubat

504 4663 523 4694 a
546 4661 590 4713 pr.
616 4660 652 4695 m.
680 4643 715 4710 ⁸¹)
742 4639 817 4694 iuvat
841 4669 877 4682 ·-
900 4638 979 4694 iubat
1006 4643 1074 4695 cod.
1102 4648 1139 4712 θ’)
1158 4640 1336 4716 symphoniae
1354 4641 1498 4696 buccinam
1517 4673 1551 4688 -
1571 4643 1722 4712 symfoniae
1739 4639 1875 4694 bucinam

506 4731 573 4783 c'ed.
593 4731 629 4799 οι)
649 4725 744 4798 flagrat
761 4758 798 4771 —
815 4725 913 4797 fraglat
932 4729 999 4782 eod.
1019 4731 1054 4801 ⁸⁴)
1073 4730 1227 4799 fragrat-
1243 4729 1341 4799 fraglat
1361 4732 1429 4785 ch.
1454 4733 1491 4802 ⁹⁵)
1511 4729 1695 4784 cochlearium
1712 4759 1748 4770 -
1766 4727 1874 4782 coclia-

504 4817 574 4868 n'um
595 4816 662 4869 eod.
682 4817 718 4885 ⁹⁸)
738 4811 934 4869 cochleare-
953 4813 1077 4870 cocleare
1098 4819 1164 4871 eod.
1184 4822 1220 4888 ⁹⁷)
1240 4815 1424 4870 cochlearium
1441 4848 1478 4861 -
1496 4816 1660 4871 coclearium
1682 4816 1742 4868 ch
1769 4817 1806 4886 ⁹⁸)
1823 4833 1875 4868 co·

505 4900 597 4954 ebless
624 4931 660 4946 -
686 4899 794 4956 cocleas
823 4903 890 4956 God.
917 4908 952 4973 ο9)
978 4901 1077 4959 vendit
1102 4935 1138 4946 -
1163 4902 1341 4960 vindicent.
1368 4911 1416 4978 ΙΝ’)
1440 4903 1583 4958 cochleare
1602 4933 1635 4948 -
1655 4901 1780 4956 cocleare
1802 4904 1875 4958 Geel.

507 4991 528 5059 ¹)
547 4987 624 5041 laeve
641 5017 676 5030 -
693 4985 753 5040 lere
775 4989 842 5043 coct

452 5077 482 5142 e)
508 5074 596 5127 Deest
612 5091 666 5126 una
683 5072 765 5127 lines.
793 5076 820 5142 b)
841 5073 988 5147 Duplicem
1013 5076 1243 5148 significationem
1261 5076 1383 5132 eiusdem
1401 5077 1530 5133 vocabuli
1549 5078 1677 5151 asperim
1705 5075 1741 5130 cf.
1762 5083 1819 5130 not.
1840 5071 1874 5146 h)

468 5175 471 5182 ·
503 5157 542 5212 ad
559 5156 661 5214 isidori
680 5156 740 5213 diff.
759 5176 781 5211 s.
800 5156 827 5212 h.
846 5177 870 5214 v.
890 5164 916 5234 e)
936 5161 981 5215 Cf.
1000 5163 1128 5222 Servium
1146 5163 1182 5220 ad
1201 5166 1276 5236 Virg.
1296 5165 1396 5236 Georg.
1416 5167 1466 5218 lll.
1487 5171 1547 5226 311.
1599 5231 1602 5240 .
1669 5227 1671 5234 ,
