4036 6068
582 499 901 556 {snoutstts
939 497 1139 553 tttttott.
1537 507 1603 572 m

216 645 352 712 Eodem
375 643 501 722 motio,
524 658 682 734 tempore
705 645 820 712 futuro
844 647 917 710 sive
938 646 1147 732 promissivo
1173 647 1287 710 modo.
1317 646 1462 711 Numeri
1485 649 1604 734 singu-

139 749 233 816 ltrist
256 748 347 825 ibo,
370 747 472 825 ibis,
497 748 598 825 ibit;
620 750 758 812 numeri
776 747 940 838 pluralis:
964 747 1143 823 ibimus,
1166 747 1308 824 ibitis,
1333 749 1466 815 ibunt.

217 849 329 916 Modo
352 851 571 937 imperativo,
595 863 753 936 tempore
775 853 949 937 praesenti
963 853 1035 915 sive
1050 851 1193 916 instanti
1209 852 1252 915 ad
1275 853 1460 916 secundam
1485 864 1518 915 et
1534 866 1604 915 ter-

140 955 217 1018 tiam
239 973 426 1040 personam
449 965 595 1018 tantum.
618 953 764 1017 Numeri
787 954 988 1039 singularis:
1012 953 1044 1031 i,
1068 967 1154 1030 eat;
1177 955 1314 1017 numeri
1336 954 1498 1040 pluralis:
1522 955 1603 1028 ite,

140 1067 242 1122 tent.
810 1041 820 1054 ⁵
1401 1113 1406 1122 .

219 1157 354 1224 Eodem
379 1157 496 1234 modo,
520 1169 677 1242 tempore
700 1156 825 1222 futuro.
849 1158 996 1222 Numeri
1018 1157 1220 1244 singularis:
1245 1159 1325 1233 ito,
1358 1159 1438 1232 itn;
1468 1157 1605 1220 numeri

140 1261 298 1347 pluralis:
322 1260 450 1342 itote,
474 1260 594 1323 innto
618 1252 672 1341 ’“).

220 1361 331 1426 Modo
355 1361 490 1424 infinito
513 1361 585 1424 sive
614 1373 802 1447 perpetuo,
832 1362 985 1426 numeris
1008 1373 1043 1425 et
1063 1363 1222 1448 personis
1245 1361 1417 1438 confusis,
1450 1375 1607 1448 tempore

129 1463 312 1552 ·prsesenti
335 1463 407 1527 sive
430 1462 572 1526 instanti
589 1457 652 1544 ⁸'):
675 1464 751 1528 ire.

221 1565 356 1629 Eodem
380 1563 503 1640 modo,
526 1575 684 1649 tempore
706 1565 911 1650 praeterito:
935 1565 1019 1628 isse
1037 1556 1088 1647 ⁸³).

222 1667 357 1732 Eodem
382 1666 503 1742 modo,
527 1678 685 1752 tempore
707 1665 843 1730 futuro:
867 1667 972 1730 itum
995 1669 1069 1732 ire.

224 1767 335 1832 Modo
359 1767 535 1853 optativo,
567 1779 725 1852 tempore
754 1769 930 1852 praesenti
959 1769 1030 1833 sive
1053 1769 1206 1834 instanti.
1229 1769 1376 1834 Numeri
1406 1771 1607 1854 singularist

145 1871 273 1934 ntinsm
297 1888 407 1945 eam,
429 1869 563 1933 utinam
591 1890 675 1944 eas,
697 1869 831 1932 utinam
854 1883 937 1946 eat;
958 1871 1095 1934 numeri
1117 1870 1279 1956 pluralis:
1301 1873 1433 1936 utinam
1457 1893 1609 1948 eamus,

146 1974 274 2036 utinam
297 1971 429 2048 eatis,
452 1971 585 2035 utinam
609 1982 718 2035 eant.

225 2073 362 2138 Eodem
392 2073 518 2149 modo,
551 2085 709 2158 tempore
739 2075 947 2160 praeterito,
979 2075 1095 2161 specie
1123 2073 1313 2160 inperfecta
1327 2067 1370 2156 ”·)
1401 2075 1472 2138 sive
1495 2075 1611 2138 minue

148 2197 247 2262 quem
271 2175 425 2262 perfecta
452 2173 508 2238 vel
525 2169 568 2256 ⁸⁵)
592 2175 799 2238 inchoativa.
829 2176 976 2240 Numeri
1004 2176 1202 2260 singularis:
1230 2177 1362 2240 utinam
1393 2177 1512 2249 irent,
1541 2176 1612 2238 uti-

146 2297 221 2341 nam
256 2277 364 2352 ires,
401 2277 534 2339 utinam
571 2276 678 2352 iret3
713 2279 851 2342 numeri
882 2278 1059 2364 pluralis:
1095 2279 1230 2342 utinam
1265 2277 1446 2356 iremus,
1476 2277 1611 2339 utinam

148 2380 291 2452 iretis,
313 2379 446 2441 utinam
470 2379 597 2442 irent.

227 2481 363 2544 Eodem
386 2479 504 2554 modo,
529 2479 651 2542 eodem
675 2489 845 2563 tempore,
869 2483 984 2568 specie
1006 2482 1160 2568 perfecta
1183 2482 1255 2546 sive
1278 2480 1446 2545 absoluta.
1467 2479 1616 2543 Numeri

150 2582 353 2667 singularisz
382 2565 515 2643 utinam
546 2580 700 2644 iverim
728 2595 763 2644 et
791 2583 938 2661 ierim,
973 2585 1106 2647 utinam
1144 2583 1280 2646 iveris
1311 2594 1345 2645 et
1378 2583 1509 2656 ieris,
1546 2581 1616 2643 uti-

149 2703 226 2748 nam
253 2680 392 2748 iverit
419 2692 454 2744 et
483 2682 601 2757 ierit;
628 2685 767 2748 numeri
796 2684 939 2770 pluralis
964 2678 1024 2769 ἰ’)ε
1054 2688 1188 2749 utinam
1219 2685 1427 2748 iverimus
1456 2695 1490 2747 et
1513 2683 1617 2746 ieri-

151 2805 251 2860 mus,
274 2784 407 2846 utinam
431 2782 602 2847 iveritis
625 2796 659 2847 et
681 2785 842 2864 ieritis,
866 2789 998 2850 utinam
1021 2788 1190 2850 iverint
1208 2781 1251 2870 ⁰5)
1276 2799 1310 2878 et
1332 2787 1478 2849 ierint.

230 2886 365 2949 Eodem
389 2883 506 2961 modo,
530 2885 653 2948 eodem
669 2898 842 2972 tempore,
866 2890 981 2974 specie
996 2888 1337 2973 plusquamperieeta
1360 2888 1432 2949 sive
1454 2883 1617 2948 reeorda-

151 2988 217 3051 tive
249 2987 305 3050 vel
341 2998 476 3049 exacta.
519 2986 666 3050 Numeri
704 2989 911 3072 singularist
946 2991 1079 3052 utinam
1120 2991 1272 3064 issem,
1311 2989 1443 3050 utinam
1487 2987 1615 3060 isses,

150 3088 278 3150 utinam
321 3086 453 3162 isset;
497 3089 634 3152 numeri
670 3089 836 3175 pluralis:
869 3092 1002 3154 utinam
1038 3092 1245 3167 issemus,
1278 3089 1411 3152 utinam
1450 3087 1616 3163 iustis,

150 3189 279 3254 utinam
302 3189 457 3253 issent.

232 3289 366 3355 Eodem
391 3289 497 3354 modo
520 3302 679 3377 tempore
701 3291 827 3358 futuro.
864 3295 1011 3358 Numeri
1031 3294 1230 3379 singularis:
1260 3293 1393 3356 utinam
1421 3311 1526 3366 eam,
1549 3291 1619 3354 uti·
1672 3302 1680 3317 '

149 3411 227 3455 nam
257 3411 352 3467 eas,
376 3392 509 3456 utinam
541 3406 628 3470 est3
650 3397 788 3460 numeni
809 3395 973 3482 pluralis:
996 3398 1128 3460 utinam
1154 3417 1313 3472 eamus,
1337 3394 1470 3458 utinam
1494 3393 1618 3469 estis,

153 3491 281 3556 utinam
306 3505 412 3558 eant.

233 3592 343 3658 Modo
374 3595 599 3661 coniunctivo
630 3597 702 3660 sive
747 3585 918 3677 iunctim,
949 3613 1106 3687 tempore
1148 3599 1323 3686 praesenti
1360 3597 1431 3660 sive
1467 3595 1618 3658 instanti.
1708 3601 1713 3610 '

152 3692 295 3759 Numeri
317 3695 518 3780 singularis:
549 3717 629 3762 cum
651 3697 708 3762 vel
730 3702 759 3764 ei
789 3722 897 3777 eam,
927 3721 1006 3766 cum
1029 3702 1084 3766 vel
1107 3703 1136 3764 si
1166 3721 1252 3776 eas,
1283 3719 1361 3763 cum
1390 3696 1446 3760 vel
1475 3697 1504 3760 si
1535 3707 1621 3772 θεῖς

153 3797 288 3861 nnmeri
303 3796 466 3882 pluralis:
493 3817 572 3861 cum
597 3800 653 3863 vel
673 3802 702 3864 si
725 3823 877 3878 eamus,
902 3825 980 3868 cum
1000 3805 1055 3867 vel
1079 3805 1107 3867 si
1130 3805 1256 3878 eatis,
1281 3821 1360 3865 cum
1385 3798 1441 3862 vel
1464 3799 1493 3860 si
1516 3809 1622 3860 eant.

234 3899 367 3963 Eodem
398 3899 519 3976 modo,
554 3912 712 3986 tempore
740 3908 946 3988 praeterito,
976 3907 1091 3991 specie
1120 3904 1309 3990 inperfecta
1332 3897 1375 3983 ⁸⁸)
1410 3901 1481 3962 sive
1509 3899 1624 3962 minue

153 4017 256 4082 quam
272 3999 426 4085 perfecta
441 4001 497 4064 vel
515 3991 722 4068 inclinativa.
746 4005 892 4070 Numeri
907 4007 1110 4091 singularis:
1139 4026 1218 4068 cunt
1247 4003 1303 4067 vel
1332 4004 1362 4066 si
1389 4002 1513 4077 irem,
1544 4020 1623 4094 cunt

151 4098 208 4162 vel
235 4101 264 4164 ei
293 4101 400 4177 ires,
429 4121 508 4166 cunt
536 4103 592 4166 vel
620 4105 650 4168 si
680 4105 779 4182 iret;
814 4110 951 4172 numeri
979 4107 1146 4194 pluralis:
1185 4125 1263 4170 cunt
1299 4104 1354 4169 vel
1385 4104 1415 4167 si
1448 4104 1622 4178 iremus,

152 4219 234 4264 cum
259 4201 316 4266 vel
345 4203 539 4280 attritis,
571 4225 651 4268 cum
678 4207 735 4270 vel
764 4209 793 4272 si
822 4207 942 4272 irent.

237 4302 370 4367 Eodem
394 4304 512 4379 modo,
536 4305 658 4368 eodem
682 4320 850 4394 tempore,
875 4311 992 4394 specie
1014 4309 1166 4395 perfecta
1189 4310 1261 4372 sive
1286 4307 1454 4372 absoluta.
1477 4305 1624 4392 Numeri

150 4401 355 4485 singularis:
386 4425 465 4468 cum
496 4405 552 4468 vel
575 4407 604 4470 si
627 4409 784 4472 iverim
808 4422 843 4488 et
872 4412 1013 4488 ierim,
1044 4431 1122 4474 cum
1151 4411 1207 4473 vel
1237 4411 1266 4474 si
1295 4411 1424 4473 iveris
1446 4403 1489 4489 ⁸⁹)
1513 4421 1546 4471 et
1569 4407 1623 4468 ie·

147 4503 231 4578 ris,
260 4523 338 4568 cum
361 4503 418 4568 vel
440 4506 470 4569 si
493 4507 623 4571 iverit
645 4521 678 4572 et
707 4511 826 4587 ierit3
855 4514 992 4577 numeri
1015 4512 1175 4597 pluralis:
1207 4511 1223 4543 ⁴²
1247 4533 1326 4575 cum
1350 4510 1404 4572 vel
1435 4511 1463 4572 si
1495 4507 1622 4571 iveri·
1643 4534 1714 4588 eott.

148 4623 243 4666 mus
265 4617 297 4668 et
319 4606 508 4686 ierimus,
532 4628 611 4672 cum
635 4610 690 4674 vet
712 4612 742 4676 si
763 4613 941 4678 iveritis
964 4627 998 4676 et
1025 4614 1186 4689 ieritis,
1218 4632 1297 4676 cum
1327 4609 1383 4672 vel
1405 4610 1434 4672 si
1465 4608 1622 4672 iverint

147 4717 184 4770 et
210 4703 351 4772 ierint.

191 4890 233 4962 ”)
250 4891 326 4948 iusto
344 4895 376 4948 Β.
397 4895 435 4950 V.
454 4925 491 4938 -
508 4906 592 4950 eunte
610 4898 648 4951 A.
676 4899 712 4970 ”)
731 4900 846 4954 instanti
865 4900 902 4955 V.
921 4898 957 4952 A.
976 4929 1012 4938 -
1030 4897 1145 4952 instanti
1163 4897 1270 4950 numeri
1288 4892 1433 4966 singularis
1452 4895 1483 4946 Β.
1509 4895 1545 4962 ”)
1564 4894 1620 4947 isse

257 4979 289 5032 B.
306 4981 344 5034 A.
363 4981 457 5034 -ire
477 4984 513 5037 V.
532 4986 569 5055 ⁸⁴)
588 4985 741 5056 inperfecta
760 4988 797 5043 V.
816 4986 854 5041 A.
873 5017 909 5032 -
926 4986 1048 5058 perfecte
1067 4986 1100 5038 Β.
1127 4986 1162 5055 ”)
1181 4982 1226 5038 vei
1245 4985 1277 5038 Β.
1296 4983 1331 5038 Α.
1351 5011 1386 5024 -
1411 4991 1441 5036 et
1459 4983 1496 5039 V.
1514 4983 1550 5053 ”)
1569 4999 1621 5033 nn·

258 5065 324 5118 meri
341 5065 457 5137 ptunlis
477 5071 514 5128 V·
532 5073 570 5126 A.
588 5105 624 5116 -
641 5081 672 5127 et
687 5071 786 5146 plut-si
804 5075 837 5128 Β.
858 5076 893 5146 ’7)
912 5074 1040 5130 iverimus
1059 5101 1093 5116 -
1113 5080 1142 5124 et
1159 5073 1247 5126 ieritis
1265 5103 1300 5114 -
1319 5071 1418 5125 iverint
1436 5070 1472 5126 V.
1491 5091 1527 5122 =
1544 5070 1620 5124 BA.

259 5151 293 5218 ¹¹>
311 5151 464 5224 inpenscn
483 5158 519 5213 V.
540 5159 576 5212 A.
596 5190 631 5202 -
649 5160 770 5232 pernen
788 5163 822 5217 n.
842 5163 880 5233 υ)
899 5161 979 5218 sess
1000 5163 1036 5218 V.
1056 5162 1092 5216 A.
1111 5160 1186 5214 nnn
1204 5161 1237 5214 n.

1339 5250 1381 5313 27
