4050 6064
408 536 479 612 ιιι
871 529 1432 592 ιιοιιιιιιιιιιοι.

409 681 455 748 do
472 684 639 771 temporis
654 675 844 770 praesentis
861 694 920 747 ant
935 673 981 768 θ’)
1004 679 1150 768 optativi
1176 691 1236 744 aut
1259 677 1475 744 coniunctivl
1496 676 1533 740 in
1546 669 1593 761 ⁰⁵)
1616 676 1734 762 specle
1760 674 1879 760 lnper-
1990 745 1996 758 1

409 785 498 850 lecta
516 805 561 850 ex
583 785 737 872 qualibet
751 805 902 872 persone
918 785 1055 850 numeri
1077 783 1261 868 singularis
1282 783 1440 848 ultimam
1462 779 1629 865 syllabam
1643 779 1830 854 omittunt,
1846 789 1881 840 et

408 887 606 973 imperativi
627 889 723 951 modi
744 882 791 971 ⁹⁶)
825 887 1012 952 secundam
1039 905 1225 972 personam
1251 887 1388 948 numeri
1412 884 1596 970 singularis
1622 881 1809 948 ostendunt
1842 889 1880 942 ut

407 1003 490 1076 puta
508 990 733 1065 scribere,
756 990 891 1053 utinam
912 991 957 1072 ⁹7)
980 989 1244 1065 scriberem,
1271 1007 1351 1052 oum
1381 987 1639 1062 scriberem,
1658 977 1879 1065 scribor).

345 1105 348 1114 '
406 1091 606 1156 Nunooum
632 1091 724 1156 dicat
741 1091 978 1175 Vergilius-
997 1091 1225 1174 toleratu)
1249 1089 1510 1155 calcaribus
1534 1109 1673 1152 armos
1696 1090 1727 1174 ⁶)
1752 1087 1879 1150 -uti·

406 1213 475 1280 qne
491 1193 559 1258 iam
575 1193 781 1280 imperativo
800 1194 907 1258 modo
926 1191 1045 1270 iode,
1069 1213 1141 1256 non
1159 1195 1214 1277 ¹⁰⁰)
1241 1191 1335 1256 lodi
1357 1191 1470 1256 lacere
1494 1194 1519 1276 ¹)
1543 1191 1793 1278 pronuntiavit.

440 1371 442 1376 ,
491 1300 565 1362 835.
590 1296 787 1380 Quaeritur,
809 1315 878 1381 qua
894 1294 937 1359 de
952 1315 1054 1360 causa
1070 1296 1208 1372 traho,
1228 1307 1262 1359 et
1279 1313 1350 1358 non
1369 1307 1467 1358 trao
1487 1294 1642 1370 dicatum
1656 1295 1722 1358 bac
1737 1292 1780 1355 de
1797 1311 1879 1357 eau-

406 1415 462 1473 sa,
486 1395 652 1484 qnoniam
670 1398 778 1462 uerba
795 1397 916 1462 tertiae
941 1396 1198 1482 coniugationis
1217 1408 1398 1484 correptae
1415 1396 1604 1462 indicativo
1621 1398 1651 1479 ¹)
1669 1393 1776 1458 modo
1790 1405 1879 1456 tem-

406 1499 503 1584 poris
527 1482 720 1585 praesentis
743 1519 788 1564 ex
813 1500 926 1587 prima
951 1518 1100 1586 persona
1124 1501 1262 1565 numeri
1286 1499 1470 1585 singularis
1493 1495 1724 1584 probibentur
1739 1489 1768 1580 ³)
1789 1493 1878 1560 ἈΟ·

405 1599 531 1664 litteris
554 1601 699 1666 deliniri.
1462 1665 1464 1672 ,

490 1703 563 1766 838.
589 1703 790 1786 Quaeritur,
807 1701 933 1788 quade
951 1721 1053 1766 causa
1071 1702 1203 1777 adno,
1222 1714 1255 1767 et
1271 1721 1343 1766 non
1365 1721 1508 1766 annac
1529 1690 1561 1786 ⁴)
1576 1701 1728 1776 dicatum
1750 1701 1817 1763 bac
1837 1697 1879 1763 de

405 1817 519 1878 causa,
540 1805 705 1886 quoniam
728 1804 834 1869 verba
855 1804 987 1890 primae
1005 1803 1261 1887 coniugationis
1280 1805 1470 1870 indicativo
1492 1804 1598 1868 modo
1625 1803 1740 1888 specie
1762 1803 1878 1886 inper-

404 1901 494 1969 fecta
512 1899 541 1989 ⁵)
558 1927 603 1970 ex
618 1905 718 1969 tertia
734 1925 884 1991 persona
902 1907 1038 1968 numeri
1053 1899 1083 1990 ⁶)
1107 1905 1251 1992 pluralis
1279 1907 1436 1971 ultimam
1456 1905 1622 1988 syllabam
1645 1906 1828 1980 omittunt,
1845 1917 1879 1968 et

405 2006 457 2070 ·Λ·
480 2021 683 2092 sequentem
709 2007 746 2071 in
770 2006 829 2071 ·0·
851 2006 1000 2071 litteram
1020 2009 1047 2092 7)
1076 2021 1303 2085 convertunt,
1319 2022 1352 2072 et
1367 2010 1515 2095 primam
1540 2027 1725 2094 personam
1743 2004 1878 2066 numeri

403 2107 588 2192 singularis
612 2108 709 2172 modi
732 2109 925 2194 supradicti
949 2107 1158 2186 ostendunt,
1185 2121 1225 2174 nt
1250 2122 1334 2196 puta
1361 2110 1616 2196 probabant
1643 2104 1690 2193 '),
1721 2105 1876 2194 probo.

402 2209 506 2274 Nunc
525 2230 603 2274 oum
619 2210 713 2274 dicat
725 2211 904 2295 Vergilius
926 2245 971 2262 -
992 2210 1213 2275 adnabunt
1237 2213 1407 2298 pariter
1421 2210 1452 2298 ⁶)
1472 2213 1650 2298 -utique
1667 2213 1736 2274 iam
1753 2209 1876 2284 adno,

401 2331 475 2376 non
498 2330 550 2375 an
563 2331 645 2398 navo
665 2314 696 2396 ⁹)
724 2311 837 2376 iacere
861 2313 1102 2398 pronuntiavit
1120 2315 1172 2395 ¹⁰).

487 2416 561 2478 837.
585 2401 785 2497 Quaeritur,
808 2435 876 2500 qna
893 2415 936 2478 de
952 2433 1054 2478 cansa
1068 2417 1199 2489 vebo,
1217 2427 1250 2480 et
1266 2433 1338 2478 non
1355 2435 1435 2480 veo
1453 2415 1606 2492 dicatur3
1622 2417 1688 2479 bac
1705 2415 1747 2478 de
1764 2433 1876 2488 causa,

404 2514 570 2598 qnoniam
595 2513 702 2578 verba
724 2517 846 2580 tertiae
871 2517 1127 2600 coniugationis
1163 2531 1344 2603 correptae
1369 2517 1557 2583 indicativo
1580 2518 1686 2582 modo
1711 2517 1877 2603 temporis

297 2609 328 2657 V·
343 2611 596 2700 ³²⁰·praesentis
621 2633 667 2680 ex
689 2617 802 2702 prima
825 2637 975 2706 persona
996 2619 1134 2682 numeri
1156 2619 1341 2704 singularis
1373 2621 1605 2706 prohibentur
1628 2618 1718 2686 ·E0·
1752 2613 1881 2684 litteris'

403 2716 550 2781 definiri.

487 2819 562 2883 838.
586 2818 791 2901 Quaeritur,
809 2841 878 2906 qua
895 2820 938 2885 de
955 2841 1058 2886 causa
1075 2821 1244 2908 lugere,
1261 2836 1295 2889 et
1309 2843 1381 2888 non
1405 2823 1549 2910 fugire
1568 2825 1720 2902 dicatum
1743 2826 1809 2890 bac
1834 2823 1875 2888 tle

403 2939 516 2997 causa,
538 2921 705 3006 quoniam
721 2942 962 3008 quaecumque
980 2923 1085 2988 verba
1103 2925 1309 3012 imperativo
1323 2929 1364 3011 ¹¹)
1382 2928 1486 2992 modo
1506 2927 1673 3013 temporis
1687 2927 1877 3013 praesentis

403 3039 448 3084 ex
461 3021 613 3086 secunda
630 3043 779 3108 persona
793 3025 928 3088 numeri
945 3025 1129 3109 singularis
1148 3027 1199 3091 ·E·
1216 3028 1330 3093 littera
1351 3031 1591 3107 terminantur,
1605 3031 1691 3092 haec
1704 3029 1740 3091 in
1756 3029 1873 3091 eadem

292 3113 387 3222 21⁸1
396 3143 544 3210 persona
562 3124 645 3188 lin·
668 3125 834 3206 syllabam
852 3127 1046 3214 accipiunt,
1064 3125 1081 3158 ⁸
1098 3141 1132 3192 et
1149 3130 1322 3195 infinitum
1343 3133 1485 3197 modum
1500 3131 1667 3216 temporis
1684 3129 1876 3217 praesentis

401 3245 483 3288 suae
505 3227 545 3309 ¹¹)
565 3225 740 3311 qualitatis
754 3229 958 3306 ostendunt,
982 3242 1020 3292 ut
1036 3243 1121 3316 puta
1140 3232 1289 3297 scribe
1316 3232 1536 3298 scribere.
1558 3235 1663 3306 Nunc
1680 3253 1758 3297 cum
1784 3231 1874 3294 dicat

401 3325 643 3411 Vergilius-
665 3328 769 3414 inge
792 3329 899 3394 litus
923 3351 1101 3395 avarum
1124 3333 1152 3416 ’)
1175 3367 1217 3381 -
1239 3335 1362 3421 utique
1381 3337 1449 3400 iam
1471 3337 1608 3400 infinito
1628 3329 1669 3420 ¹³)
1687 3333 1792 3398 modo
1810 3333 1870 3396 iu·

402 3446 523 3511 gere,
546 3448 618 3494 non
644 3430 796 3516 fugire
819 3432 930 3497 iacere
951 3423 992 3518 ¹⁴)
1011 3434 1250 3520 pronuntiarit
1274 3429 1325 3520 ¹⁵).
1436 3505 1442 3516 ,

487 3531 562 3598 839.
587 3531 785 3614 Quaeritur,
804 3535 930 3620 quade
947 3555 1049 3599 causa
1066 3555 1244 3599 sensum
1262 3537 1344 3615 ire,
1366 3551 1401 3604 et
1418 3557 1489 3602 non
1508 3537 1719 3603 sentitnm
1738 3535 1874 3600 iredi-

401 3643 499 3696 catur
509 3655 518 3709 ς
542 3634 606 3698 hac
626 3633 667 3697 de
686 3655 798 3710 causa,
818 3637 985 3720 quoniam
1001 3637 1148 3721 gerundi
1165 3638 1392 3703 novissimum
1409 3639 1510 3704 ·lRE·
1535 3641 1667 3706 litteras
1684 3639 1823 3726 accipit,
1839 3651 1872 3703 et

402 3734 528 3798 infiniti
547 3735 643 3799 modi
659 3735 812 3800 futurum
830 3749 965 3824 tempus
983 3739 1134 3802 ostendit
1151 3735 1202 3824 ¹⁸³).

486 3838 561 3901 840.
586 3836 794 3921 Quaeritur,
815 3859 883 3926 qua
907 3842 949 3905 de
976 3860 1077 3904 causa
1095 3840 1247 3907 ferveo
1271 3843 1334 3926 Ι7),
1353 3855 1387 3908 et
1409 3863 1482 3908 non
1504 3843 1629 3908 fervo
1649 3835 1691 3928 ¹⁸)
1722 3842 1874 3918 dicatum

435 4131 475 4206 θ’)
497 4141 544 4186 ant
558 4132 591 4188 B.
609 4163 646 4176 -·
662 4129 708 4187 rel
720 4133 757 4189 V.
771 4133 808 4188 A.
828 4135 865 4206 ι’)
879 4135 909 4188 in
922 4135 957 4188 Β.
975 4165 1011 4178 -
1029 4143 1059 4189 st
1072 4137 1110 4190 A.
1129 4165 1166 4182 -
1183 4155 1216 4189 ex
1237 4138 1274 4193 V.
1294 4139 1330 4207 ⁹⁶)
1346 4133 1422 4189 modi
1446 4137 1483 4192 V.
1501 4137 1538 4191 A.
1557 4157 1595 4187 ··...-
1611 4135 1644 4190 B.
1663 4137 1700 4205 ⁸⁷)
1720 4135 1824 4188 utinam
1841 4133 1875 4187 Β.

509 4221 545 4275 V.
555 4221 589 4273 P.
606 4243 643 4270 =
655 4221 692 4274 A.
711 4222 749 4294 θ’)
761 4220 852 4274 scribe
864 4225 896 4278 Β.
908 4223 941 4277 V
938 4261 946 4276 .
960 4224 990 4275 P.
1001 4246 1037 4272 =
1046 4223 1083 4278 A.
1103 4231 1139 4292 ⁸⁸)
1150 4223 1260 4278 foderet
1275 4226 1313 4281 V.
1330 4255 1367 4268 -
1385 4223 1548 4297 sederatque
1562 4225 1597 4278 B.
1610 4224 1648 4278 A.
1670 4225 1718 4294 ¹⁰⁶)
1727 4239 1783 4277 non
1796 4223 1827 4276 B.
1839 4221 1877 4276 V.

506 4335 543 4349 -
562 4315 591 4359 et
603 4323 660 4360 non
674 4309 710 4362 A.
732 4314 754 4379 ¹)
770 4309 860 4364 faeere
873 4313 906 4364 B.
926 4311 961 4366 V.
977 4311 1007 4363 Ρ.
1027 4333 1064 4360 =
1082 4311 1119 4366 A.
1141 4316 1163 4380 ¹)
1179 4311 1329 4366 indicative
1347 4315 1378 4367 Β.
1396 4313 1433 4368 V.
1451 4343 1487 4356 -
1506 4314 1534 4365 in
1551 4309 1703 4364 indicativo
1714 4309 1751 4366 A.
1770 4313 1796 4381 ⁸)
1814 4329 1879 4382 pro-

506 4391 638 4448 bibentur
656 4396 689 4449 B.
705 4396 740 4451 V.
762 4428 794 4440 -
814 4395 978 4470 prohibetur
992 4398 1030 4452 A.
1055 4401 1078 4470 ⁴)
1097 4417 1183 4454 annau
1200 4402 1234 4456 B.
1260 4428 1297 4444 -
1321 4399 1410 4456 aduro
1436 4401 1473 4456 V.
1488 4401 1525 4454 A.
1551 4402 1573 4472 ⁸)
1597 4400 1692 4472 specie
1711 4399 1876 4470 imperfecta

506 4485 539 4538 Β.
559 4482 596 4538 V.
615 4514 651 4525 -
667 4484 773 4556 speciei
789 4485 966 4557 imperfectae
981 4484 1019 4541 A.
1040 4489 1063 4556 ⁸)
1080 4488 1187 4540 numeri
1202 4488 1239 4542 V.
1257 4520 1294 4531 -
1312 4487 1417 4542 numeri
1430 4489 1464 4543 Β.
1492 4490 1515 4558 ²)
1531 4485 1653 4540 litterani
1669 4487 1706 4542 V.
1721 4487 1758 4542 A.
1774 4517 1811 4528 -
1829 4483 1878 4538 lit-

506 4578 564 4628 ltrt
578 4574 612 4627 Β.
633 4574 655 4643 ⁸)
668 4568 827 4645 probabant
844 4574 882 4629 V.
897 4573 936 4628 A.
956 4604 989 4620 -
1009 4572 1131 4645 probant
1153 4577 1185 4630 Β.
1214 4578 1237 4647 ⁹)
1256 4593 1312 4628 non
1332 4592 1421 4628 annno
1445 4575 1477 4628 Β.
1496 4605 1532 4618 -
1550 4591 1607 4628 non
1625 4573 1715 4628 aduno
1738 4576 1774 4630 V.
1792 4605 1828 4619 -
1847 4583 1878 4626 et

506 4677 563 4714 ιιοιι
580 4658 668 4713 adnuo
683 4661 720 4714 A.
742 4663 779 4734 ¹⁰)
794 4661 983 4732 pronuntiarit
997 4663 1030 4716 B.
1047 4663 1083 4716 V.
1099 4663 1131 4718 P.
1150 4693 1186 4704 -
1204 4664 1398 4734 pronuntitlur
1412 4663 1448 4716 A.
1478 4669 1512 4732 ¹⁸)
1533 4661 1694 4734 imperativo
1721 4661 1759 4717 V.
1785 4660 1822 4717 A·
1841 4690 1879 4701 -

506 4737 565 4800 iiio
580 4749 612 4800 Β.
635 4754 669 4818 ”)
684 4767 750 4802 snae
763 4749 795 4802 B.
813 4749 849 4804 V.
869 4777 905 4790 -
923 4749 980 4802 sire
997 4749 1034 4803 A.
1056 4753 1091 4814 ¹³)
1108 4749 1216 4804 infinito
1238 4752 1270 4807 Β.
1296 4752 1330 4806 V.
1349 4781 1386 4794 -
1403 4749 1539 4804 infinitivo
1554 4751 1603 4805 A..
1623 4751 1659 4823 ¹⁴)
1675 4749 1765 4802 iacere
1785 4749 1817 4802 B.
1838 4749 1877 4801 V.

506 4855 542 4886 =
559 4835 597 4890 A.
619 4837 654 4906 ¹⁶)
672 4837 861 4908 pronuntiarit
875 4837 907 4891 Β.
928 4869 963 4880 ·-
981 4838 1176 4910 pronuntiator
1199 4839 1234 4894 V.
1252 4839 1290 4894 A.
1312 4841 1346 4910 16)
1364 4837 1488 4893 ostendii
1508 4837 1544 4894 V.
1556 4837 1595 4894 A.
1608 4840 1642 4893 Β.
1667 4858 1702 4892 ex
1718 4857 1768 4891 em.
1783 4857 1826 4908 pr.
1839 4855 1876 4888 m.

505 4951 542 4968 -
559 4921 712 5066 opttenplunt
724 4927 757 4980 Β.
776 4947 794 4980 a
811 4945 854 4999 pr.
871 4945 907 4981 ιιι.
929 4928 964 5000 ¹⁷)
979 4925 1070 4982 ferreo
1089 4927 1121 4980 Β.
1140 4956 1177 4973 -·
1194 4926 1288 4983 serbeo
1308 4928 1344 4981 V.
1363 4927 1401 4983 A.
1422 4929 1457 5000 ΙΙ)
1477 4927 1552 4982 servo
1570 4957 1605 4969 —
1624 4944 1704 4981 verro
1721 4923 1875 4980 B.·-ier·

506 5025 557 5062 reo
603 5048 610 5062 .
658 5049 664 5064 .
1336 5017 1340 5026 ’

435 5114 467 5185 ⁶)
484 5111 562 5182 Visi-
579 5113 703 5168 A⁰¹¹·Vl·
719 5119 782 5174 882.
802 5119 829 5188 b)
847 5121 946 5176 Procul
963 5119 1050 5174 dnbio
1068 5122 1160 5178 innuit
1178 5121 1269 5178 locum
1288 5123 1364 5194 Virg.
1380 5125 1449 5177 am.
1471 5121 1504 5176 x.
1519 5125 1600 5183 Ὧι,
1618 5116 1666 5173 nbi
1682 5133 1756 5172 nnnc
1771 5115 1874 5188 legitur

506 5199 640 5254 innabant
654 5205 767 5273 pariter.
787 5207 814 5276 a)
828 5207 904 5277 Virg.
919 5211 986 5262 Αιιι.
1002 5207 1052 5262 111.
1065 5215 1110 5272 u.
