4032 6070
574 535 1132 594 cuonransnrnon.
1515 542 1587 610 299

130 689 214 754 hnic
243 687 392 766 alteri3
422 699 456 752 at
486 707 570 752 vero
593 708 657 775 per
684 699 818 754 ceteros
841 707 940 752 casus
962 679 1006 770 ⁴⁹)
1028 685 1073 751 ad
1095 705 1218 752 sonum
1241 687 1333 773 apri
1357 684 1506 752 debeant
1527 684 1588 750 de·

129 791 248 858 clinari.

198 896 273 962 336.
302 891 406 956 Nunc
434 893 537 958 etiam
568 894 636 957 hoc
667 911 863 968 monemus,
893 890 990 977 quod
1018 893 1103 956 baec
1132 892 1331 979 supradicta
1352 891 1421 954 duo
1445 889 1589 956 uomina

128 1012 259 1086 pmpter
288 1009 398 1060 metra
432 997 468 1059 in
497 996 619 1060 iisdem
642 995 849 1080 supradictis
873 993 1008 1058 casibus
1031 1007 1065 1057 et
1096 994 1254 1058 anomale
1278 1006 1313 1058 et
1333 1012 1405 1058 uon
1428 992 1588 1055 anomale

128 1101 283 1190 permissa
305 1089 438 1179 snut⁵“)
462 1097 639 1162 declinari.
666 1088 790 1180 Sed⁵¹)
814 1099 899 1160 baec
921 1097 1063 1160 nomina
1087 1098 1221 1181 quade
1245 1115 1346 1161 causa
1370 1097 1406 1158 in
1429 1095 1587 1180 supradi-

130 1207 180 1270 etis
209 1201 347 1268 casibus
373 1213 521 1287 propter
546 1212 734 1264 structuras
765 1201 815 1263 sic
843 1199 1002 1262 anomale
1030 1200 1231 1262 confirmata
1261 1199 1329 1262 sint
1356 1199 1587 1283 pronuntiari,

130 1309 214 1372 etin
245 1305 365 1370 metris
395 1303 554 1368 anomale
584 1315 618 1368 et
646 1322 719 1366 nou
747 1301 904 1365 anomale
933 1302 1100 1388 permissa
1130 1303 1199 1365 sint
1227 1300 1412 1376 declinari,
1443 1319 1521 1362 cum
1545 1299 1590 1364 ad

130 1411 288 1474 rationem
313 1419 503 1470 metrorum
515 1405 572 1471 vel
587 1417 837 1469 structurarum
852 1399 897 1490 ⁵’)
913 1405 1111 1469 venerimus
1126 1398 1181 1489 ⁵³),
1204 1402 1278 1467 illic
1292 1393 1332 1484 ⁵⁴)
1350 1413 1589 1488 competenter

22 1567 23 1582 .
130 1510 342 1577 tractabimus
358 1504 414 1592 ⁵⁵).

199 1617 275 1680 337.
300 1613 387 1675 ltem
410 1611 448 1675 in
470 1613 536 1674 hac
558 1610 792 1696 suprascripta
807 1600 850 1692 ⁵⁶)
873 1609 1002 1685 forma,
1026 1629 1095 1692 qua
1117 1607 1270 1671 diximus
1293 1606 1430 1692 generis
1453 1627 1590 1670 mascn-

130 1719 180 1781 liui
199 1716 346 1780 nomina
369 1713 520 1778 ablativo
544 1731 626 1777 casu
652 1713 789 1776 numeri
812 1711 996 1796 singularis
1026 1709 1083 1774 Ὀ·
1107 1710 1221 1774 littera
1243 1710 1439 1784 terminari,
1468 1721 1503 1773 et
1524 1730 1590 1774 no·

22 1823 23 1848 ³
130 1819 284 1882 minativo
320 1837 402 1881 casu
432 1816 569 1879 numeri
600 1815 785 1900 singularis
817 1814 901 1876 ·Ell·
932 1814 1056 1877 litteris
1086 1811 1240 1890 definiri,
1275 1813 1452 1898 quaeritur
1482 1831 1589 1897 quare

128 1923 184 1984 hic
207 1921 377 1984 Teucer
404 1931 438 1981 et
466 1918 535 1980 bic
558 1917 750 1981 Teucrus
781 1916 939 2000 legatur?
968 1916 1086 1999 Quare
1111 1917 1177 1978 boc
1201 1914 1399 1992 monemus,
1424 1917 1589 2000 qnoniam

128 2041 357 2106 quaecumque
380 2021 523 2083 nomina
546 2020 683 2104 generis
706 2019 888 2082 masculini
912 2018 1061 2082 ablativo
1080 2012 1122 2098 ⁵7)
1147 2038 1227 2082 casu
1247 2018 1383 2080 numeri
1406 2017 1590 2101 singularis

128 2122 177 2188 ·0·
202 2123 319 2188 littera
348 2123 579 2187 terminantur
606 2135 641 2186 et
667 2121 795 2207 gradus
819 2121 1014 2185 collationis
1033 2113 1077 2204 66)
1101 2121 1256 2206 recipere
1273 2110 1314 2202 ⁵⁰)
1337 2139 1409 2184 non
1431 2131 1588 2204 possunt,

129 2226 202 2289 baec
222 2237 372 2312 propter
392 2237 502 2288 metra
523 2225 579 2288 vel
594 2216 639 2306 ⁶⁰)
661 2235 849 2288 structuras
872 2215 1041 2308 permissa
1063 2235 1142 2286 sunt
1165 2243 1211 2286 ex
1232 2235 1378 2306 utraque
1402 2221 1512 2284 lorma
1528 2220 1589 2286 de-

128 2327 249 2393 clinari.
274 2325 342 2392 Sed
366 2329 452 2390 haec
475 2346 544 2412 qua
559 2317 604 2407 6”)
629 2327 671 2390 de
691 2345 793 2389 causa
810 2339 955 2411 propter
976 2338 1087 2390 metra
1098 2325 1154 2389 vel
1166 2315 1211 2407 6“)
1233 2336 1422 2388 structuras
1436 2343 1479 2386 ex
1494 2335 1590 2386 utra-

129 2449 186 2514 que
208 2419 321 2493 forma
352 2429 520 2514 permissa
552 2429 621 2492 sint
649 2427 829 2504 declinari,
853 2431 921 2492 boc
943 2429 977 2491 in
1003 2427 1183 2492 structuris
1205 2423 1261 2490 vel
1285 2412 1409 2488 'metris
1426 2417 1471 2508 ⁶³)
1494 2445 1590 2488 com-

128 2543 278 2616 petenter
300 2530 524 2595 tractabimus
537 2524 593 2612 66).

202 2637 278 2700 338.
298 2631 389 2698 Sane
413 2653 457 2696 ex
471 2627 515 2717 66)
543 2633 608 2696 bac
637 2630 748 2696 forma
777 2633 914 2716 generis
942 2630 1141 2706 masculini,
1165 2649 1234 2715 qua
1257 2628 1410 2720 diximus
1428 2619 1472 2710 66)
1496 2624 1591 2689 abla-

128 2735 191 2799 tivo
219 2755 305 2800 casn
330 2736 468 2799 numeri
497 2733 681 2818 singularis
709 2735 853 2797 uomina
881 2733 939 2798 ·0·
967 2733 1081 2797 littera
1108 2731 1290 2796 terminari
1317 2743 1351 2794 et
1373 2727 1590 2792 nominativo

129 2855 200 2900 casu
227 2829 582 2922 nnmeri'singularis
611 2835 694 2898 tutt-
721 2835 845 2900 litteris
869 2836 1005 2900 deliniri
1028 2837 1095 2899 boc
1118 2855 1320 2910 monemus,
1350 2830 1446 2918 quod
1468 2824 1591 2916 qnam·

127 2938 270 3022 plurima
292 2941 436 3004 nomina
458 2941 594 3025 possint
610 2931 655 3020 ⁰7)
679 2937 848 3003 exhiberi.

205 3042 259 3106 De
282 3041 395 3106 forma
417 3042 553 3126 generis
576 3040 770 3116 masculini,
794 3061 863 3124 qua
885 3038 1035 3104 ablativo
1057 3060 1138 3105 casu
1160 3037 1298 3102 numeri
1319 3034 1503 3120 singularis
1525 3053 1591 3096 uc-

130 3144 214 3207 mina
240 3141 299 3208 ·0·
323 3135 367 3226 61”)
395 3143 510 3206 littera
537 3143 786 3218 terminantur,
816 3154 851 3204 et
878 3141 1094 3205 nominativo
1125 3161 1207 3204 casu
1240 3137 1376 3202 numeri
1405 3133 1591 3220 singularis

131 3243 205 3307 titt·
226 3244 352 3308 litteris
375 3244 604 3321 definiuntur,
629 3256 795 3330 quantum
818 3243 907 3308 ratic
928 3241 1112 3329 poscebat,
1136 3241 1370 3306 tractavimus.

206 3349 278 3414 339.
301 3345 366 3410 ΒΕ
389 3346 506 3411 ·Vlll·.
530 3346 780 3430 Quaecumque
804 3345 946 3409 nomina
969 3345 1106 3429 generis
1129 3341 1311 3407 masculini
1335 3339 1486 3404 ablativo
1510 3359 1592 3403 casu

129 3448 257 3511 numeri
278 3447 463 3531 singularis
487 3446 545 3512 ·0·
567 3447 683 3512 littera
704 3447 933 3510 terminantur
955 3461 989 3510 et
1018 3447 1233 3510 nominativo
1257 3463 1339 3508 casu
1360 3441 1497 3505 numeri
1520 3441 1591 3503 sin-

129 3547 248 3630 gularis
271 3549 377 3612 ·vttt·
401 3548 532 3632 syllaba
554 3549 784 3626 deliniuntur,
807 3561 966 3636 utputa:
989 3547 1039 3613 ab
1063 3551 1141 3612 boc
1162 3547 1276 3623 viro,
1305 3545 1376 3608 bic
1398 3545 1481 3622 vir,
1505 3544 1592 3606 baec

130 3650 172 3713 ad
192 3652 257 3716 hcc
279 3651 479 3737 exemplum
502 3651 736 3717 declinantur:

207 3751 351 3816 Numeri
374 3752 576 3837 singularis:
600 3755 668 3818 bic
690 3755 770 3828 vir,
793 3751 916 3815 huius
937 3753 1031 3829 viri,
1055 3753 1156 3816 huic
1177 3751 1289 3826 viro,
1313 3751 1422 3812 hunc
1442 3745 1593 3821 virum,

130 3855 251 3928 uvir,
282 3854 332 3918 ab
362 3857 441 3919 boc
468 3857 581 3931 viro;
613 3867 648 3919 et
677 3855 872 3940 pluraliter:
900 3855 944 3918 hi
970 3855 1071 3932 viri,
1100 3857 1252 3918 horum
1279 3851 1494 3924 virorum,
1524 3848 1591 3911 his
1646 3849 1651 3860 '

131 3953 251 4029 viris,
275 3959 350 4020 bos
373 3958 512 4034 viros,
537 3976 558 4021 o
581 3959 681 4035 viri,
705 3957 754 4021 ab
778 3957 843 4020 his
866 3957 981 4023 viris.

210 4059 279 4122 sto.
310 4058 413 4123 Nunc
444 4060 479 4121 in
500 4052 542 4141 ⁰⁹)
571 4061 636 4123 hac
659 4058 769 4123 iorma
791 4059 928 4143 generis
951 4057 1150 4135 masculini,
1174 4075 1243 4142 qua
1265 4053 1418 4118 diximus
1441 4051 1592 4116 ablativo

130 4175 207 4220 casu
233 4161 368 4224 numeri
397 4160 581 4246 singularis
609 4162 753 4224 nomina
784 4161 842 4226 Ὀ·
870 4161 986 4224 littera
1007 4159 1188 4224 terminari
1209 4170 1244 4222 et
1273 4155 1488 4221 nominativo
1511 4173 1594 4217 casu

172 4429 208 4494 ⁴⁹)
225 4447 301 4485 casus
316 4433 349 4485 B.
362 4433 399 4486 A.
413 4461 450 4478 -
465 4449 562 4484 casuue
577 4434 613 4488 V.
634 4435 669 4503 66)
689 4443 755 4486 sunt
767 4434 909 4489 tn-stnt
925 4435 962 4490 V.
971 4432 1008 4488 A.
1029 4433 1065 4502 ⁵¹)
1081 4429 1133 4485 aed
1150 4432 1188 4488 V.
1204 4431 1240 4485 A.
1258 4461 1294 4474 -·-
1308 4427 1342 4483 ad
1362 4432 1396 4484 B.
1422 4430 1457 4500 ⁵¹)
1473 4433 1593 4481 structu-

234 4537 319 4571 rarum
338 4521 370 4572 B.
392 4520 428 4574 V.
448 4520 484 4573 A.
503 4551 538 4563 -
557 4528 707 4573 structuras
726 4523 758 4575 P.
787 4524 822 4592 ⁵¹)
841 4523 994 4575 venerimus
1015 4522 1050 4576 V.
1070 4521 1106 4574 A.
1125 4551 1161 4563 --
1183 4534 1344 4574 veneremus
1362 4519 1395 4570 tt.
1422 4518 1457 4588 ς6)
1477 4514 1535 4569 illic
1556 4514 1609 4584 V„

231 4607 265 4660 A.
283 4629 321 4656 =
337 4609 370 4660 B.
391 4609 427 4679 ⁵⁵)
446 4605 622 4661 tractabimus
644 4609 725 4680 ΚΑ.
737 4637 771 4650 -·
786 4609 959 4662 tractavimus
973 4609 1006 4662 B.
1027 4610 1061 4680 56)
1081 4607 1268 4680 suprascripta
1286 4608 1318 4659 Β.
1338 4607 1371 4661 V.
1392 4605 1424 4658 P.
1438 4625 1479 4644 ’--
1497 4617 1593 4672 συρῆ-

232 4691 303 4746 dicta
323 4695 360 4748 A.
385 4695 420 4764 ⁵²)
439 4692 557 4749 ablativo
576 4697 607 4748 B.
629 4697 665 4751 V.
685 4696 721 4750 A.
741 4727 776 4739 -
794 4697 823 4750 in
843 4693 961 4748 ablativo
980 4698 1011 4749 Ρ.
1038 4697 1074 4768 ⁵⁸)
1095 4694 1250 4749 collationis
1269 4695 1302 4748 B.
1322 4723 1357 4734 -
1376 4688 1541 4744 conlationis
1554 4688 1592 4741 A.

232 4811 264 4822 -·
281 4779 483 4835 conlocationis
504 4783 539 4838 V.
565 4784 601 4856 6θ)
622 4782 743 4854 recipere
763 4785 798 4839 V.
818 4786 1036 4855 R-receperc
1055 4785 1087 4838 Β.
1107 4815 1142 4826 -
1161 4781 1304 4855 percipere
1322 4781 1358 4836 A.
1383 4781 1420 4849 66)
1438 4775 1483 4832 vel
1500 4778 1534 4830 Β.
1555 4777 1591 4830 V.
1691 4813 1693 4822 ι

233 4868 266 4921 A.
284 4899 322 4910 -
338 4887 390 4940 per
406 4872 438 4923 P.
457 4873 494 4942 ⁸¹)
514 4887 565 4943 qua
587 4873 621 4926 V.
638 4872 673 4925 A.
685 4872 718 4926 B.
734 4893 768 4926 et
781 4891 830 4925 em.
845 4892 887 4944 pr.
904 4891 939 4925 m.
959 4889 1063 4942 -pro
1082 4875 1116 4926 B.
1128 4892 1145 4924 a
1157 4891 1199 4944 pr·
1217 4889 1252 4923 m.
1269 4865 1361 4941 ⁶²)vel
1378 4866 1537 4923 B··-⁰W·
1556 4863 1591 4920 A·

233 4955 327 5024 ‘¹)·vsl
346 4955 441 5009 metris
459 4959 491 5012 B.
512 4959 547 5013 V.
568 4959 598 5012 P.
618 4989 653 5001 -·
671 4959 728 5012 sive
747 4961 776 5012 in
795 4959 889 5015 metris
908 4959 943 5012 A.
964 4961 1000 5030 66)
1021 4957 1198 5012 tractabimus
1218 4959 1253 5014 V.
1274 4957 1309 5012 A.
1324 4989 1357 4999 -—
1377 4954 1593 5010 tractavimutB·

232 5041 264 5110 ⁶⁵)
283 5058 315 5094 ex
334 5045 365 5098 B.
382 5045 418 5097 V.
437 5045 519 5097 -iu
540 5045 574 5098 A.
595 5049 632 5118 66)
652 5047 761 5117 generis
781 5047 923 5102 masculini
943 5067 995 5121 qua
1015 5046 1135 5102 diximus
1153 5049 1186 5102 B·
1207 5048 1239 5102 V
1237 5077 1289 5098 .-
1307 5065 1359 5119 qus
1374 5042 1493 5100 diximus
1512 5059 1594 5113 geue·

232 5129 266 5182 ria
283 5129 426 5184 masculini
445 5132 527 5206 Μ’)
547 5136 655 5206 possint
676 5135 711 5190 V.
731 5136 766 5189 A.
777 5167 812 5179 ·-
831 5139 927 5210 possin
946 5139 978 5192 B.
999 5139 1035 5209 ⁶⁸)
1056 5137 1101 5192 ·0·
1120 5135 1153 5192 Β.
1175 5137 1206 5194 V
1204 5175 1210 5190 ·
1229 5136 1260 5189 P·
1280 5167 1315 5179 -
1334 5134 1377 5188 ‘E'
1395 5134 1432 5190 Α·
1458 5133 1494 5203 ⁶⁹)
1514 5133 1543 5184 66
1559 5131 1592 5186 Β·

237 5218 421 5273 -uua
