4022 6068
416 537 484 608 180
750 528 936 584 lNCElfo
963 527 1276 584 FRAGMENTUM
1303 523 1359 580 DE
1388 523 1544 580 VBRBO.

497 678 676 744 Passiva
703 677 947 741 declinatio
973 676 1072 742 verbi
1100 675 1266 741 eiusdem.
1294 673 1446 748 Feror,
1475 671 1602 740 ferris
1619 676 1649 760 ·)
1679 675 1734 740 vel
1757 675 1880 756 ferre,

413 782 565 857 fertur3
605 780 799 858 ferimur,
833 779 1045 857 ferimini,
1083 779 1293 842 feruntur.

496 881 700 960 Petebat,
725 879 938 944 ferebaris
961 881 1016 946 vei
1039 881 1253 959 ferebare,
1278 878 1515 957 ferebatur;
1538 879 1806 958 ferebamur,
1831 882 1881 948 fe·

412 986 638 1062 rebamini,
663 983 922 1049 ferebantur.

497 1089 627 1152 Latus
649 1106 736 1150 sum
760 1085 841 1162 fui,
864 1086 974 1150 latus
996 1107 1039 1150 es
1062 1084 1207 1162 fuisti,
1230 1085 1348 1149 latus
1370 1098 1432 1150 est
1454 1084 1554 1162 fuit;
1576 1085 1657 1151 lati
1680 1077 1879 1172 tumus⁵⁵)

413 1193 588 1266 fuimus,
612 1189 690 1252 lati
714 1188 821 1251 estis
845 1188 1009 1266 fuistis,
1031 1189 1112 1252 lati
1133 1201 1230 1252 sunt
1253 1187 1428 1251 fuerunt
1448 1188 1504 1250 vel
1527 1187 1661 1252 fuere.

497 1293 627 1356 Latus
658 1309 771 1354 eram
802 1289 981 1369 fueram,
1010 1309 1105 1354 eres
1128 1289 1287 1368 fueras,
1310 1302 1399 1354 erat
1421 1290 1578 1366 fuerat3
1607 1311 1776 1356 eramus
1799 1293 1874 1357 fne-

414 1416 568 1469 ramus,
591 1393 726 1457 eratis
749 1391 949 1468 fueratis,
974 1405 1096 1456 erant
1118 1392 1301 1456 fuerant.

498 1497 648 1574 Feras,
678 1494 832 1560 fereris
855 1487 899 1577 ⁵⁶)
929 1494 985 1560 vel
1014 1494 1172 1574 ferere,
1205 1479 1881 1574 feretum,feremursfereminh

415 1600 619 1662 ferentur.

498 1701 762 1786 Imperativo
791 1699 934 1763 modo:
963 1699 1098 1776 ferre,
1130 1698 1313 1778 feratur3
1337 1699 1544 1778 feramur,
1575 1697 1794 1778 feramini,
1820 1700 1884 1764 fe-

414 1815 574 1867 rantur„
1587 1859 1589 1864 .

499 1905 628 1969 Ferto
649 1892 692 1987 ⁶⁷)
721 1915 782 1979 tu,
814 1899 922 1968 ferto
947 1901 1024 1967 ille
1046 1903 1102 1967 vel
1125 1903 1308 1980 feratur;
1336 1903 1584 1984 ferimiuor,
1615 1903 1808 1968 ferantur
1828 1904 1883 1970 vel

339 2009 342 2020 '
415 2008 616 2071 feruntur.

500 2107 713 2194 Optativo
741 2105 886 2170 modo:
910 2106 1073 2172 utinam
1104 2106 1259 2186 ferrer,
1290 2107 1470 2173 ferreris
1497 2108 1554 2174 vel
1586 2108 1768 2187 ferrere,
1804 2107 1883 2172 fer-

415 2224 553 2287 retur3
592 2208 820 2285 ferremus,
846 2198 1142 2291 ferremini⁵'),
1167 2208 1396 2274 ferrentur.

499 2313 670 2377 Utinam
701 2311 812 2376 latus
842 2333 977 2376 essem
1009 2312 1200 2388 fuissem,
1233 2333 1348 2376 esses
1379 2313 1552 2392 fuisses,
1582 2326 1694 2378 esset
1716 2312 1885 2390 fuisset,

417 2435 605 2479 essemus
624 2412 871 2491 fuissemus,
895 2415 1047 2478 essetis
1071 2414 1286 2491 fuissetis,
1310 2429 1450 2480 essent
1472 2417 1667 2481 fuissent.

499 2517 672 2578 Utinam
701 2515 833 2594 ferar,
868 2516 1020 2580 feraris
1047 2517 1103 2582 vei
1132 2517 1289 2593 ferare,
1326 2518 1504 2614 feratur,
1542 2519 1748 2594 feramur,
1778 2516 1885 2581 fera-

416 2619 538 2694 mini,
563 2617 767 2680 ferantur.

503 2718 815 2784 Subiunetivo
855 2719 1005 2784 modo:
1039 2739 1132 2784 eum
1162 2720 1292 2798 ferar,
1322 2721 1477 2787 feraris
1506 2723 1561 2788 vel
1596 2722 1750 2798 ferare,
1779 2721 1886 2784 fera-

418 2807 506 2897 tirr,
539 2821 741 2898 feramur,
766 2819 986 2898 feramini,
1010 2822 1227 2890 ferantur.

503 2921 603 2988 Cum
627 2921 782 2999 ferrer,
816 2923 996 2987 ferreris
1017 2924 1074 2990 vel
1097 2925 1277 3004 ferrers,
1308 2926 1513 3006 ferretur,
1543 2925 1775 3001 ferrentur,
1804 2924 1887 2988 fer-

418 3026 588 3102 remini,
613 3023 844 3089 ferrentur.
939 3073 942 3080 ,

503 3126 606 3192 Cum
633 3126 747 3190 latus
778 3127 855 3190 sim
879 3126 1048 3204 fuerim,
1080 3130 1138 3192 sis
1161 3128 1314 3206 fueris,
1346 3131 1401 3194 sit
1423 3130 1578 3208 fuerit,
1602 3131 1733 3194 simus
1757 3127 1889 3192 fueri·

418 3249 525 3304 mus,
549 3228 647 3292 sitis
670 3227 868 3307 fueritis,
893 3231 980 3294 sint
1003 3231 1178 3296 fuerint.

506 3329 608 3394 Cum
629 3329 745 3393 latus
768 3351 900 3394 essem
925 3332 1121 3408 fuissem,
1146 3352 1256 3396 esses
1279 3332 1456 3410 fuisses,
1480 3346 1593 3397 esset
1616 3333 1786 3409 fuisset;
1809 3332 1888 3396 lati

420 3451 603 3496 essemus
627 3429 874 3510 fuissemus,
898 3435 1057 3498 essetis
1080 3434 1297 3509 fuissetis,
1322 3449 1464 3500 essent
1488 3436 1677 3499 fuissent.
1754 3487 1760 3496 .

505 3531 604 3597 Cum
634 3531 745 3598 latus
774 3555 844 3599 ero
876 3535 1017 3612 fuero,
1048 3537 1137 3599 eris
1160 3535 1311 3614 fueris,
1341 3538 1428 3602 erit
1451 3537 1602 3616 fuerit,
1626 3537 1782 3601 erimus
1806 3536 1890 3600 fue·
1984 3553 1989 3568 ·

421 3637 570 3710 rimus,
595 3635 716 3699 eritis
739 3634 936 3714 fueritis,
960 3638 1076 3702 erint
1095 3637 1130 3720 ⁸)
1153 3637 1321 3704 fuerint.

505 3735 693 3800 Infinito
724 3737 853 3803 modo
882 3751 1077 3823 tempore
1106 3741 1349 3825 praesenti:
1381 3740 1505 3814 ferri;
1528 3742 1733 3828 praeterito:
1756 3738 1893 3803 latum

421 3859 521 3903 esse.
544 3837 694 3902 Futuro:
718 3838 845 3903 latum
868 3840 933 3903 iri.

508 3937 743 4005 Gerundia:
772 3941 1018 4020 auferendi,
1049 3941 1314 4023 auferendo,
1347 3945 1648 4020 auferendum,
1683 3944 1893 4017 ablatum,

422 4041 578 4108 ablatu.
704 4033 715 4054 '

508 4143 809 4228 lupersonalia
832 4165 972 4232 quoque
996 4146 1122 4210 exinde
1145 4149 1227 4212 fient
1249 4149 1293 4214 ad
1311 4150 1455 4214 formam
1479 4153 1515 4214 in
1533 4149 1653 4213 ·TUR·
1672 4148 1894 4212 exeuntium:

507 4245 679 4322 Fertur,
708 4245 942 4323 ferebatur,
974 4249 1105 4313 latum
1137 4251 1283 4316 est'vel
1314 4251 1415 4330 fuit,
1445 4253 1576 4317 latum
1612 4264 1703 4315 erat
1730 4250 1895 4324 fuerat,

423 4348 603 4418 feretur.

509 4449 706 4535 Partieipia.
737 4448 919 4515 Praeteriti
943 4451 1139 4538 temporise'
1155 4455 1287 4535 latus,
1311 4456 1412 4532 lata,
1436 4457 1566 4521 latum
1576 4479 1586 4532 ;
1608 4453 1732 4519 futuri:
1757 4454 1901 4519 feren·

423 4554 519 4632 dus,
545 4551 740 4627 ferenda,
764 4551 998 4620 ferendum.

469 4915 504 4982 55)
530 4931 623 4967 sumus
641 4945 676 4956 -
695 4931 791 4968 somus
812 4915 880 4970 osu.
902 4917 936 4984 56)
956 4915 1051 4970 fereris
1074 4921 1141 4975 Cod.
1161 4941 1194 4974 σε
1211 4941 1263 4976 em.
1282 4943 1324 4994 pr.
1343 4943 1379 4978 m.
1399 4925 1515 4978 ferarere
1536 4924 1632 4979 Gema
1649 4943 1690 4995 pr.
1710 4941 1746 4977 m.
1766 4922 1804 4994 ⁵⁷)
1824 4921 1906 4975 ferto
1999 4961 2000 4964 ,

530 5005 569 5055 aia
588 5003 656 5056 ood.
673 5019 727 5071 -ρνο
744 5000 837 5056 ferior.
854 5005 890 5076 ⁵⁸)
909 5004 1049 5060 ferremini
1066 5037 1102 5051 -
1120 5009 1245 5064 feremiui
1267 5013 1334 5068 cod.

469 5107 500 5179 a)
525 5105 622 5169 ferris,
639 5123 691 5177 per
709 5123 850 5179 syncopen
868 5127 920 5181 pro
938 5111 1048 5182 fereris;
1074 5113 1115 5166 eie
1132 5115 1234 5171 Auson.
1255 5119 1340 5191 epigr.
1361 5123 1421 5179 tlt.
1441 5119 1541 5182 „Silvi
1561 5117 1648 5180 Brito,
1666 5115 1776 5170 Beatus
1797 5131 1907 5185 quam-

532 5197 571 5247 vis
588 5193 668 5246 bomo
686 5213 741 5247 non
760 5196 846 5250 beraut
864 5214 921 5251 esse
938 5199 1037 5256 Fertis.
1048 5213 1071 5239 “
1089 5204 1116 5275 b)
1136 5203 1199 5259 vid.
1220 5223 1295 5280 supr.
1315 5217 1372 5264 not.
1394 5207 1421 5263 b.
1440 5227 1467 5280 p·
1489 5212 1549 5267 177.
