4032 6070
578 509 1137 572 vaoersseurrvor.
1526 521 1594 590 243
1785 547 1799 578 ,

205 653 310 724 Nunc
330 655 519 726 earundem
539 657 755 743 singularum
776 661 946 725 rationem
968 659 1158 726 subicimus
1180 653 1243 745 ⁶⁸),
1273 683 1344 750 spuo
1367 661 1595 728 dinoscantur

21 811 23 866 4
127 759 266 830 nomin
288 759 585 846 quemadmodum
600 781 644 825 ex
659 761 742 846 ipsis
765 761 885 855 los-mis
898 763 1026 847 gradus
1041 764 1249 830 conlationis
1262 765 1373 830 lacero
1389 767 1524 852 possint
1537 761 1593 850 ⁶⁹).

205 865 259 928 87.
281 863 348 928 De
364 861 460 926 ·ER·.
482 861 736 948 Quaecumque
748 865 891 928 nomina
905 867 1042 950 generis
1056 867 1239 932 masculini
1262 869 1299 931 in
1316 867 1468 955 positivo
1482 869 1593 952 gradu

123 962 341 1048 ‚somtmuvc
364 980 447 1028 casu
476 965 615 1028 numeri
637 965 822 1050 singularia
845 965 929 1030 ·Ell·
951 967 1076 1033 litteris
1099 969 1326 1046 definiuntur,
1358 971 1388 1033 si
1410 990 1593 1054 compara·
1637 1016 1638 1024 .

128 1065 213 1128 tivos
235 1063 364 1148 gradu
386 1083 434 1130 cx
454 1087 491 1130 ae
511 1069 551 1147 ⁷⁰)
582 1066 695 1132 facere
721 1081 887 1154 possunt,
917 1069 1003 1134 baec
1025 1071 1179 1156 genitivo
1209 1092 1291 1136 casn
1313 1073 1451 1135 numeri
1472 1073 1593 1156 singn-

128 1167 203 1230 laris
226 1165 318 1232 ·0n·
341 1165 509 1249 syllabam
532 1169 711 1254 accipiunt
739 1184 774 1234 et
797 1172 1074 1256 comparativum
1102 1173 1249 1258 gradum
1273 1173 1410 1257 generis
1434 1193 1592 1238 commn-

128 1270 175 1334 sis
197 1269 400 1355 ostendunt.
423 1268 566 1334 Scilicet
588 1272 753 1354 quoniam
778 1271 991 1358 quicumque
1014 1275 1243 1360 comparativi
1264 1279 1305 1356 ⁷¹)
1328 1275 1455 1360 gradus
1477 1275 1592 1338 nomi-

33 1389 37 1406 ·
128 1373 242 1436 estivo
264 1391 348 1436 essu
369 1371 507 1436 numeri
529 1371 715 1456 singularia
738 1371 846 1438 uolt·
867 1375 910 1457 7¹)
932 1374 1057 1440 litteris
1084 1376 1297 1441 deliniuntur
1323 1389 1358 1441 ct
1379 1370 1420 1460 7’)
1447 1395 1518 1441 non
1548 1397 1593 1441 cx
1602 1384 1631 1434 v.
1650 1385 1700 1446 ¹67.
1805 1409 1808 1416 κ

129 1473 179 1539 itu
201 1473 381 1559 pusillum
403 1473 547 1548 termae,
569 1495 661 1559 quac
682 1495 726 1540 ex
749 1495 876 1560 genere
898 1475 1091 1542 masculino
1111 1479 1328 1543 nominativo
1351 1499 1434 1542 casn
1454 1481 1593 1544 numeri

130 1575 310 1660 singularis
332 1575 416 1642 ·EX·
437 1569 480 1659 ⁷⁴)
499 1575 627 1640 litteris
650 1575 879 1656 definiuntur,
908 1579 1028 1643 venire
1051 1579 1316 1665 intelleguntur:
1339 1581 1376 1644 bi
1392 1575 1434 1666 75)
1455 1583 1594 1668 generis

129 1679 322 1744 amramis
343 1697 418 1742 csse
436 1678 686 1764 reperiuntur,
708 1691 748 1743 nt
769 1691 870 1767 putas
898 1681 967 1746 bic
987 1679 1128 1768 niger,
1158 1684 1442 1770 huiusnigrt,
1464 1687 1537 1749 bin
1559 1699 1594 1749 et

71 1787 74 1796 '
131 1781 226 1846 baec
248 1780 422 1864 nigrior
443 1778 557 1844 lacere
579 1775 739 1844 debcant.

205 1885 261 1974 88.
285 1881 376 1948 Saue
388 1883 456 1946 boc
469 1901 665 1955 monemus,
684 1882 780 1966 quod
797 1884 833 1947 in
846 1884 915 1948 boo
926 1899 1116 1972 praecepto
1131 1888 1200 1952 siut
1214 1887 1322 1973 aliqui
1338 1889 1493 1975 quinque
1505 1890 1594 1964 soni,

131 1986 185 2072 qsi
207 1983 302 2050 ·0R·
321 1984 445 2050 litteris
465 1995 548 2071 post
568 1997 819 2050 consonantem
838 1986 1061 2064 deliniantur,
1085 2003 1123 2054 nt
1140 2003 1241 2077 puta:
1265 1991 1405 2056 minor
1426 2005 1460 2056 et
1479 2003 1595 2056 cetera

132 2088 216 2154 talis.
1209 2150 1211 2156 .

207 2193 263 2260 89.
285 2187 390 2254 Nunc
407 2189 494 2256 baec
517 2187 638 2254 eadem
660 2190 852 2278 supradicti
870 2193 1008 2277 generis
1023 2195 1184 2272 nomina,
1207 2215 1295 2281 quae
1316 2195 1469 2259 diximus
1494 2195 1531 2257 in
1554 2188 1598 2276 7’)

132 2293 327 2380 supradicto
344 2291 454 2378 gradu
467 2291 684 2356 nominativo
700 2313 781 2358 casu
800 2295 936 2358 numeri
956 2295 1142 2380 singularia
1165 2299 1372 2383 supradictis
1391 2297 1517 2362 litteris
1535 2296 1597 2358 de·

133 2397 238 2472 finiri,
261 2395 298 2460 in
316 2393 479 2479 genetivo
504 2413 586 2458 οιιιι
608 2396 746 2459 numeri
763 2395 949 2480 singularia
973 2395 1250 2480 ·US··syllebem
1271 2398 1448 2483 accipiunt
1472 2412 1507 2461 et
1526 2417 1597 2460 non

133 2511 262 2562 tantum
276 2497 553 2582 comparativum
569 2502 614 2580 ⁷7)
635 2497 782 2580 gradum
797 2499 934 2582 generis
947 2500 1074 2576 neutri,
1098 2500 1159 2564 aad
1174 2513 1208 2564 et
1221 2499 1465 2564 adverbiorum
1483 2511 1599 2562 osten-

136 2599 222 2664 dnnu
255 2597 397 2663 Scilicet
418 2597 585 2684 quoniam
617 2599 830 2684 quicumque
854 2601 1083 2687 comparativi
1115 2601 1242 2686 gradus
1272 2601 1490 2665 nominativo
1519 2621 1601 2664 casn

110 2687 266 2766 'numeri
283 2699 470 2784 singularis
491 2698 590 2766 ·lU8·
611 2699 737 2764 fitteris
757 2701 983 2780 definiuntur,
1012 2704 1049 2766 bi
1071 2723 1143 2767 non
1163 2715 1300 2768 tantum
1317 2703 1453 2786 generis
1468 2702 1600 2778 nentri,

134 2803 189 2868 sed
205 2817 240 2870 et
261 2795 506 2870 adverbiorum
528 2823 602 2866 esse
623 2803 861 2888 reperiuntur,
884 2816 1042 2890 utputa:
1066 2787 1137 2868 blc
1159 2805 1302 2888 niger,
1326 2805 1450 2868 buius
1471 2805 1601 2888 nigri;

135 2906 295 2990 nigrius
317 2903 459 2989 utrique
479 2897 524 2985 ⁷⁸)
546 2903 765 2989 respondeat.
789 2905 860 2970 Sed
877 2919 960 2970 tunc
982 2907 1019 2968 bi
1035 2907 1173 2990 generis
1192 2906 1307 2970 neutri
1326 2925 1400 2968 esse
1417 2901 1602 2990 'reperiun-

136 3021 199 3084 tur,
223 3005 365 3094 quando
384 3002 572 3090 generibus
591 3007 724 3070 neutris
748 3007 845 3090 iungi
867 3007 1092 3071 inveniuntur
1109 3020 1149 3071 ut
1172 3016 1274 3094 puta;
1310 3007 1476 3090 nigrius
1506 3006 1602 3070 ofli-

135 3110 259 3187 cium3
288 3122 429 3174 atvero
459 3106 600 3192 quomo
621 3127 695 3172 nou
717 3107 903 3192 generibus
921 3109 1069 3185 uentris,
1105 3110 1166 3173 sed
1186 3129 1266 3172 cum
1291 3109 1358 3170 alia
1383 3107 1537 3192 qnalibet
1557 3109 1602 3191 77)

136 3227 229 3298 parte
251 3211 421 3278 orationis
443 3209 649 3286 miscentur,
679 3208 923 3274 adverbiorum
947 3231 1021 3274 esse
1039 3211 1329 3296 pronuntiantur,
1361 3220 1519 3294 utputa:
1544 3209 1605 3270 ni·
1698 3241 1705 3256 ι

136 3315 248 3398 grius
271 3312 384 3378 lecit
409 3311 470 3378 Sic
489 3322 525 3374 et
544 3309 612 3372 alia
625 3304 669 3392 ⁸⁰)
692 3311 921 3395 comparativi
944 3313 1083 3396 gradus,
1107 3312 1247 3397 qnando
1267 3311 1388 3395 generi
1402 3323 1528 3374 neutro
1547 3310 1603 3373 vel

138 3417 273 3502 wando
295 3413 471 3480 adverbiis
492 3411 743 3498 respondeant,
767 3412 1027 3497 intelleguntur.

217 3521 269 3586 90.
292 3514 384 3581 Ssne
396 3516 465 3580 boe
481 3532 675 3590 monemus,
699 3513 794 3600 quod
808 3515 845 3578 iu
857 3517 925 3580 hoc
937 3526 1126 3600 praecepto
1141 3514 1210 3578 sint
1222 3512 1331 3598 aliqui
1345 3513 1501 3599 quinque
1514 3513 1603 3588 soni,

136 3619 197 3703 qui
210 3619 289 3686 ·US·
301 3615 427 3686 litteris
440 3627 522 3702 post
536 3629 786 3680 consonantem
804 3616 1022 3694 deliniantur,
1046 3628 1084 3680 nt
1106 3628 1204 3702 puta:
1231 3615 1378 3679 minus.

221 3723 272 3790 ill.
293 3719 382 3784 ltem
406 3717 670 3810 quaeriturque
688 3717 731 3782 de
754 3739 857 3784 causa
875 3719 1057 3794 minora,
1085 3737 1157 3781 non
1180 3717 1364 3780 minoria
1393 3715 1530 3779 dicatur
1544 3706 1605 3796 ’“);

136 3821 202 3886 bac
221 3821 263 3887 de
284 3841 407 3897 causa,
430 3819 598 3906 quoniam
617 3821 850 3906 comparativi
871 3821 1000 3906 gradus
1020 3837 1199 3905 nunquam
1224 3817 1292 3882 ln·
1314 3815 1358 3902 ⁸¹)
1378 3817 1503 3884 litteris
1522 3815 1605 3880 deli-

137 3922 287 3990 niuntur.
539 3939 543 3944 ·
1598 3941 1603 3951 ·

223 4027 271 4092 92.
292 4024 397 4090 Nunc
413 4025 501 4090 baec
514 4022 635 4088 'eadem
653 4025 798 4088 nomina
816 4025 952 4110 generis
965 4025 1100 4089 scilicet
1120 4023 1319 4099 masculini,
1344 4039 1433 4106 qnae
1453 4017 1606 4082 diximus

138 4125 175 4188 in
197 4127 345 4212 positivo
363 4125 475 4209 gradu
498 4125 715 4190 nominativo
740 4147 822 4190 casu
839 4127 976 4190 numeri
1002 4125 1187 4212 singularis
1209 4125 1292 4188 ·ER·
1313 4121 1438 4187 litteris
1459 4121 1606 4194 definiri,

136 4228 166 4290 si
189 4227 416 4314 superlativos
434 4228 562 4312 gradus
584 4247 630 4290 ex
651 4249 687 4290 sc
714 4228 826 4292 lacere
843 4242 989 4315 possunt
1007 4218 1074 4311 ⁸³),
1091 4229 1127 4290 in
1147 4226 1270 4291 eodem
1290 4225 1507 4288 nominativo
1525 4241 1606 4285 casu

136 4331 274 4393 numeri
293 4329 479 4416 singularis
503 4328 675 4394 ·RlMUS·
698 4330 845 4411 syllabas
862 4331 1039 4418 accipiunt
1062 4344 1096 4394 et
1116 4328 1364 4417 superlativum
1384 4325 1529 4410 gradum
1546 4345 1606 4406 ge-

135 4429 297 4498 nerissui
312 4433 515 4510 ostendunt,
538 4445 578 4496 nt
598 4444 701 4518 puta:
725 4433 793 4497 bic
814 4434 946 4518 niger,
968 4432 1041 4496 ‘hic
1064 4431 1326 4518 nigerrimus
1346 4428 1457 4492 lacere
1472 4423 1605 4488 debeat.
1726 4423 1731 4429 '

181 4735 224 4808 ”)
246 4731 397 4790 subicimus
416 4735 452 4791 V.
472 4735 555 4791 A.-
572 4733 741 4790 subiecimus
761 4737 794 4792 P.
821 4738 857 4808 ’7)
876 4745 987 4810 pcsssnt
1005 4737 1041 4792 V.
1057 4735 1094 4789 A.
1112 4765 1148 4778 -
1165 4739 1284 4804 possunt
1302 4731 1333 4784 P.
1362 4731 1398 4800 ⁷⁰)
1418 4745 1451 4782 ax
1469 4744 1500 4779 sa
1519 4727 1550 4781 V
1548 4713 1606 4779 ss:

247 4825 282 4878 A.
301 4830 338 4896 7·)
358 4824 536 4896 comparativi
555 4824 592 4879 V.
611 4854 647 4866 -
665 4825 864 4896 comparativus
882 4825 919 4878 A.
944 4827 984 4895 ⁷¹)
1005 4823 1087 4878 ·10R·
1112 4823 1149 4878 V.
1162 4821 1199 4875 A.
1218 4849 1254 4862 -·-
1272 4818 1341 4874 ·01t·
1359 4818 1390 4870 Ρ.
1418 4817 1456 4888 77)
1475 4822 1504 4866 ct
1522 4814 1558 4870 V.
1574 4814 1605 4867 P.

247 4933 282 4964 π
298 4911 334 4968 A·
360 4911 396 4979 7’)
417 4909 485 4966 uix·
503 4941 541 4954 ·-
560 4911 625 4966 litt·
646 4913 682 4967 V.
695 4913 732 4966 A.
759 4913 798 4984 77)
816 4908 846 4964 lsi
865 4913 901 4968 V.
914 4914 946 4965 P.
964 4933 1000 4962 =
1017 4909 1054 4962 A.
1079 4909 1119 4981 ²⁶)
1137 4907 1167 4960 in
1185 4910 1222 4964 V.
1237 4909 1268 4961 P.
1294 4933 1331 4950 -
1349 4903 1396 4977 qui
1414 4902 1451 4958 Α.
1478 4908 1514 4972 77)
1535 4919 1608 4953 com-

249 5000 397 5070 parativam
415 4999 494 5054 ΚΡ.
511 5027 549 5042 -
567 4999 744 5071 compurslivl
761 4999 799 5054 A.
825 5001 863 5071 7’)
882 4999 991 5073 utrique
1011 4999 1046 5054 V.
1064 5029 1100 5040 —
1114 4996 1213 5068 'ulique
1231 4995 1268 5049 A.
1295 4997 1331 5066 77)
1350 4992 1404 5046 alis
1428 4988 1552 5064 qualibet
1564 4990 1607 5042 'V.

251 5087 280 5140 Ρ·
298 5115 334 5129 ··
351 5082 515 5158 'fl‘lffllbet
531 5087 568 5141 A·
587 5088 626 5158 ⁸⁰)
644 5086 696 5140 slis
713 5092 753 5142 sic
771 5088 809 5143 V.
827 5081 864 5142 A.
891 5088 927 5160 ⁸¹)
947 5083 1055 5142 dicatus
1072 5115 1108 5130 -
1126 5082 1254 5140 dicautur
1273 5082 1310 5140 V.
1330 5081 1367 5138 A.
1392 5082 1427 5150 ”)
1447 5077 1501 5131 ·l.l·
1520 5077 1556 5130 A.
1574 5105 1610 5120 -

252 5177 289 5228 ‘A'
309 5173 345 5234 V.
366 5175 402 5246 ”)
420 5183 539 5246 possunt
556 5175 588 5228 P.
606 5205 641 5216 -
659 5175 769 5246 possint
787 5176 824 5231 V.
836 5174 872 5231 A.

1310 5213 1381 5322 ro*⁴
