4022 6068
265 519 271 530 ’
384 543 452 610 188
629 537 827 596 exornem
844 537 869 596 u
885 537 1079 596 mosomo
1098 538 1272 596 unvano.
1293 540 1425 598 ormo.
1445 539 1494 594 nr
1513 539 1594 596 uir.

384 706 462 750 oum
478 684 598 750 formis
615 687 651 750 in
665 686 830 772 qualitate
847 688 879 772 ¹¹)
901 699 1112 774 posuerunt3
1134 707 1263 772 genus,
1286 687 1382 772 quod
1404 688 1498 773 apud
1515 687 1669 753 Graeooa
1691 687 1858 752 diathe-

383 789 437 850 sis
460 801 689 874 nuncupatur.
725 789 859 854 Horum
888 789 1033 874 singulis
1063 790 1227 877 inspeetis
1255 788 1445 866 sollertius,
1469 793 1617 876 quaein
1640 791 1693 854 his
1717 790 1858 854 diversa

381 901 480 965 sunt,
511 909 583 952 non
612 889 778 956 latebunt.
810 891 915 957 Circa
937 911 1036 956 casua
1055 892 1111 976 ¹¹),
1140 903 1179 955 ut
1201 891 1371 969 diximus,
1400 893 1557 978 utrisque
1578 891 1733 979 perfecta
1755 911 1857 955 oom-

381 992 501 1054 munio
521 989 633 1074 θεῖ’).

466 1095 496 1157 3.
519 1093 638 1157 Prima
657 1093 839 1180 utriusque
867 1094 965 1160 verbi
994 1093 1139 1159 aooietta
1162 1107 1214 1160 est
1235 1096 1272 1158 in
1294 1095 1381 1171 boot
1413 1115 1493 1160 nam
1516 1105 1552 1159 et
1577 1107 1739 1159 neutrum
1763 1095 1854 1158 oasi-

289 1251 293 1262 .
379 1191 444 1256 bus
473 1193 667 1260 declinatur
697 1209 731 1260 et
756 1210 944 1282 utrumque
972 1196 1131 1260 similiter
1157 1198 1327 1260 universis
1359 1218 1449 1283 pene
1485 1195 1621 1262 casibus
1659 1196 1784 1272 servit,
1814 1207 1857 1257 ut

380 1296 652 1381 misereor,”)
672 1296 808 1375 illias,
831 1317 961 1386 pareo
982 1293 1023 1382 ¹³)
1045 1299 1138 1375 iiii,
1160 1317 1349 1364 veneror
1370 1298 1510 1377 illum,
1538 1300 1666 1364 restio
1689 1295 1855 1372 abillo,

380 1398 495 1461 nitor
509 1397 596 1463 illo.
620 1399 707 1464 Item
719 1405 875 1482 φροντίεω
889 1407 992 1478 τοῦδε,
1006 1405 1149 1480 πείθομαι
1165 1407 1246 1485 ruas
1256 1393 1310 1483 ¹⁴),
1324 1407 1410 1483 φιλῶ
1424 1405 1527 1477 adeam
1541 1399 1730 1464 ablativum
1745 1399 1856 1474 enim,

380 1497 436 1561 vel
452 1518 554 1582 quem
571 1499 691 1564 diount
704 1503 890 1588 septimum
910 1496 950 1586 ¹⁵)
973 1501 1120 1568 Graecia
1140 1522 1213 1566 non
1229 1503 1363 1588 recipit.
1390 1501 1522 1566 Eadem
1543 1501 1612 1564 iiiia
1628 1513 1662 1564 et
1679 1502 1715 1563 in
1730 1519 1855 1586 perso-

379 1599 434 1662 nis
458 1599 649 1665 similitudo
670 1616 739 1681 est,
770 1605 852 1689 quia
877 1604 915 1667 in
935 1611 1085 1689 utroque
1110 1595 1151 1686 ¹⁶)
1186 1601 1294 1668 verbo
1315 1603 1366 1667 111
1389 1603 1530 1667 eaedem
1558 1621 1729 1688 personae
1753 1613 1854 1664 sunt:

379 1702 494 1786 prima
519 1722 645 1780 voco,
674 1703 708 1767 11
734 1709 883 1782 vocas.
918 1704 970 1768 111
1002 1718 1146 1784 voeat;
1178 1716 1212 1768 et
1237 1705 1329 1791 apud
1352 1704 1432 1768 illos
1457 1711 1567 1777 καλῶ,
1590 1711 1719 1776 sanate,
1746 1710 1854 1766 aaut.

381 1802 477 1868 Haeo
496 1803 680 1881 nuntiare,
705 1825 793 1890 qnae
817 1805 944 1870 hebent
963 1808 1010 1870 ita
1026 1809 1117 1871 inter
1135 1826 1171 1870 se
1191 1807 1403 1881 eommunia,
1422 1817 1462 1868 ut
1479 1805 1516 1869 in
1532 1805 1601 1869 illis
1616 1805 1760 1868 omnino
1777 1823 1853 1866 uon

381 1903 544 1968 differant
563 1905 614 1986 ¹7),
635 1904 682 1972 At
706 1907 744 1970 in
767 1909 920 1974 numeris
938 1910 1025 1974 liaeo
1045 1928 1116 1972 uus
1134 1908 1304 1972 dissensio
1327 1919 1391 1984 est,
1416 1907 1512 1992 quod
1534 1910 1643 1970 tosao'v
1661 1897 1699 1986 ¹⁸)
1716 1927 1798 1970 usus
1816 1906 1854 1968 in

379 2003 566 2068 Latinitate
582 2006 698 2070 nullus
710 2006 859 2089 admisit.
886 2010 976 2076 Nam
994 2010 1055 2096 qui
1070 2022 1195 2096 putant
1212 2009 1366 2087 iecere,
1390 2009 1540 2074 dixere
1564 2009 1673 2073 dualis
1697 2029 1771 2072 esse
1786 2028 1855 2070 nu-

379 2106 485 2184 meri,
510 2105 685 2195 subinepti
713 2125 793 2176 sunt
823 2126 988 2196 arguente
1019 2112 1195 2198 Vergilio,
1226 2113 1288 2197 qui
1309 2111 1425 2177 verbis
1444 2111 1570 2175 talibus
1591 2111 1852 2174 universitatem

379 2207 455 2271 vuit
477 2208 665 2288 contineri,
692 2223 732 2275 ut
759 2249 802 2261 -
824 2211 1081 2278 Conticuere
1103 2234 1248 2280 omnes
1266 2216 1359 2298 ⁶)-
1385 2226 1420 2279 et
1447 2249 1490 2262 -
1511 2212 1602 2276 Una
1624 2227 1769 2276 omnes
1792 2211 1853 2274 fe-

383 2328 476 2373 oere
498 2309 644 2395 pedem
662 2310 703 2396 ‘).

465 2413 496 2476 t.
523 2411 686 2496 Nigidius
713 2415 751 2478 iu
773 2417 1034 2482 commentariis
1062 2415 1379 2501 grammaticalibus
1401 2416 1545 2481 verbum
1574 2427 1742 2480 autumo
1766 2433 1853 2478 oon-

379 2513 533 2598 poaitum
558 2515 609 2578 ait
639 2535 685 2580 ex
711 2519 971 2604 praepositione
1002 2517 1051 2582 ab
1083 2531 1119 2583 et
1146 2517 1254 2583 verbo
1284 2519 1482 2595 aestimo,
1513 2517 1715 2601 dietnmqne
1743 2516 1854 2580 inter·

381 2615 451 2679 eise
472 2628 643 2682 autumo
666 2629 848 2704 tamquam
867 2620 897 2684 si
919 2619 1094 2684 dicoretur
1114 2620 1372 2696 abaeatimo‚
1395 2621 1492 2705 quod
1513 2619 1721 2703 significaret
1737 2631 1853 2682 totum

380 2718 569 2782 aestimo.
605 2717 675 2784 Sed
703 2732 873 2785 autumo
902 2741 975 2786 non
997 2723 1033 2787 id
1055 2723 1168 2788 solum
1190 2723 1362 2808 signifieat
1384 2723 1581 2799 aestimo,
1611 2719 1671 2786 sed
1692 2732 1726 2784 et
1747 2720 1854 2784 dieo

380 2829 416 2882 ot
437 2821 649 2904 oenseo').

424 3129 462 3201 ¹¹)
491 3127 565 3182 eires
583 3111 663 3182 ustis
681 3159 717 3172 -
734 3128 855 3182 airoaam
883 3127 952 3183 aad.
975 3134 1066 3200 prima
1085 3130 1215 3184 vocabuli
1232 3145 1313 3182 ossas
1338 3129 1447 3201 syllaba
1468 3149 1486 3182 a
1508 3125 1696 3199 paaeedeats's
1714 3130 1856 3182 terminati

484 3217 623 3270 adserito.
645 3219 679 3287 ¹¹)
697 3215 830 3270 misereor
847 3217 920 3270 aad.
938 3247 974 3258 -
990 3233 1098 3270 messor
1117 3217 1178 3272 ead
1202 3217 1365 3288 sphalmata.
1386 3218 1420 3288 ¹³)
1440 3233 1523 3287 pareo
1540 3217 1611 3270 uda
1629 3247 1666 3258 -
1683 3232 1767 3286 pasce
1782 3217 1853 3270 Cod.

488 3302 524 3374 ¹⁴)
542 3295 611 3376 τῷδε
628 3335 664 3348 -
682 3321 763 3358 susas
784 3304 852 3358 eoa.
874 3307 988 3360 solemni
1005 3309 1216 3360 eommutstiaae
1232 3303 1280 3360 τοῦ
1298 3305 1324 3360 Α
1342 3317 1369 3358 et
1382 3307 1412 3356 Δ.
1441 3305 1565 3358 Ceterum
1577 3315 1604 3356 et
1620 3307 1649 3356 iss
1661 3303 1702 3356 dia
1718 3309 1855 3374 excerptis

488 3389 556 3444 cod.
571 3403 777 3465 usstargraeaa
792 3394 951 3446 maiusculis
965 3394 1049 3448 literis
1066 3391 1182 3447 exhibet.
1204 3393 1238 3463 15)
1257 3393 1406 3464 septimam
1422 3420 1459 3434 -
1476 3391 1603 3444 Vlimom
1624 3391 1692 3445 cod.
1722 3391 1757 3460 ¹⁶)
1776 3399 1852 3442 ouo-

484 3493 537 3549 que
557 3507 590 3521 -
609 3487 672 3532 otro
701 3476 768 3532 Cad.
798 3479 834 3550 ¹⁷)
859 3475 1001 3544 differant,
1028 3478 1147 3535 diiesant
1167 3481 1233 3536 coa.
1253 3500 1287 3535 ex
1303 3501 1352 3535 aas.
1370 3501 1414 3554 pr.
1433 3499 1468 3534 m.
1487 3475 1613 3532 deserant
1633 3477 1700 3532 coa
1720 3497 1739 3531 a
1756 3497 1798 3551 pr.
1815 3497 1852 3531 m.

486 3565 520 3636 ¹¹)
540 3557 675 3622 tuais-
687 3561 763 3622 desua
784 3567 851 3621 Oed.
1539 3585 1541 3590 ’
1611 3587 1615 3602 ·

427 3687 456 3759 a)
482 3685 685 3761 [aequalitem
710 3687 750 3740 its
768 3685 840 3743 cod.
864 3706 915 3760 pro
935 3706 968 3742 eo
987 3687 1063 3762 quod
1081 3686 1205 3745 idacrob.
1224 3685 1292 3744 adit.
1311 3686 1410 3743 habet:
1434 3693 1608 3762 qualitatem,
1626 3695 1700 3741 recte
1721 3695 1754 3739 ut
1771 3685 1851 3742 vida·

482 3781 541 3843 tur3
560 3775 687 3828 similiter
704 3775 831 3829 Donatus
850 3794 880 3850 p.
901 3781 942 3834 17.
962 3775 994 3828 L.
1014 3779 1171 3850 „Qualitas
1194 3779 1335 3832 verberum
1356 3783 1384 3831 ia
1400 3778 1488 3832 modis
1511 3791 1551 3831 est
1571 3790 1598 3832 et
1619 3781 1649 3830 s'rs
1666 3779 1800 3844 formate
1823 3783 1854 3828 at

481 3861 575 3934 paullo
594 3870 671 3934 post:
694 3865 823 3938 Qualitas
840 3864 982 3917 verborum
994 3871 1078 3917 ettam
1092 3869 1121 3918 ia
1127 3867 1232 3935 formis
1248 3879 1288 3920 est
1306 3869 1465 3928 aoastituta,
1484 3883 1555 3940 quas
1561 3867 1676 3935 firmas
1689 3867 1739 3918 atta·
1753 3865 1853 3918 mte-

482 3967 543 4002 rum
558 3953 702 4022 generibus
723 3953 766 4004 vel
789 3951 1033 4025 sigafioasiaaibas
1057 3953 1215 4006 admisceat.
1241 3955 1270 4028 b)
1289 3953 1378 4006 iiuios
1397 3957 1415 4026 ς
1432 3949 1519 4007 hocce
1543 3951 1739 4024 compendium
1766 3949 1855 4004 babet

482 4033 605 4090 macrob.
625 4037 692 4092 edit.
711 4038 871 4101 „Accidunt
885 4040 971 4092 verbis
986 4043 1128 4110 utriusque
1142 4043 1255 4112 linguae
1265 4061 1386 4113 persona
1394 4081 1404 4105 ‚
1424 4047 1539 4104 numeri,
1553 4043 1660 4114 figura,
1677 4042 1851 4112 coniugatio,

482 4137 604 4197 tempas,
623 4128 730 4190 medua,
751 4136 831 4199 quem
848 4127 950 4181 Graeas'
960 4129 1071 4181 enaiisia
1088 4139 1195 4182 meast.
1213 4129 1309 4182 Latini
1323 4133 1494 4198 eumsorms's
1509 4132 1673 4202 qualitatem
1687 4139 1854 4198 posueruut,

479 4232 566 4286 genua
579 4216 655 4288 quod
669 4215 746 4286 apud
760 4215 881 4269 Graecos
898 4216 1027 4269 diadsass's
1043 4227 1225 4285 nunaupattsr.
1240 4219 1266 4286 a)
1276 4215 1351 4286 Virg.
1360 4217 1427 4271 Aeo.
1436 4217 1473 4270 11.
1487 4221 1510 4272 t.
1529 4217 1644 4289 atvirg.
1657 4217 1723 4267 Aeo.
1733 4215 1769 4268 V.
1783 4221 1850 4273 830.

481 4300 525 4352 Da
535 4299 609 4355 duali
617 4300 703 4355 latino
717 4301 766 4355 air.
782 4319 856 4374 supr.
865 4319 894 4374 p.
905 4307 965 4363 148.
975 4304 998 4373 ς.
1009 4308 1035 4362 Β.
1050 4302 1180 4356 Ceterum
1192 4301 1335 4356 mlehaiua
1346 4305 1368 4373 §.
1378 4305 1408 4356 iu
1422 4302 1546 4358 Maarob.
1566 4303 1633 4358 edit.
1654 4311 1699 4357 est
1715 4320 1854 4374 compen·

483 4385 575 4442 diuma
593 4391 741 4453 „Eandem
757 4409 846 4463 pesae
867 4409 929 4444 asam
948 4392 1055 4445 aaas'bus
1075 4395 1304 4444 aomtruets'auem
1320 4403 1440 4456 servant,
1461 4403 1492 4445 ut
1511 4397 1640 4446 misereor
1658 4393 1743 4454 iliius,
1762 4409 1860 4461 pareo

481 4479 534 4538 tut,
555 4497 669 4532 veneror
692 4480 786 4534 titum
804 4482 975 4558 φροντίζω
994 4471 1113 4542 τοῦδε,
1134 4477 1298 4551 πιίθομαι
1326 4471 1424 4551 τᾷδε,
1450 4475 1535 4554 φίλω
1555 4472 1663 4534 ss'sds.
1687 4479 1856 4532 Ablastvum

484 4565 606 4620 Grssas'a
626 4585 683 4620 aaa
702 4569 807 4636 reeipit.
832 4565 939 4619 Eadem
959 4567 1014 4622 tttu
1027 4584 1208 4638 personarum
1223 4567 1388 4621 sinitisssdo:
1412 4572 1502 4638 prims
1523 4587 1608 4630 veae,
1630 4565 1751 4620 seeundo
1768 4583 1858 4618 voees

480 4658 562 4707 tertia
577 4666 674 4707 uasat.-
691 4647 795 4716 asiai,
813 4647 942 4716 καλεῖς,
959 4647 1066 4708 ssis's'.
1084 4655 1119 4708 Ia
1133 4659 1252 4708 umeris
1267 4671 1325 4708 aas
1340 4655 1472 4708 dimensio
1487 4667 1538 4717 est,
1557 4657 1633 4732 popei
1653 4646 1767 4714 duratis
1786 4659 1806 4706 ἱ.
1826 4672 1855 4706 e.
1890 4719 1895 4724 ¹

481 4741 607 4806 dualem,
625 4743 704 4795 malla
728 4743 868 4795 Latinitas
885 4741 1003 4804 admisit,
1023 4741 1125 4795 Grasai
1147 4761 1210 4796 vato
1223 4747 1251 4796 in
1273 4743 1360 4796 uersu
1379 4745 1584 4815 nominibusque
1602 4735 1699 4798 ieta&
1722 4741 1859 4797 ridentur

481 4826 589 4882 trabere.
614 4829 744 4882 Ceterum
763 4830 803 4900 ςς.
823 4833 848 4886 l.
868 4834 895 4886 2.
915 4834 942 4888 3.
966 4826 1100 4882 editionis
1116 4837 1228 4884 nostrae
1244 4829 1275 4882 iu
1301 4825 1399 4883 oedioe
1420 4831 1460 4901 ita
1477 4839 1544 4884 suas
1565 4829 1713 4902 dispositi:
1732 4833 1759 4888 3·
1777 4835 1805 4888 2
1819 4835 1847 4884 1.

481 4913 508 4984 ο)
539 4913 726 4988 paragraphus
760 4923 779 4978 4
811 4927 968 4973 nostrornm
1000 4925 1204 4988 excerptorum,
1238 4916 1392 4972 editionum
1425 4918 1538 4989 ospitis:
1573 4920 1607 4972 de
1628 4919 1753 4991 figuris,
1786 4934 1858 4987 par-

483 5007 538 5052 tem
556 5004 718 5086 oopttituit,
735 5003 784 5058 ubi
801 5004 881 5082 ioous
899 5007 952 5059 ista
969 5005 1008 5059 its
1025 5003 1141 5076 legitur:
1167 5005 1321 5078 ..thth
1334 5020 1427 5062 tamea
1440 5021 1532 5078 putat,
1546 4999 1657 5062 uerbum
1671 5018 1786 5060 autumo
1803 5025 1859 5057 ea-

482 5087 543 5142 dem
550 5095 983 5167 praepass'tioaeeoaspesss‘,puasi
992 5095 1032 5147 ab
1047 5099 1319 5158 maestissimum
1330 5098 1517 5156 adsumere
1529 5095 1600 5149 idem
1610 5105 1685 5152 estet
1695 5110 1859 5154 numero,

484 5187 625 5232 autumo
639 5197 712 5242 uero,
730 5193 757 5236 et
770 5182 845 5236 dieo
860 5195 886 5238 et
902 5201 1023 5252 aeaseo
1038 5182 1182 5257 signifieat.
