4050 6064
435 547 633 607 sanutus
659 549 704 604 tu
733 549 904 604 conatu
931 551 1079 609 authu
1106 553 1288 608 Phlflhhh
1535 565 1600 638 481

136 702 197 776 sio;
218 717 296 784 nam
321 699 459 762 inventa
482 709 533 763 est
555 709 701 784 propter
723 699 809 762 haec
830 697 957 775 verba,
981 720 1070 784 quae
1094 719 1159 764 nec
1181 699 1428 783 disyllabarum
1445 698 1510 789 77),
1534 725 1600 772 neo

136 799 397 882 trisyllabarum,
424 819 490 864 nec
520 798 855 884 quadrisyllabarum
887 803 963 866 esse
985 815 1177 887 potuerunt
1190 795 1254 886 ⁰⁷),
1286 816 1429 890 utputa
1451 807 1481 870 si
1503 806 1600 872 dica-

136 923 204 967 mus
224 901 496 979 aedificium,
527 901 804 981 aedificatio,
836 901 1115 968 orationibus
1139 898 1199 989 ⁶⁸),
1229 893 1519 974 ratiocinatio
1542 903 1599 994 ⁰⁹).

134 1005 229 1080 llaec,
252 1003 336 1090 quia
350 1016 432 1068 eunt
451 1005 587 1088 integra
601 1005 715 1091 posita
726 1007 781 1089 77),
804 1006 893 1071 nulli
913 1006 1126 1071 conveniunt
1139 1007 1232 1094 pedi,
1257 1010 1432 1074 excedunt
1446 1013 1539 1075 enim
1556 1015 1599 1096 77)

21 1161 22 1188 ,
133 1107 194 1170 llll
215 1125 397 1170 numerum
420 1105 642 1188 syllabarum.
666 1106 834 1192 Syzygiac
852 1110 896 1193 77)
919 1121 1105 1185 vocantur,
1137 1111 1232 1196 quod
1254 1111 1397 1188 divisae,
1419 1133 1485 1198 pro
1508 1115 1598 1178 divi-

21 1195 22 1252 Ῐ
133 1209 236 1273 dentis
259 1206 405 1274 arbitrio
434 1208 584 1295 pedihus
614 1219 808 1296 ooeoyi'omi
825 1205 887 1293 ⁷³),
917 1223 956 1275 nt
978 1210 1007 1274 si
1028 1211 1178 1278 velimus
1200 1213 1355 1278 dividere
1378 1216 1446 1280 hoc
1468 1235 1599 1281 nomen

21 1367 22 1378 ,
132 1312 163 1373 in
184 1311 270 1374 duos
292 1309 448 1393 dactylos
471 1312 733 1378 aedificatio
750 1307 803 1397 ⁷⁴),
827 1313 952 1377 iterum
977 1314 1014 1378 iu
1037 1314 1278 1379 choriambum
1302 1329 1337 1380 et
1357 1319 1597 1402 pyrrhichium

131 1413 381 1478 aedificatio
402 1408 457 1496 ⁷⁵),
489 1426 524 1479 et
554 1429 669 1480 cetera
698 1415 898 1479 huiusmodi
922 1406 981 1498 ⁷⁶);
1016 1437 1139 1480 verum
1168 1418 1198 1482 si
1225 1438 1352 1484 novem
1388 1419 1597 1502 syllabarum

129 1533 251 1578 nomen
278 1515 488 1593 incurrerit,
517 1517 566 1581 ita
596 1517 782 1582 dividimus
813 1517 1243 1583 ratiocinationibus
1268 1523 1311 1605 77)
1352 1521 1388 1584 in
1425 1541 1598 1607 paeonem

130 1617 263 1680 tertium
279 1611 341 1700 ⁷⁸),
365 1617 605 1684 ditrochaeum
624 1622 667 1704 77)
690 1632 724 1683 et
747 1617 960 1705 semipedem
984 1614 1045 1702 ⁸⁰);
1075 1633 1134 1684 aut
1160 1623 1209 1686 ita
1239 1624 1599 1688 ratiocinationi-

129 1717 201 1781 bus
228 1719 266 1782 iu
296 1733 521 1806 anapaestum
545 1716 605 1805 Ἰ),
633 1721 909 1808 amphibrachyn
936 1715 978 1805 ⁸²)
1002 1735 1037 1786 et
1059 1723 1233 1805 dactylum
1252 1719 1307 1808 ⁸³),
1332 1739 1366 1789 et
1388 1725 1455 1790 alia
1477 1727 1598 1790 huius-

130 1821 220 1884 modi
238 1812 292 1904 77).
316 1822 425 1887 Pedes
446 1822 606 1904 disyllabi
620 1843 738 1892 secum
753 1823 863 1886 iuncti
878 1825 942 1888 hos
959 1823 1001 1888 de
1016 1847 1050 1887 se
1070 1826 1223 1912 duplices
1238 1819 1280 1910 ³⁵)
1303 1827 1386 1892 xvt
1410 1841 1529 1892 creant
1541 1821 1596 1912 ⁸⁶),

133 1921 188 1986 tali
211 1924 385 1988 schemate
404 1917 458 2008 ⁸⁷).
492 1925 625 1991 Omnes
645 1929 741 2006 pedes
762 1937 822 1987 tres
843 1925 1036 1988 divisionum
1062 1927 1228 1992 formulas
1251 1941 1370 1993 tenent
1384 1923 1448 2014 78),
1478 1931 1539 1996 sed
1553 1925 1596 2014 ⁸⁹)

130 2025 207 2102 has,
232 2045 322 2111 quae
345 2026 390 2090 ad
409 2029 631 2107 grammaticos
649 2029 813 2109 pertinent.
837 2023 953 2089 *Nam
977 2028 1242 2113 amphibrachys
1257 2033 1313 2112 7),
1339 2033 1400 2116 qui
1423 2033 1704 2116 excipitur-rtur·

21 2207 22 2210 Ἴ
127 2127 374 2212 aDonato')‚
409 2127 514 2192 habet
541 2129 767 2203 divisionem,
800 2148 890 2211 quae
913 2127 1041 2193 dicitur
1064 2131 1177 2217 tripla.
1201 2133 1361 2218 Epitriti‚
1386 2133 1447 2217 qui
1469 2133 1513 2196 ab
1537 2153 1597 2196 eo·
1620 2095 1689 2145 ⁰⁰¹*

125 2225 199 2292 dem
216 2229 250 2312 7)
281 2230 522 2316 excipiuntur,
553 2230 682 2296 hahent
710 2231 935 2309 divisionem,
969 2252 1058 2316 quae
1087 2234 1227 2318 epitrita
1254 2234 1391 2300 dicitur.
1421 2235 1517 2320 Ergo
1543 2236 1596 2300 hie

124 2329 154 2390 V
175 2331 324 2416 pedibus
339 2334 372 2415 ⁶)
395 2333 569 2418 exceptis,
594 2333 773 2400 sciendum
798 2345 865 2410 est,
889 2333 986 2420 quod
1008 2335 1045 2397 in
1067 2335 1210 2421 reliquis
1240 2336 1387 2422 pedibus
1410 2337 1494 2401 istae
1516 2349 1598 2400 sunt

123 2429 309 2496 divisiones
332 2433 401 2510 111,
432 2455 580 2520 quarum
602 2435 716 2520 prima
739 2455 870 2519 aequa,
902 2437 1053 2500 secunda
1075 2438 1181 2523 dupla
1198 2441 1242 2522 777)
1266 2441 1392 2522 est⁹²)‚
1418 2440 1520 2504 tertia
1542 2459 1597 2502 se-

124 2534 243 2620 scupla
265 2529 310 2618 ⁹³)
334 2535 463 2600 dicitur
484 2533 540 2621 77).
571 2536 617 2599 Et
645 2548 696 2600 est
719 2529 762 2620 9³)
786 2557 897 2622 aequa
919 2538 1045 2602 divisio
1070 2541 1106 2603 in
1130 2541 1182 2602 his
1209 2539 1376 2625 pedibus,
1408 2541 1469 2624 qni
1492 2539 1597 2604 soluti

123 2647 169 2700 tot
193 2648 353 2722 tempora
367 2631 412 2720 ⁹⁰)
435 2637 564 2702 habent
581 2639 617 2700 in
633 2639 713 2714 arsi,
737 2652 823 2724 quot
837 2641 880 2724 9⁷)
903 2640 942 2702 in
964 2641 1070 2715 thesi,
1094 2654 1132 2704 ut
1156 2653 1207 2703 est
1229 2640 1385 2722 dactylus
1401 2639 1456 2725 ⁹⁸).
1480 2634 1597 2728 Dupla

123 2750 181 2813 est,
207 2737 369 2823 quotiens
384 2741 428 2823 ⁹⁹)
452 2739 651 2828 alterspara
674 2741 817 2804 alteram
831 2742 886 2832 777)
910 2739 1016 2827 duplo
1039 2742 1160 2818 vincit,
1184 2755 1218 2806 et
1236 2743 1338 2807 estin
1354 2743 1407 2805 his
1429 2741 1595 2829 pedibus:

163 2998 201 3068 77)
226 2993 424 3068 disyllabarum
444 3001 477 3053 Β.
496 3029 533 3040 -
552 2996 752 3069 dissylaharnm
770 3001 803 3053 P.
822 3000 873 3053 Ρη.
894 3031 928 3042 -
947 2997 1152 3052 dissiliebaruna
1169 3000 1205 3055 A.
1225 3002 1261 3073 ’7)
1280 3006 1432 3072 potuerunt
1447 3001 1480 3054 B.
1499 3002 1550 3054 Ρη.
1561 3033 1595 3042 -

226 3093 343 3155 potuere
360 3086 393 3139 Ρ.
412 3117 449 3130 -
466 3095 599 3158 poterunt
615 3085 652 3140 A.
677 3087 717 3158 ’7)
735 3083 908 3140 orationibus
927 3089 958 3140 B.
979 3107 1014 3140 ex
1032 3107 1083 3141 em.
1109 3108 1152 3160 pr.
1171 3107 1205 3145 m.
1224 3088 1261 3143 A.
1280 3089 1312 3140 Ρ.
1331 3089 1382 3141 Ρη.
1401 3119 1437 3131 --
1455 3088 1542 3143 oratio
1560 3090 1594 3143 B.

227 3192 308 3246 apr.
326 3192 362 3226 m.
390 3173 427 3244 77)
447 3173 621 3228 ratiocinatio
639 3175 671 3228 B.
689 3201 726 3216 -
743 3171 1002 3252 ratiocinationibus
1021 3179 1058 3230 A.
1077 3179 1108 3230 Ρ.
1127 3161 1178 3230 Ρη.
1207 3177 1244 3248 7ο)
1263 3176 1338 3229 Haec
1357 3176 1420 3250 quia
1438 3185 1503 3229 sunt
1517 3177 1594 3248 'inte-

225 3277 272 3331 gra
291 3260 383 3334 posita
399 3261 432 3315 Β.
451 3263 488 3317 A.
507 3263 539 3314 Ρ.
557 3290 594 3306 -
611 3259 688 3316 Haec
707 3271 773 3315 sunt
790 3264 900 3315 nomina
919 3280 988 3335 quae
1007 3262 1115 3334 integra
1131 3265 1225 3336 posita
1239 3266 1290 3318 Ρη.
1310 3269 1345 3335 77)
1365 3262 1502 3318 excedunt
1521 3264 1595 3317 enim

223 3349 258 3402 Β.
277 3350 329 3402 Ρη.
346 3379 383 3390 -
402 3347 466 3421 quia
484 3345 623 3404 excedunt
640 3350 677 3406 A.
694 3350 727 3402 Ρ.
757 3351 796 3421 77)
814 3349 948 3421 syzygias
965 3350 998 3403 P.
1017 3383 1053 3393 -
1071 3352 1208 3422 Syaugias
1225 3354 1277 3407 Ρη.
1296 3385 1332 3395 -
1350 3353 1489 3423 sinnygiae
1508 3353 1540 3406 B.
1559 3383 1594 3395 -

224 3435 356 3506 amalgiso
374 3435 411 3491 A.
443 3438 479 3503 ⁷⁸)
506 3435 671 3510 oocoydsm
687 3467 725 3480 -
747 3445 896 3507 syayzoots
916 3439 977 3510 (aie)
996 3439 1028 3492 P.
1046 3471 1082 3481 —
1107 3440 1251 3511 signentur
1268 3441 1300 3494 Β.
1319 3441 1355 3495 A.
1375 3442 1425 3494 Ρη.
1444 3441 1479 3511 77)
1499 3437 1594 3494 aedifi-

225 3524 298 3576 catio
315 3525 349 3578 Β.
356 3525 393 3578 A.
403 3524 435 3577 P.
453 3552 490 3568 -·
508 3523 588 3578 aedili
596 3543 667 3579 -υ
676 3547 712 3589 υ,
731 3525 803 3578 catio
815 3557 851 3567 -
860 3541 884 3579 υ
893 3541 917 3579 υ
927 3528 978 3580 Ρη.
989 3527 1026 3595 77)
1044 3526 1160 3583 iterum.
1171 3567 1179 3582 .
1190 3566 1198 3581 .
1208 3566 1216 3583 .
1226 3525 1380 3582 aedificatio
1389 3528 1422 3582 B.
1432 3527 1492 3598 (ssd
1502 3529 1593 3599 pyrri-

223 3606 327 3680 chium)
346 3613 376 3664 P.
397 3611 446 3682 (=
463 3610 631 3686 aedificatio)
658 3615 709 3666 Ρη.
730 3613 789 3684 (aad
806 3611 920 3665 aedifica
934 3644 969 3657 -
980 3633 1006 3668 υ
1016 3633 1101 3680 υ-,
1122 3615 1162 3668 tio
1172 3620 1244 3689 υυ)
1262 3638 1298 3668 =
1316 3619 1352 3671 A.
1380 3617 1416 3685 7’)
1434 3610 1593 3670 huiusmodi

221 3699 256 3754 Β.
274 3698 311 3750 A.
330 3699 380 3751 Ρη.
399 3730 436 3743 -
453 3697 646 3754 huiuscemodi
665 3703 695 3753 P.
716 3702 755 3771 77)
775 3699 1033 3756 ratiocinationibus
1052 3704 1084 3756 Β.
1104 3704 1141 3757 A.
1160 3705 1193 3757 P.
1212 3735 1248 3750 -
1265 3704 1528 3766 mucciunt-u,
1543 3720 1592 3755 na-

223 3785 462 3854 tioni—u-u,
481 3784 534 3842 bus
552 3790 604 3843 Ρη.
625 3791 662 3861 77)
680 3789 710 3840 iu
729 3805 863 3859 paeonem
881 3791 992 3843 tertium
1012 3793 1063 3844 Ρη.
1081 3791 1165 3844 -iu
1183 3807 1302 3863 peonena
1320 3790 1430 3843 tertium
1448 3791 1480 3843 Β.
1489 3792 1520 3844 Ρ.
1532 3791 1593 3862 (aed

222 3873 353 3948 tercium)
379 3907 414 3916 --
431 3875 573 3949 imponere
592 3877 656 3949 (sic)
676 3877 792 3930 urcium
809 3878 847 3932 A.
877 3881 912 3947 77)
933 3875 1106 3932 ditrocheum
1123 3880 1156 3932 B.
1176 3909 1211 3920 -
1235 3887 1264 3954 et
1283 3877 1471 3932 ditrochaeum
1488 3880 1520 3930 1’.
1539 3880 1590 3932 Ρη.

223 3970 307 4015 -et
326 3960 499 4016 ditrooheum
517 3966 553 4022 A.
580 3967 618 4038 ’7)
638 3962 807 4036 semipedem
825 3968 859 4021 B.
879 3968 914 4020 A.
935 3968 1043 4021 Pus·-
1061 3964 1232 4038 semipedem
1251 3968 1298 4034 (=
1316 3969 1353 4036 st)
1372 3968 1403 4020 Ρ.
1430 3967 1470 4034 ’7)
1490 3983 1591 4038 anape-

221 4058 295 4102 stum
312 4051 345 4104 B.
365 4051 401 4104 A.
420 4053 452 4105 Ρ.
478 4081 515 4097 -
538 4062 732 4125 anapaestum,
743 4070 768 4106 υ
779 4069 847 4107 υ-
862 4055 914 4108 Ρη.
940 4056 978 4126 77)
1005 4051 1220 4127 amphibrachyn
1238 4085 1274 4095 —
1292 4051 1487 4123 amphibracim
1505 4054 1538 4107 Β.
1555 4085 1592 4096 -

224 4143 253 4190 at
278 4134 502 4210 amphibrachum
525 4144 564 4196 A.
589 4172 624 4184 -
652 4150 680 4193 et
706 4137 931 4213 amphibrachym
953 4143 986 4195 P.
1010 4142 1141 4194 -etin
1167 4137 1520 4212 amphibrachum‚u-u
1539 4144 1589 4196 Ρη.
1670 4161 1673 4178 =

224 4227 259 4296 ’7)
279 4235 308 4278 ct
326 4224 466 4298 dactylum
483 4229 515 4281 Β.
537 4261 572 4274 --
591 4236 620 4283 et
636 4229 666 4282 in
678 4227 819 4281 'dactiluua
837 4229 873 4284 A.
893 4261 928 4272 —
947 4231 1022 4285 etin
1043 4227 1182 4299 dactylum
1201 4232 1232 4282 P.
1250 4261 1287 4271 -
1305 4237 1333 4281 et
1350 4229 1380 4280 iu
1398 4226 1547 4298 dactylum,
1556 4261 1591 4272 --

221 4333 282 4368 υυ
300 4316 353 4368 Ρη.
373 4317 409 4387 77)
430 4325 458 4370 et
476 4314 529 4370 alia
546 4314 707 4370 huiusmodi
725 4318 757 4370 Β.
776 4319 808 4371 Ρ.
826 4319 877 4371 Ρη.
896 4348 933 4360 -
950 4313 1109 4370 huiusmodi
1128 4327 1157 4370 et
1174 4315 1227 4370 elia
1244 4319 1282 4373 A.
1302 4319 1340 4388 ’7)
1360 4315 1396 4370 de
1413 4333 1444 4369 se
1463 4313 1590 4388 duplices

222 4403 255 4456 Β.
274 4401 305 4455 Ρ.
325 4403 377 4457 Ρη.
397 4435 432 4444 -—
450 4402 579 4476 duplices
598 4402 634 4458 ‹le
652 4422 684 4456 se
701 4406 737 4459 A.
764 4408 801 4477 77)
821 4414 914 4458 creant
931 4408 963 4460 Β.
983 4408 1035 4460 Ρη.
1054 4435 1090 4448 -
1113 4415 1262 4478 procreant
1278 4408 1315 4459 A.
1335 4406 1367 4460 P.
1393 4406 1432 4478 77)
1451 4401 1589 4458 schemate

221 4489 246 4546 Β
272 4491 305 4544 Ρ.
323 4492 375 4544 Ρη.
394 4523 430 4532 -
448 4501 567 4546 scemate
585 4491 622 4546 A.
650 4494 688 4562 ’7)
706 4493 836 4547 formulas
856 4503 952 4548 tenent
969 4494 1002 4546 B.
1020 4523 1056 4536 -
1085 4501 1180 4546 tenent
1198 4493 1298 4546 forutaa
1316 4494 1349 4546 Β.
1368 4494 1421 4547 Ρη.
1440 4523 1477 4536 --
1495 4502 1589 4546 tonent

222 4567 279 4634 foss
303 4581 339 4633 A.
370 4581 406 4649 ’7)
433 4576 484 4634 setl
501 4582 533 4634 B.
552 4582 583 4633 Ρ.
605 4582 656 4634 Ρη.
675 4611 711 4623 -
729 4579 882 4634 secuudum
899 4581 936 4636 A.
964 4583 1001 4651 77)
1020 4577 1231 4652 amphibrachys
1249 4611 1285 4622 -
1302 4577 1485 4651 amphibmois
1502 4581 1535 4632 Β.
1552 4609 1587 4624 -
1679 4625 1681 4630 .

219 4662 433 4738 amphibrachus
451 4669 488 4724 A.
507 4671 550 4723 Ρη
576 4699 613 4711 -
631 4667 854 4741 amphibrachum
872 4669 934 4740 (sio)
953 4671 984 4723 P.
1004 4671 1042 4739 77)
1063 4666 1147 4739 dupla
1165 4669 1197 4722 Β.
1216 4668 1246 4719 Ρ.
1264 4669 1361 4720 Pia:
1379 4667 1417 4721 A.
1437 4666 1478 4738 77)
1496 4675 1538 4718 cst
1556 4669 1589 4721 Β.

219 4777 256 4806 -·
275 4755 311 4809 A.
340 4757 372 4810 P.
391 4757 442 4812 Ρη.
470 4762 507 4828 77)
533 4755 662 4829 sescupla
687 4759 718 4812 B.
739 4759 771 4813 P.
788 4758 841 4813 Ρη.
859 4787 895 4800 -·
913 4753 1040 4828 centupla
1063 4758 1101 4810 A.
1131 4757 1167 4827 77)
1194 4751 1297 4806 dicitur
1326 4754 1360 4808 Β.
1378 4754 1431 4807 Ρη.
1449 4775 1486 4802 =
1502 4755 1539 4807 A.
1558 4757 1589 4807 P.

221 4844 259 4914 77)
277 4841 316 4897 Et
333 4851 377 4897 est
395 4845 426 4898 B.
453 4847 503 4898 Ρη.
525 4877 559 4890 -
577 4847 649 4900 ltem
666 4848 702 4900 A.
721 4847 753 4900 P.
774 4847 810 4917 77)
831 4844 1003 4917 temporali.
1022 4845 1055 4898 P.
1074 4845 1125 4897 Pu.
1145 4838 1286 4912 -psdes
1305 4843 1341 4896 A.
1369 4840 1409 4912 77)
1427 4851 1495 4914 quot
1505 4845 1537 4895 Β.
1555 4873 1591 4886 -

220 4940 289 5004 quot
314 4939 344 4984 et
360 4932 396 4986 A.
414 4933 447 4987 P.
466 4935 517 4987 Ρη.
544 4933 581 5004 77)
602 4931 728 5006 dactylus
745 4936 796 4988 Ρη.
815 4963 852 4977 -
871 4931 1007 5004 dactylica
1025 4933 1058 4985 B.
1085 4933 1117 4984 P.
1135 4963 1172 4972 -
1190 4927 1309 4984 daetilus
1328 4930 1365 4983 A.
1391 4932 1428 5002 77)
1459 4931 1587 5002 quotiens

219 5020 251 5072 Β.
269 5019 306 5074 A.
327 5020 388 5100 (sed
405 5022 550 5094 quociens)
568 5055 604 5065 -
622 5022 731 5096 quoties
749 5024 780 5076 P.
799 5021 850 5075 Ρη
872 5023 919 5094 777)
939 5018 1051 5074 alteram
1068 5020 1101 5079 B.
1121 5050 1156 5061 -
1174 5015 1287 5072 alteram
1304 5026 1412 5090 partem
1429 5019 1467 5074 A.
1486 5021 1517 5073 Ρ.
1534 5021 1586 5072 Ρη.

168 5126 197 5195 η)
223 5126 325 5182 Donat.
345 5147 373 5202 p.
392 5133 417 5189 8.
439 5127 564 5186 Lindum.
584 5133 612 5204 b)
631 5129 649 5184 l.
670 5148 693 5186 c.
714 5134 739 5205 e)
759 5127 875 5186 Scilicet
893 5123 1098 5202 amphibracho,
1118 5127 1231 5200 epitrito
1250 5127 1355 5200 primo,
1373 5123 1514 5194 secundo,
1531 5137 1587 5184 ter-

221 5216 261 5271 tio
281 5225 309 5270 st
327 5224 433 5290 quarto.
