4036 6068
401 510 467 580 sto
855 511 1413 568 reosriusuruou

478 656 620 722 ‘Eodem
639 657 756 734 modo,
780 671 937 746 tempore
959 660 1158 745 praeterito,
1183 661 1298 746 speeie
1321 659 1511 746 inperfecte
1534 660 1610 724 rive
1627 660 1742 724 miuus
1765 679 1872 746 quom

400 758 553 845 perfecto
583 758 638 822 vei
671 761 877 824 inchoativa.
910 761 1056 824 Numeri
1087 762 1287 846 singularis:
1321 782 1400 826 cum
1430 761 1486 826 vel
1513 762 1542 825 si
1566 783 1760 848 raperer,
1791 783 1875 826 oum

399 859 456 922 vel
478 861 506 923 si
530 863 765 947 rapereris,
787 847 875 927 ¹oum
899 861 954 926 vel
977 864 1006 926 si
1039 877 1286 948 raperetur;
1315 865 1453 928 numeri
1474 864 1634 950 pluralis:
1660 885 1739 928 oum
1762 863 1817 928 vel
1842 865 1872 927 si

401 981 668 1047 raperemur,
693 985 772 1026 oum
794 965 850 1028 vel
874 966 903 1028 si
925 964 1206 1049 superemini,
1230 985 1308 1028 oum
1331 965 1386 1028 vel
1410 967 1439 1030 si
1461 979 1727 1053 raperentur.

485 1064 618 1128 Eodem
644 1066 768 1144 modo,
792 1068 914 1131 eodem
938 1079 1112 1152 tempore,
1137 1068 1252 1152 specie
1274 1068 1425 1152 perfecta
1441 1068 1513 1130 siue
1535 1066 1702 1133 absoluta.
1725 1069 1874 1132 Numeri

291 1144 601 1252 ¹''3531''singularis:
632 1166 746 1231 *eum
776 1168 831 1232 vel
862 1169 890 1232 si
922 1182 1070 1253 raptus
1090 1170 1132 1250 5¹)
1157 1171 1252 1246 sim,
1285 1189 1363 1232 cum
1388 1168 1442 1232 vel
1466 1171 1494 1233 si
1525 1183 1669 1255 raptus
1693 1171 1766 1244 sis,
1791 1189 1871 1232 cum

399 1265 456 1330 vel
479 1269 507 1330 si
531 1283 678 1354 raptus
709 1272 783 1348 εἰη
816 1271 953 1334 numeri
975 1269 1134 1354 pluralis:
1161 1291 1239 1334 oum
1263 1270 1319 1335 uel
1342 1271 1370 1334 si
1393 1272 1505 1357 rapti
1528 1272 1675 1350 simus,
1706 1291 1785 1334 cum
1816 1272 1873 1334 vel

400 1370 563 1454 sirapti
587 1371 703 1447 sitis,
728 1392 807 1434 cum
830 1370 886 1434 vel
909 1372 937 1434 si
961 1371 1076 1456 rapti
1099 1372 1196 1436 sint.

483 1471 529 1534 Et
552 1471 715 1536 ulteriore
738 1471 891 1557 perfecta
913 1473 984 1536 sive
1002 1471 1159 1536 absoluta
1178 1476 1232 1556 7²).
1255 1474 1400 1538 Numeri
1424 1473 1608 1558 singularis
1626 1469 1687 1558 ⁷³):
1712 1495 1791 1539 oum
1814 1476 1870 1538 vel

399 1573 428 1636 si
451 1587 597 1659 raptus
617 1568 659 1656 7’·)
692 1573 860 1650 fuerim,
893 1595 970 1637 oum
1003 1573 1058 1636 vel
1082 1576 1111 1638 si
1134 1587 1280 1661 raptus
1304 1575 1456 1652 fueris,
1488 1597 1567 1640 oum
1589 1575 1645 1640 vel
1668 1577 1697 1640 si
1719 1591 1869 1662 raptus

398 1675 546 1750 fuerit;
569 1677 706 1739 numeri
729 1674 889 1761 pluralis:
915 1695 992 1738 cum
1016 1675 1071 1739 vei
1095 1677 1123 1740 si
1146 1679 1262 1763 rapti
1286 1678 1503 1756 fuerimus,
1528 1699 1608 1743 oum
1624 1678 1680 1743 vel
1702 1680 1731 1744 si
1754 1680 1870 1766 rapti

398 1776 591 1854 fueritis,
617 1799 695 1842 oum
718 1778 773 1841 vel
797 1777 825 1840 si
848 1778 958 1862 rapti
981 1777 1150 1843 fuerint.

482 1878 617 1942 Eodem
641 1880 766 1955 modo,
799 1879 923 1944 eodem
948 1891 1123 1965 tempore,
1155 1881 1270 1967 specie
1292 1880 1632 1968 plusquamperfeota
1655 1883 1726 1946 sive
1750 1904 1868 1948 recor-

397 1978 512 2043 dativa
535 1980 591 2044 vel
615 1994 736 2044 exacta
755 1976 808 2062 ⁷⁵).
827 1981 972 2044 Numeri
996 1983 1197 2066 singularis:
1232 2004 1311 2046 cum
1333 1983 1389 2047 vel
1412 1985 1440 2046 si
1463 1997 1581 2070 raptus
1605 2006 1756 2060 essem,
1789 2007 1869 2050 oum

396 2081 451 2144 vel
475 2082 504 2144 si
526 2096 669 2168 raptus
693 2103 826 2159 esses,
860 2103 938 2146 cum
962 2083 1017 2146 vel
1040 2085 1070 2148 si
1099 2098 1248 2170 raptus
1271 2098 1399 2160 esset3
1431 2088 1568 2150 numeri
1589 2087 1753 2174 plurslis:
1788 2112 1869 2156 curn

395 2182 452 2246 vel
474 2184 503 2246 ei
533 2184 650 2269 rapti
682 2205 886 2263 essemus,
918 2205 998 2274 cum
1028 2185 1084 2250 vel
1107 2186 1136 2250 si
1159 2188 1275 2274 rapti
1306 2187 1480 2267 essetis,
1513 2209 1592 2254 oum
1615 2189 1671 2253 vel
1702 2192 1731 2254 si
1753 2175 1869 2278 rapti

396 2298 551 2350 essent.

480 2387 526 2450 Et
547 2388 712 2450 ulteriore
735 2387 1077 2476 plusquamperfecto
1096 2384 1138 2476 76)
1162 2391 1234 2456 sive
1258 2392 1475 2456 recordativa
1496 2395 1552 2458 vel
1575 2407 1696 2460 exacta
1712 2399 1764 2480 ⁷⁷).
1794 2397 1869 2460 Nu·

396 2488 485 2552 meri
516 2488 699 2573 singularis
725 2483 784 2573 ⁷⁸):
820 2513 897 2555 cum
931 2492 986 2555 vel
1016 2495 1045 2556 si
1076 2507 1225 2579 raptus
1257 2494 1447 2570 fuissem,
1479 2517 1558 2560 oum
1589 2496 1646 2560 ¹uel
1669 2499 1697 2561 si
1720 2513 1866 2585 raptus

397 2588 574 2666 fuisses,
608 2610 686 2652 oum
718 2590 774 2654 vel
806 2593 835 2656 si
858 2607 1004 2679 raptus
1028 2594 1199 2670 fuisset;
1222 2598 1359 2660 numeri
1388 2597 1548 2684 pluralis:
1574 2619 1653 2662 cum
1675 2598 1732 2661 vel
1754 2601 1783 2662 si
1805 2621 1865 2662 ra·

397 2692 463 2775 pti
501 2692 751 2772 fuissemus,
790 2715 870 2758 oum
904 2695 960 2758 vel
1003 2695 1032 2758 si
1074 2699 1188 2782 rapti
1224 2697 1434 2776 fuissetis,
1478 2721 1557 2764 cum
1594 2698 1652 2765 rel
1681 2701 1712 2762 si
1756 2702 1866 2787 rapti

402 2788 582 2857 fuissent
607 2799 660 2878 77).

483 2891 618 2958 Eodem
648 2897 774 2976 modo,
806 2911 963 2983 tempore
987 2898 1113 2964 futuro.
1135 2899 1282 2964 Numeri
1304 2901 1488 2986 singularis
1503 2895 1563 2984 ⁸⁰):
1594 2921 1673 2966 oum
1695 2901 1751 2966 vel
1770 2897 1811 2986 Ἰ)
1835 2905 1866 2966 si

401 3009 547 3078 raptus
564 2992 606 3080 ⁸¹)
629 3019 719 3073 ero,
743 3019 822 3062 eum
846 3000 911 3066 vel.
925 3001 953 3063 si
976 3015 1123 3086 raptus
1146 3004 1249 3079 eris,
1275 3023 1353 3066 cum
1376 3003 1432 3066 vel
1454 3005 1483 3067 si
1506 3016 1649 3089 raptus
1674 3005 1776 3080 erit;
1797 3011 1864 3068 uu-

392 3097 480 3159 meri
510 3096 673 3183 pluralis:
707 3121 785 3163 cum
816 3099 871 3162 vel
902 3102 930 3166 si
958 3103 1074 3188 rapti
1102 3103 1281 3182 erimus,
1313 3125 1393 3168 oum
1422 3104 1480 3168 vel
1512 3105 1542 3168 si
1573 3107 1690 3192 rapti
1720 3109 1863 3186 eritis,

394 3216 472 3259 cum
495 3199 551 3262 vel
574 3199 602 3262 si
625 3202 737 3284 rapti
760 3203 874 3265 erint
890 3196 942 3284 ⁰³).

477 3297 522 3362 Et
541 3301 705 3366 ulteriore
724 3303 850 3368 futuro.
873 3305 1020 3367 Numeri
1038 3306 1221 3388 singularis
1240 3298 1302 3388 ⁸⁴):
1328 3327 1407 3369 cum
1422 3307 1478 3371 vel
1501 3309 1530 3372 si
1552 3321 1706 3395 raptus
1730 3310 1864 3388 fuero,

394 3417 473 3460 oum
495 3401 551 3464 vel
581 3404 610 3466 si
643 3417 789 3490 raptus
821 3405 972 3483 fueris,
998 3408 1155 3472 cumvel
1177 3409 1205 3472 si
1228 3420 1375 3493 raptus
1399 3408 1552 3486 fuerin
1584 3414 1723 3475 numeri
1743 3412 1863 3498 plura-

392 3499 454 3563 lis:
479 3505 635 3583 pumvei
658 3506 820 3592 sirapti
852 3508 1072 3585 fuerimus,
1104 3529 1183 3572 cum
1213 3508 1269 3572 vel
1292 3510 1320 3572 si
1343 3511 1455 3597 rapti
1478 3510 1673 3591 fueritis,
1706 3533 1785 3576 oum
1807 3512 1865 3576 vel

394 3601 559 3689 sirapti
583 3607 753 3672 fuerint.

477 3709 551 3771 785.
576 3707 665 3770 Sane
680 3711 747 3773 hoc
764 3703 956 3789 monemus,
979 3713 1073 3797 quod
1087 3713 1223 3797 generis
1238 3708 1438 3798 passivi-⁸⁵),
1459 3713 1676 3802 deponentis,
1692 3715 1750 3778 vel
1765 3735 1864 3779 com-

394 3808 507 3871 munis
528 3809 636 3872 verba
659 3811 801 3874 modum
820 3814 1087 3899 inpersoualem,
1111 3814 1166 3879 vel
1189 3815 1347 3899 gerundi,
1371 3815 1443 3878 sive
1467 3837 1606 3890 nomeu,
1629 3815 1685 3878 vel
1708 3816 1868 3902 appella-

393 3907 522 3970 tionem
555 3911 598 3974 ad
633 3911 779 3974 formam
802 3916 938 3997 generis
962 3917 1075 3992 activi,
1100 3919 1172 3980 sive
1200 3917 1376 3994 neutralis,
1400 3917 1455 3980 vel
1479 3919 1678 3995 inchoativi,
1701 3937 1769 3982 uec
1792 3937 1867 3982 uou

393 4017 427 4068 et
445 4001 487 4089 ⁸⁰)
512 4010 756 4096 frequentativi
779 4017 997 4100 reperiantur
1018 4016 1202 4080 declinare.

478 4112 551 4175 786.
585 4114 758 4200 Tempora
791 4117 1056 4202 participiorum
1090 4121 1273 4183 trahuntur
1302 4119 1345 4183 ab
1375 4121 1443 4184 hoe
1473 4119 1581 4184 uerbo
1613 4121 1752 4207 passivo
1778 4121 1869 4186 duo:

395 4213 639 4292 praeteritum,
663 4230 825 4302 raptus3
849 4218 1020 4294 futurum,
1044 4220 1287 4305 rapiendus.

479 4314 551 4376 787.
583 4315 685 4379 Nunc
718 4319 820 4381 etiam
844 4314 887 4402 ⁸⁷)
917 4322 984 4383 hoc
1015 4341 1213 4400 monemus,
1244 4324 1341 4407 quod
1363 4343 1408 4388 ex
1430 4318 1473 4406 ⁸⁸)
1495 4325 1597 4388 tertia
1618 4326 1871 4407 coniugatione

437 4555 592 4626 ⁷')·rsptus
613 4556 648 4611 V.
668 4558 704 4611 A.
724 4562 897 4632 -scriptus
916 4562 947 4614 Β.
977 4565 1011 4628 77)
1039 4562 1160 4632 perfectu
1178 4563 1236 4614 sive
1254 4560 1381 4615 absolute
1399 4564 1435 4618 V.
1455 4565 1491 4618 A.
1510 4565 1588 4616 =B
1619 4563 1658 4634 ³³)
1678 4563 1786 4614 numeri
1806 4563 1872 4614 siu-

500 4643 601 4710 gufuris
627 4646 663 4698 V.
687 4667 722 4695 =
746 4649 779 4700 Β.
803 4650 839 4700 A.
867 4650 904 4719 7’)
925 4658 1018 4719 ruptus
1038 4649 1074 4702 V.
1093 4651 1129 4702 A.
1150 4679 1183 4692 ·-
1201 4652 1323 4721 scriptur
1341 4652 1374 4704 Β.
1402 4653 1439 4721 75)
1467 4649 1511 4704 vul
1538 4659 1631 4704 exacte
1657 4651 1692 4704 V.
1716 4670 1753 4699 =
1779 4651 1814 4702 B.
1831 4651 1872 4702 A.

500 4731 538 4800 7’)
559 4730 829 4804 plusqurmperfeetu
848 4735 884 4788 V.
907 4735 940 4788 A.
958 4759 995 4785 =
1012 4739 1044 4790 B.
1065 4741 1100 4807 77)
1120 4737 1176 4790 sire
1196 4776 1202 4789 .
1223 4775 1230 4788 .
1250 4774 1257 4790 .
1277 4773 1284 4790 .
1305 4747 1398 4790 exacte
1418 4739 1453 4793 V.
1473 4741 1505 4791 P.
1524 4761 1560 4788 =
1576 4740 1608 4792 Β.
1630 4739 1667 4810 7’)
1683 4737 1792 4788 numeri
1810 4737 1874 4788 siu-

500 4816 601 4886 gulsrir
622 4821 657 4874 V.
677 4843 712 4871 =
729 4823 761 4874 Β.
781 4823 817 4874 A.
846 4825 881 4891 ⁷⁹)
908 4823 1046 4876 fuissem.
1068 4864 1075 4876 .
1095 4863 1101 4876 .
1122 4864 1129 4879 .
1149 4825 1266 4878 fuissent
1285 4826 1322 4881 V.
1341 4827 1379 4878 A.
1397 4855 1435 4870 -·
1451 4826 1586 4890 fusorem,
1612 4825 1731 4886 tusses,
1750 4824 1875 4886 fuesset,

500 4907 667 4970 suessanus,
686 4909 830 4974 fuesretis,
848 4911 972 4963 fuessent
990 4913 1023 4966 B.
1042 4915 1078 4984 ⁸⁰)
1097 4913 1204 4964 numeri
1222 4910 1368 4982 siugulsris
1386 4915 1421 4967 Β.
1442 4913 1473 4967 V
1471 4949 1478 4964 .
1497 4935 1534 4962 =
1550 4913 1587 4966 A.
1606 4911 1642 4982 ⁸¹)
1661 4908 1706 4964 tel
1724 4911 1762 4965 V.
1781 4913 1823 4964 A.
1837 4943 1876 4954 -·

501 5000 529 5043 et
546 4995 578 5046 Β.
599 4996 634 5063 ’7)
654 5005 748 5067 ruptus
768 4999 804 5053 V.
825 4999 861 5052 A.
881 5029 914 5043 -
934 5001 1055 5070 scriptur
1073 5003 1097 5054 Β
1125 5003 1162 5071 ⁸¹)
1183 5001 1255 5052 erint
1271 5005 1311 5052 εἰσ
1328 5000 1407 5054 B.V.
1427 5001 1462 5054 A.
1482 5000 1521 5070 ”)
1540 4999 1646 5051 numeri
1660 4995 1811 5068 singularis
1835 5001 1875 5052 V.

499 5101 536 5126 =
553 5081 584 5132 Β.
606 5083 633 5134 A
661 5086 698 5154 ⁸⁵)
718 5087 824 5154 generis
843 5085 947 5155 passivi
967 5087 1001 5140 V.
1012 5087 1047 5140 A.
1060 5117 1092 5128 -
1111 5089 1204 5156 generi
1222 5087 1330 5158 postire
1349 5089 1381 5142 B.
1402 5088 1437 5158 ”)
1457 5095 1485 5140 et
1501 5088 1534 5140 B.
1555 5087 1590 5140 V.
1609 5109 1646 5136 =
1664 5086 1698 5140 A.
1724 5069 1762 5155 ’7)
1783 5086 1877 5140 etism

501 5167 1131 5240 uV-ummuuku=m
