4036 6068
570 524 1129 584 raosrrssurnoa.
1514 533 1583 606 m

124 679 240 766 gularis
270 677 322 742 ·E·
353 675 468 742 littera
497 676 667 764 producta
696 676 893 760 terminari,
923 677 959 740 in
987 676 1111 742 eodem
1141 675 1292 743 ablativo
1326 697 1409 744 casu
1443 682 1581 744 numeri

123 781 295 867 singularis
326 779 437 844 ·BUS·
469 778 635 862 syllabam
664 780 840 866 accipiunt
870 791 903 844 ct
926 773 968 864 44)
991 779 1144 847 dativum
1168 779 1223 844 vel
1246 774 1499 866 ³⁵)'ablativnm
1524 803 1581 848 oa-

125 906 187 948 sum
210 883 347 946 numeri
370 881 514 967 pluralis
537 881 733 947 ostendunt.
1289 885 1295 894 '

197 991 272 1052 507.
296 985 548 1070 Quaecumque
569 985 712 1048 nomina
743 984 896 1049 ablativo
919 1003 1001 1048 casu
1022 986 1159 1048 nurneri
1182 985 1366 1070 singularis
1388 989 1443 1052 ·U·
1466 990 1582 1053 littera

126 1088 364 1161 terminantur,
386 1085 495 1151 *baec
517 1087 554 1150 in
577 1088 699 1151 eodem
716 1086 867 1150 ablativo
891 1105 973 1150 casu
994 1088 1130 1150 numeri
1153 1088 1337 1172 singularis
1361 1091 1455 1156 ·UM·
1479 1092 1649 1173 sylla-mr
1668 1117 1690 1152 v.

125 1191 194 1254 bam
223 1189 400 1276 accipiunt
427 1199 461 1252 et
489 1191 688 1272 genetivum
720 1209 837 1254 casum
869 1189 1006 1252 numeri
1036 1189 1180 1275 pluralis
1203 1191 1399 1257 ostendunt.
1430 1194 1476 1258 At
1496 1215 1581 1258 vero
1606 1157 1676 1208 ‘⁰¹⁹⁸'

127 1297 200 1356 haec
231 1291 350 1356 eadem
382 1291 542 1366 nomina,
574 1311 662 1376 quae
693 1291 846 1355 diriimus
875 1290 1027 1356 ablativo
1052 1312 1132 1356 casu
1160 1295 1298 1358 numeri
1319 1295 1504 1378 singularis
1527 1296 1583 1358 ·U·

127 1397 232 1459 littera
262 1393 453 1472 terminari,
476 1413 522 1456 ex
551 1392 673 1457 eodem
696 1392 857 1457 ablativo
882 1414 963 1457 casu
992 1395 1129 1458 numeri
1152 1394 1335 1478 singularis
1358 1395 1504 1460 eandem
1528 1397 1583 1459 ·U·

126 1499 264 1561 litteram
289 1498 325 1560 in
349 1495 387 1558 ·1·
412 1507 619 1560 convertunt
641 1509 674 1559 et
697 1495 807 1559 ·BUS·
831 1495 997 1576 syllabam
1020 1497 1217 1582 accipiunt,
1245 1498 1338 1562 unde
1357 1489 1400 1582 ³⁶)
1430 1497 1585 1562 dativum

127 1601 170 1665 vel
187 1593 231 1684 ³5)
254 1599 443 1663 ablativum
466 1617 584 1660 casum
606 1598 742 1660 numeri
764 1597 908 1682 pluralis
926 1589 969 1680 ³⁸)
992 1599 1189 1664 ostendunt.

201 1706 276 1766 508.
301 1693 344 1783 49)
357 1700 608 1786 Quaecumque
630 1700 773 1763 nomina
796 1699 947 1764 ablativo
972 1721 1054 1764 casu
1075 1705 1222 1764 numeri·
1235 1702 1419 1786 singularis
1442 1702 1494 1766 ·E·
1507 1722 1586 1766 cor-

129 1816 216 1890 repto
249 1804 498 1876 terminantur,
530 1801 615 1865 haec
637 1822 683 1864 ex
709 1800 832 1866 eodem
854 1801 1006 1865 ablativo
1030 1823 1111 1866 casu
1138 1805 1277 1868 numeri
1298 1805 1482 1888 singularis
1505 1823 1588 1888 eang-

128 1905 196 1970 dem
211 1897 256 1988 ⁴⁰)
279 1905 329 1967 ·E·
352 1905 502 1968 litteram
517 1894 561 1987 ⁴¹)
583 1904 750 1968 omittunt
765 1898 810 1987 44)
831 1903 887 1967 vel
910 1904 946 1967 in
961 1902 998 1965 ·l·
1013 1918 1222 1970 convertunt
1244 1919 1279 1970 et
1300 1905 1396 1970 ·UM·
1419 1905 1586 1988 syllabam

131 2007 308 2093 accipiunt,
337 2007 430 2070 unde
447 1999 492 2089 ⁴³)
515 2007 715 2091 genetivum
738 2025 855 2070 casum
884 2007 1021 2070 numeri
1042 2007 1186 2091 pluralis
1209 2009 1405 2073 ostendunt.
1435 2008 1481 2073 At
1503 2026 1587 2072 vero

131 2111 204 2172 baec
235 2108 356 2172 eadem
389 2111 549 2184 nomina,
578 2129 667 2193 qnae
698 2109 852 2172 diximus
880 2107 1031 2172 ablativo
1064 2129 1145 2172 casu
1165 2110 1303 2172 numeri
1325 2110 1510 2194 singularis
1533 2110 1627 2174 ·E·v.
1643 2121 1696 2187 att

130 2223 281 2296 correpto
304 2211 485 2274 terminari
498 2200 562 2292 44),·
589 2210 733 2274 eandem
752 2201 795 2290 ⁴⁵)
825 2210 876 2273 ·E·
892 2201 936 2292 44)
959 2210 1110 2275 litteram
1134 2213 1300 2275 omittunt
1318 2202 1381 2294 47),
1410 2211 1466 2274 vel
1488 2213 1525 2276 in
1548 2211 1587 2275 ·t·

130 2325 327 2376 convertunt
349 2304 390 2393 ⁴⁶)
414 2325 449 2375 et
477 2311 571 2376 ·UM·
595 2311 760 2393 syllabam
783 2312 978 2397 accipiunt,
1009 2313 1102 2376 unde
1125 2329 1159 2376 et
1181 2309 1223 2393 49)
1247 2314 1445 2401 genetivum
1469 2319 1618 2378 casnm·

130 2416 255 2478 numeri
286 2415 429 2501 pluralis
461 2413 658 2478 ostendunt.
684 2413 731 2477 At
760 2433 843 2477 vero
875 2415 960 2478 haee
988 2414 1108 2478 eadem
1132 2415 1291 2491 nomina,
1323 2433 1412 2498 qnae
1435 2415 1589 2478 diximus

130 2515 270 2580 ablativo
301 2537 383 2581 casu
412 2517 548 2606 numeri
577 2516 760 2600 singularis
791 2516 843 2579 ·E·
875 2528 1038 2601 correpto
1063 2516 1260 2592 terminari,
1291 2516 1376 2578 haec
1398 2535 1444 2579 ex
1466 2516 1589 2580 eodem

131 2617 270 2682 ablativo
300 2639 382 2682 casu
409 2618 546 2682 numeri
576 2617 760 2700 singularis
787 2617 932 2680 eandem
955 2612 999 2700 ⁵⁰)
1023 2617 1074 2680 ·E·
1099 2631 1295 2703 correptam
1310 2611 1353 2702 ⁵')
1376 2618 1412 2682 in
1436 2617 1591 2680 ·1·titte-

131 2739 193 2782 ram
215 2712 257 2802 ⁵²)
287 2733 494 2786 convertunt
517 2733 552 2784 et
574 2719 684 2782 ·BUS·
708 2719 874 2800 syllabam
899 2712 942 2803 ⁵³)
965 2719 1159 2805 accipiunt,
1181 2719 1274 2783 unde
1292 2707 1333 2801 ⁵⁴)
1357 2718 1513 2782 dativum
1533 2707 1590 2784 vel

130 2820 307 2887 ablativum
333 2843 450 2886 casum
473 2823 610 2886 numeri
632 2821 776 2907 pluralis
799 2820 996 2886 ostendunt.

204 2929 278 2993 509.
302 2916 346 3006 ⁵⁵)
370 2924 619 3010 Quaecumque
641 2923 784 2986 nomina
805 2922 956 2988 ablativo
972 2943 1053 2987 casu
1067 2923 1204 2986 numeri
1218 2921 1402 3006 singularis
1423 2921 1461 2984 ·1·
1475 2920 1590 2984 littera

133 3027 353 3092 terminantur
375 3039 409 3090 et
431 3039 558 3113 aptota„
572 3047 645 3090 esse
668 3045 740 3090 non
765 3026 1001 3110 reperiuntur,
1025 3028 1110 3088 haec
1133 3025 1169 3087 in
1192 3025 1316 3088 eodem
1338 3021 1489 3087 ablativo
1507 3041 1591 3084 casu

129 3131 255 3193 numeri
278 3128 463 3214 singularis
492 3127 602 3192 ·ntts·
626 3126 793 3208 syllabam
815 3127 993 3212 accipiunt
1016 3140 1050 3191 et
1072 3126 1225 3190 dativum
1248 3125 1304 3190 vel
1327 3117 1371 3206 44)
1402 3122 1591 3188 ablativum

131 3247 236 3294 casum
259 3232 396 3294 numeri
419 3230 563 3317 pluralis
586 3229 783 3294 ostendunt.

205 3336 278 3396 510.
304 3307 492 3417 Quaeritisr
505 3332 548 3396 ab
563 3353 616 3409 eo,
642 3331 737 3417 quod
753 3331 844 3396 dixit
856 3329 1033 3415 Vergilius
1046 3365 1090 3380 -
1102 3329 1250 3392 vultur
1271 3325 1442 3391 obunco
1459 3319 1503 3409 ⁵⁷)
1515 3327 1593 3410 ·)-

131 3432 245 3498 buius
275 3433 442 3497 vulturi
466 3425 510 3516 ⁸³)
538 3453 582 3498 an
605 3433 734 3496 huius
756 3433 945 3496 vulturis
969 3431 1081 3495 iacere
1104 3429 1244 3505 debeat3
1267 3430 1328 3492 sed
1351 3445 1592 3513 quaecumque

109 3525 263 3600 'nomina
285 3536 503 3600 nominativo
526 3556 607 3601 casu
629 3535 766 3598 numeri
789 3535 973 3618 singularis
997 3533 1083 3596 ·UR·
1106 3531 1231 3595 litteris
1253 3530 1481 3608 deliniuntur,
1503 3530 1591 3593 baec

129 3637 283 3716 genetivo
300 3629 344 3719 49)
368 3657 449 3702 casu
470 3639 607 3702 numeri
630 3637 814 3722 singularis
838 3635 885 3700 ·S·
908 3655 980 3700 non
1004 3636 1044 3699 ·1·
1066 3635 1181 3698 littera
1203 3632 1430 3710 definiuntur,
1454 3643 1487 3694 et
1510 3631 1590 3694 ideo

130 3736 269 3802 vultur
291 3739 419 3808 huius
441 3740 646 3817 vulturis,
669 3759 742 3804 non
763 3739 928 3803 vulturi
952 3739 1063 3801 lacere
1087 3736 1352 3800 demonstratur.

207 3843 280 3903 511.
305 3840 610 3923 Quaeriturabeo‚
634 3842 728 3926 qnod
741 3837 1279 3925 dixitVergilius-Humida
1301 3829 1591 3914 solstitia⁸)—
1644 3873 1649 3886 ·

129 3939 338 4004 nominativo
370 3963 451 4008 casu
481 3945 618 4008 numeri
646 3943 831 4028 singularis
863 3943 942 4006 hoc
971 3939 1165 4006 solstitia
1187 3931 1249 4021 ⁶⁰),
1281 3955 1325 4000 an
1347 3936 1426 4000 hoc
1449 3933 1592 3997 solsti-

125 4134 1590 4166 -—·-—..-.....„..-.-..--.--—-—-—-—-—-

163 4283 200 4355 ¹⁴)
219 4293 248 4336 44
266 4285 303 4340 V·
322 4285 359 4338 A·
378 4307 415 4334 =
432 4285 464 4339 B·
485 4285 521 4358 44)
539 4284 583 4340 rel
602 4287 634 4340 Β.
655 4287 691 4342 V.
711 4287 743 4342 P.
761 4319 797 4328 -
816 4294 844 4340 et
861 4288 897 4341 A.
918 4285 954 4356 44)
974 4281 1048 4336 nude
1067 4283 1099 4337 B.
1121 4281 1157 4336 V.
1177 4311 1212 4324 —
1231 4287 1259 4332 et
1276 4277 1314 4333 A.
1335 4277 1371 4350 47)
1390 4273 1433 4330 rel
1451 4277 1483 4328 B.
1501 4275 1538 4331 V.
1556 4303 1593 4318 ·-
1650 4281 1658 4296 “

225 4379 253 4424 ‘t
269 4371 306 4424 A·
328 4373 363 4443 ⁸⁸)
382 4374 488 4426 ”umeri
506 4371 620 4444 pluralia
639 4373 672 4428 B.
693 4374 729 4430 V.
749 4376 780 4431 P.
799 4370 973 4445 -plurales
992 4371 1027 4426 A.
1056 4372 1092 4444 ⁸⁹)
1114 4371 1200 4424 Tetus
1220 4369 1242 4440 §-
1260 4391 1296 4419 =
1315 4371 1344 4420 itt
1362 4366 1397 4420 A.
1420 4365 1458 4434 ⁴⁰)
1477 4359 1592 4414 eandem

226 4459 257 4512 Β·
278 4459 314 4514 V·
333 4489 369 4502 -
388 4457 511 4514 “tndem
529 4463 561 4515 P.
582 4463 619 4533 ⁴¹)
638 4460 758 4515 litteram
777 4461 813 4516 V.
833 4462 864 4513 P.
883 4489 919 4504 -
936 4457 1027 4512 littera
1046 4459 1078 4514 Β.
1099 4460 1134 4529 44)
1154 4456 1287 4510 omittunt
1303 4455 1335 4506 B.
1356 4451 1392 4506 V.
1411 4449 1593 4501 -amittunt

226 4545 258 4600 P·
284 4547 321 4616 4’)
341 4545 419 4600 ·Ultt·
434 4585 509 4603 .....
529 4545 604 4601 nude
622 4551 654 4602 B.
672 4573 709 4600 =
726 4551 758 4603 P.
785 4550 820 4620 44)
840 4547 881 4600 ·E·
901 4555 1029 4618 correpto
1049 4543 1188 4600 terminari
1206 4543 1238 4597 Β.
1257 4563 1294 4590 =
1310 4541 1343 4592 P.
1370 4539 1406 4608 44)
1426 4533 1540 4587 eandem
1558 4535 1591 4586 B.

225 4660 262 4675 —
279 4631 404 4708 eamdem
422 4637 453 4688 P.
474 4637 509 4704 44)
530 4637 570 4688 ·Ε·
589 4639 621 4690 Β.
640 4661 676 4687 =
693 4639 726 4690 P.
745 4637 780 4708 ⁴⁷)
800 4635 932 4689 omittunt
949 4635 981 4686 B.
1000 4665 1036 4675 -
1054 4633 1184 4685 amittunt
1202 4631 1232 4682 P.
1254 4627 1290 4700 44)
1311 4625 1388 4680 ·ῦΜ·
1407 4619 1539 4692 syllabam
1556 4657 1563 4672 .
1582 4658 1591 4674 .

307 4761 314 4774 .
342 4702 506 4776 convertunt
530 4727 562 4778 B.
591 4727 622 4781 P.
648 4749 685 4776 =
713 4725 749 4780 V.
774 4725 809 4795 49)
829 4731 857 4774 et
877 4723 959 4776 V.=
973 4723 1005 4774 B.
1022 4722 1052 4773 P.
1073 4721 1111 4791 ⁸⁰)
1131 4715 1245 4769 candem
1264 4715 1301 4770 V.
1321 4713 1351 4766 P.
1369 4742 1406 4752 -
1423 4707 1541 4760 eundem
1558 4709 1591 4761 B.

226 4807 264 4877 ⁸¹)
283 4819 435 4880 correpunt
456 4811 488 4866 V
486 4851 493 4864 .
513 4813 542 4865 P.
562 4843 597 4854 -
616 4821 776 4884 corruptum
793 4811 826 4864 B.
847 4810 881 4881 ⁵¹)
901 4807 1020 4860 litteram
1040 4807 1076 4862 V.
1098 4807 1128 4860 P.
1147 4833 1183 4845 -
1199 4801 1291 4854 littera
1309 4800 1342 4852 B.
1358 4799 1393 4869 44)
1412 4791 1545 4866 syllabam
1554 4793 1591 4848 V.

227 4895 259 4948 Ρ·
277 4927 313 4936 -
330 4894 436 4966 ulbb·
454 4901 485 4952 B.
507 4899 541 4970 ⁸⁴)
561 4898 636 4951 unse
656 4900 691 4955 V.
711 4902 788 4953 rt-
806 4892 900 4950 tuma.
919 4897 950 4950 n.
967 4897 1002 4966 ³⁵)
1022 4895 1114 4946 risam
1129 4892 1172 4944 ts.
1188 4890 1212 4960 ς.
1230 4911 1267 4938 -.-
1284 4892 1314 4940 a
1329 4885 1367 4940 Α.
1393 4885 1429 4957 ⁵⁶)
1447 4879 1491 4935 ver
1509 4883 1542 4936 a.
1560 4882 1591 4934 r.

225 5011 261 5026 ··
279 4991 307 5036 44
326 4985 363 5039 V·
381 4984 418 5057 ⁵’)
437 4983 547 5040 obunco
565 4989 598 5040 Β.
618 4987 653 5043 V.
672 4990 704 5041 P.
723 5020 759 5028 —
777 4983 875 5038 inbuto
894 4985 931 5038 A.
949 4985 986 5057 44)
1005 4979 1106 5035 vulturi
1126 4979 1159 5034 Β.
1179 4978 1215 5034 V.
1234 5005 1269 5017 -
1286 4971 1380 5029 vultur
1397 4973 1434 5026 A.
1454 4971 1488 5044 49)
1507 4986 1593 5041 geue-

226 5069 281 5124 tiro
301 5073 332 5126 B.
354 5073 391 5128 V.
419 5103 455 5116 ·-
473 5075 503 5128 iu
521 5075 648 5146 genetivo
666 5075 705 5130 A.
732 5076 770 5148 49)
789 5072 911 5127 solstitiu
929 5073 961 5125 B.
982 5070 1019 5125 V.
1041 5099 1072 5112 -
1100 5065 1250 5121 solstitium
1268 5061 1305 5116 A.
1380 5055 1383 5062 ’

163 5190 196 5262 .)
228 5190 303 5262 vag.
323 5195 389 5248 res.
409 5196 456 5248 vr.
474 5203 535 5257 sss.
554 5199 581 5271 t)
601 5197 676 5268 vag.
697 5169 800 5269 cisra.
819 5197 840 5248 1.
864 5199 922 5254 100.
