4042 6070
534 503 681 563 serron
700 503 1031 566 cmumrrcssuu
1047 505 1157 564 srenn
1176 506 1211 562 11.
1561 513 1610 584 ‚73

224 651 377 738 llippius
392 651 560 717 tertiaeet
577 651 718 740 hippius
736 651 1265 742 semotum-dilexerant
1289 657 1534 744 Caepiones
1549 659 1605 741 ¹¹),

221 744 545 840 praedonios’³)
567 743 813 822 vindicasti.

224 855 365 920 lonicus
388 855 501 920 maior
523 867 557 920 et
577 855 714 922 ionicus
737 859 918 924 minor-
938 860 1142 943 contagia
1164 857 1409 927 doluerunt.

225 957 366 1020 lonicus
389 957 505 1020 minor
527 971 561 1020 et
583 957 868 1023 ditrochaeus-
890 959 1113 1048 depellere
1135 961 1386 1027 castitatem.
1448 1023 1454 1034 ,
1596 1038 1599 1044 ,

224 1059 343 1122 Paeon
365 1059 499 1144 primus
522 1071 557 1122 et
578 1059 720 1146 hippius
743 1074 886 1146 quartus
907 1099 951 1112 -
972 1063 1171 1148 decipere
1194 1062 1520 1130 contendebant.

224 1159 342 1224 Paeon
365 1159 537 1226 secundus
560 1161 828 1248 etdispondeua
848 1165 1115 1253 -pericula
1137 1163 1339 1232 devitavi.

222 1259 424 1327 'l'rochaeus
447 1276 482 1327 et
503 1263 668 1328 bacchius
692 1285 711 1328 s
733 1263 904 1352 longa-
925 1288 1039 1332 sume
1062 1267 1284 1353 deceptum
1301 1259 1354 1349 ²⁴).

220 1361 433 1446 Tribrachys
456 1377 490 1428 et
512 1365 732 1431 ditrochaeus
753 1405 797 1416 —
820 1366 1018 1434 Cererem
1042 1368 1304 1434 decertamus.

225 1467 298 1532 191.
336 1465 406 1529 llas
435 1466 576 1551 quidem
606 1487 626 1531 a
657 1468 759 1533 nobis
787 1483 940 1558 repertas
973 1482 1163 1536 structuras
1200 1468 1477 1556 composuimus,
1511 1489 1604 1532 nunc
1627 1489 1702 1556 (squ.)

146 1565 270 1650 aliquae
299 1566 393 1630 Tulli
423 1587 692 1656 componamus,
723 1591 811 1658 quae
840 1573 976 1660 possint
1006 1573 1182 1639 auditores
1210 1567 1321 1636 nostri
1350 1571 1519 1658 temporie
1547 1570 1604 1635 de-

146 1665 278 1734 lectare.

218 1769 486 1856 Amphimacrns
510 1782 543 1835 et
564 1773 773 1858 antispastus
795 1811 837 1828 -
859 1775 1046 1840 maxime
1067 1773 1271 1841 laborare
1293 1774 1335 1857 ⁶).

218 1870 390 1934 Bacchius
420 1893 440 1934 a
465 1872 571 1958 longa
602 1885 636 1938 et
663 1894 778 1964 paeon
804 1876 927 1940 tertius
956 1914 1000 1926 -
1025 1876 1259 1964 pudentem
1289 1879 1450 1940 exitum
1478 1894 1607 1961 quae-

220 1971 327 2034 sisse
349 1973 556 2038 videatur.
1603 1995 1609 2007 “

219 2071 420 2138 Trochaeus
451 2087 486 2138 et
511 2073 677 2141 bacchius
708 2097 728 2142 a
755 2077 861 2162 longa
883 2115 925 2126 -
947 2078 1090 2142 securi
1117 2097 1208 2143 esse
1231 2097 1499 2164 percussum
1522 2079 1605 2142 iste

219 2188 416 2252 vexarat3
440 2188 551 2241 stare
573 2197 658 2241 non
680 2199 807 2262 posse
823 2179 869 2262 ⁵).

220 2274 537 2342 Proceleumaticus
560 2291 594 2342 et
616 2279 836 2346 ditrochaeus
863 2317 905 2329 -
927 2281 1039 2346 scire
1062 2279 1294 2346 voluerunt
1315 2277 1505 2366 Populus
1527 2277 1606 2342 llo·

220 2397 366 2442 manus
388 2379 579 2443 voluerit
599 2379 836 2448 vindicare.
1106 2447 1109 2454 .

219 2478 393 2542 Bacchius
416 2500 437 2542 a
458 2478 563 2564 longa
586 2493 620 2544 et
641 2482 812 2548 molossus
834 2520 878 2535 -
899 2504 1088 2566 causamque
1110 2485 1264 2564 cognovit.

221 2578 421 2644 Trocbaeus
444 2593 478 2644 et
501 2581 671 2646 molossus
693 2585 852 2672 -ipsa
874 2583 1048 2669 delegit.

219 2680 498 2767 Amphibrachys
521 2696 554 2746 et
576 2683 747 2748 molossus
768 2722 812 2734 —
833 2685 1014 2773 probare
1037 2683 1248 2750 deberent
1265 2687 1308 2769 θ).

219 2781 439 2868 Autispaetus
462 2796 496 2848 et
517 2783 683 2849 bacchius
706 2807 726 2850 a
747 2785 918 2870 longa-
937 2786 1161 2850 voluntate
1185 2789 1418 2853 concedam
1435 2787 1478 2872 d).

222 2881 454 2948 Cboriambus
477 2899 511 2950 et
534 2886 754 2952 ditrochaeus
775 2924 820 2938 -
841 2887 1020 2972 iugenio
1044 2886 1260 2953 sustinere
1275 2892 1320 2974 ⁴).

220 2984 386 3066 Dactylus
410 2999 443 3049 et
466 2988 673 3074 antispastus
695 3025 738 3040 -
761 3009 938 3076 corpore
960 2987 1307 3074 perhorrescet).

222 3083 237 3114 ⁴*
260 3085 378 3149 Paeon
400 3089 533 3173 primus
557 3101 590 3152 et
613 3089 832 3154 ditrochaeus
854 3090 1126 3153 -iudicium
1150 3090 1441 3176 sustinebtts).
1611 3111 1710 3173 rerer.

220 3186 390 3250 Bacchius
414 3209 434 3252 a
455 3189 561 3274 longa
584 3203 613 3254 et
634 3195 782 3254 mobssus
805 3227 849 3244 -
870 3191 1147 3276 subscriptor
1168 3188 1418 3280 addaturl).

219 3287 403 3377 Diiambus
427 3303 461 3356 et
481 3293 622 3377 hippius
646 3275 817 3356 secundus
839 3330 881 3340 —
903 3293 1062 3356 iniuria
1085 3293 1346 3356 commoveri
1365 3292 1404 3374 Ι’).

220 3387 428 3472 Tribrachys
459 3405 493 3456 et
522 3394 662 3480 hippius
691 3407 835 3478 quartus
864 3393 1050 3458 -cuius
1080 3405 1284 3477 quaestor
1313 3391 1445 3458 tueris
1468 3389 1511 3478 ¹⁵)
1539 3417 1603 3460 ac-

223 3491 429 3575 cusare*l

222 3590 384 3673 Dactylus
408 3607 441 3657 et
463 3595 603 3682 hippius
627 3609 767 3682 quartus
789 3594 1089 3682 -procellam
1113 3597 1320 3682 temporis
1343 3596 1536 3660 devitare
1560 3595 1600 3677 ¹).

225 3692 360 3757 lambos
384 3707 417 3758 et
439 3696 660 3761 ditrochaeus
683 3733 723 3749 -
747 3697 823 3762 diu
845 3696 1117 3760 machinatur
1131 3699 1176 3781 ⁸).

222 3791 451 3862 Choriambus
474 3810 508 3861 et
529 3819 643 3886 paeon
666 3797 786 3863 tertius
810 3833 848 3848 -
873 3798 1092 3883 composui
1115 3799 1324 3863 rationem
1343 3801 1382 3882 ⁸).

185 4251 221 4322 ¹⁸)
240 4253 361 4325 Hippius
389 4256 487 4310 tertius
512 4265 540 4311 et
564 4257 676 4330 hippius
702 4255 842 4310 secundus
865 4289 902 4299 -
924 4256 1044 4328 Hippius
1068 4252 1208 4309 secundus
1235 4265 1264 4310 et
1280 4253 1394 4328 hippius
1414 4257 1512 4310 tertius
1534 4258 1601 4312 cod.

243 4345 278 4409 n)
298 4341 453 4412 Caepiones
471 4373 508 4386 -
526 4345 656 4416 cepiones
669 4346 736 4399 ced.
757 4349 793 4414 ¹¹)
807 4341 974 4416 praedonios
988 4374 1024 4384 -
1041 4341 1195 4415 praedones
1213 4344 1279 4396 Ccd.
1299 4343 1335 4415 ²⁴)
1347 4361 1424 4396 some
1444 4342 1601 4414 deceptura.

240 4427 285 4480 Ita
306 4431 391 4496 Ccd.,·
410 4433 554 4502 legendum
574 4433 694 4486 videtur:
714 4429 870 4499 decretum
889 4433 939 4500 cfr.
958 4431 1038 4485 Prot.
1061 4429 1139 4485 Ceth.
1160 4431 1198 4501 ¹⁵)
1218 4429 1296 4482 cuius
1316 4437 1447 4502 quaestor
1464 4429 1549 4482 sooria
1566 4457 1603 4472 ·-

242 4511 320 4568 caedi
339 4527 468 4587 quaestor
485 4518 569 4574 suerit
589 4521 657 4574 cet.

188 4705 217 4768 a)
250 4701 312 4758 Dir.
339 4701 370 4755 in
395 4705 508 4760 Verrena
531 4713 568 4772 3,
595 4713 637 4766 10.
665 4703 715 4760 ubi
739 4704 856 4777 legitote
891 4704 1006 4757 muime
1030 4699 1164 4758 laborant.
1200 4703 1226 4772 d)
1252 4701 1312 4756 Cic.
1331 4701 1360 4754 in
1379 4700 1457 4754 Verr.
1475 4701 1537 4754 Act.
1563 4699 1601 4756 11.

242 4785 291 4841 lib·
316 4789 330 4841 1
361 4797 394 4855 l,
418 4799 445 4850 2
472 4796 498 4863 c)
524 4794 583 4848 Cic.
603 4795 633 4847 iu
652 4795 745 4848 Piscn.
764 4799 798 4857 6,
824 4794 911 4864 rud)
932 4793 991 4846 cie.
1011 4792 1075 4844 Dir.
1094 4791 1124 4842 iu
1142 4791 1223 4843 verr.
1242 4793 1274 4851 6,
1292 4793 1336 4846 20.
1364 4789 1389 4858 e)
1410 4786 1602 4842 cleptein

241 4875 318 4930 Vm·
339 4884 387 4941 13,
404 4884 450 4938 dl·
475 4884 516 4952 s)
544 4881 604 4938 cte.
629 4881 692 4935 Dir.
712 4881 741 4933 in
760 4882 838 4935 Verr.
859 4886 909 4944 12,
928 4885 971 4938 37.
996 4878 1028 4950 3)
1049 4877 1108 4931 Cic.
1127 4877 1190 4930 Dir.
1210 4875 1240 4927 in
1258 4876 1337 4930 Verr.
1359 4875 1520 4946 13,41.1ι)
1541 4877 1600 4930 Cic.

242 4961 302 5016 nte.
329 4965 361 5016 ira
383 4965 461 5020 Verr.
488 4973 538 5032 15,
561 4973 605 5028 48.
633 4972 653 5040 i)
675 4967 735 5024 cic.
755 4967 819 5022 Dir.
838 4969 867 5020 iu
885 4967 963 5021 Verr.
984 4970 1035 5028 16,
1061 4969 1105 5024 50.
1133 4965 1161 5034 l)
1181 4963 1240 5017 Cio.
1260 4963 1323 5016 Dir.
1343 4961 1373 5015 itt
1391 4962 1469 5018 Verr.
1489 4968 1539 5026 20,
1557 4967 1601 5024 64.

242 5051 264 5119 l)
293 5050 352 5116 Cic.
372 5052 435 5106 Dir.
455 5054 484 5108 iu
501 5056 578 5111 Vere.
598 5061 650 5124 20,
668 5055 712 5116 65.
739 5057 777 5127 m)
796 5054 856 5109 Cic.
876 5053 1002 5108 iuvere.
1022 5053 1082 5104 Act.
1102 5051 1124 5104 1.
1143 5057 1178 5115 3,
1200 5053 1227 5108 8.
1265 5055 1295 5120 o)
1315 5049 1376 5105 Cic.
1395 5049 1425 5102 iu
1443 5050 1522 5106 Verr.
1540 5052 1601 5104 Act.

246 5135 266 5188 1·
284 5141 319 5202 6,
339 5143 381 5196 ts.
