4050 6064
495 515 761 574 snnvros
798 517 1251 580 onrrusnrsos.
1541 531 1609 602 m

148 669 242 744 attur,
263 675 303 732 ut
319 663 428 729 alias
443 657 506 746 ⁵¹);
529 663 629 727 aliter
644 663 821 728 breviatur
837 658 892 746 ⁵²),
915 678 954 730 ut
975 668 1123 752 magis.
1146 667 1392 735 Producuntur
1404 683 1519 736 autem
1541 673 1607 752 ·Α·,

144 783 180 834 ut
199 788 296 845 una;
320 767 389 844 ·U·‚
410 777 450 829 ut
470 777 618 843 noctu;
640 763 707 842 ·C·‚
729 777 769 829 ut
790 766 913 832 illue.
934 765 1108 834 Adverhia
1126 783 1241 834 autem
1264 773 1503 858 monosyllaba
1523 797 1608 861 pro-

144 869 298 936 ducenda
320 881 416 948 sunt,
438 879 479 930 ut
499 867 599 944 huo;
620 867 677 931 vel
700 887 789 953 quae
811 889 858 932 ex
878 869 932 934 bis
949 859 993 956 ⁵³)
1015 871 1119 950 fiunt,
1147 872 1334 954 utilius,
1363 876 1519 964 exceptis
1540 876 1608 942 bis

143 987 175 1038 ei
195 986 274 1037 ier.

224 1195 256 1261 9.
270 1187 336 1255 DE
358 1185 731 1254 CONIUNCTIONE
748 1183 804 1274 57).
830 1188 964 1255 Omnes
986 1189 1056 1256 lere
1071 1184 1115 1276 ⁵⁵)
1132 1193 1394 1263 oouiunotiones
1412 1197 1610 1285 corripiun-

142 1308 212 1372 tur,
236 1293 297 1357 sed
314 1284 359 1376 56)
383 1311 471 1376 quae
493 1290 544 1354 Ἀ·
568 1305 602 1355 et
624 1292 662 1355 ·1·
685 1293 932 1368 terminantur,
955 1293 1213 1378 producuntur,
1238 1312 1387 1385 excepto
1409 1301 1484 1377 ita,
1513 1302 1610 1386 quia

142 1409 175 1460 et
194 1387 348 1477 nisi⁵⁷).
373 1393 460 1457 ltem
483 1413 572 1478 quae
595 1395 631 1458 in
655 1395 709 1460 ·N·
732 1393 895 1458 desinunt
909 1387 971 1479 ⁵⁸),
995 1397 1025 1459 si
1046 1409 1125 1460 ante
1147 1418 1223 1463 eam
1247 1399 1285 1462 ·1·
1309 1401 1503 1481 habuerint,
1526 1423 1611 1488 pro-

140 1498 330 1572 ducuntur,
351 1507 391 1558 ut
413 1495 492 1560 siu.
1346 1515 1349 1526 ·

230 1720 280 1782 10.
303 1714 368 1780 DE
392 1709 843 1798 Punuuostrlortnn).
865 1711 1149 1805 Aeousativae⁶⁰)
1171 1723 1458 1808 praepositiones,
1481 1723 1612 1809 absque

141 1820 195 1882 lais
217 1837 307 1903 quae
330 1818 367 1880 in
389 1816 440 1880 Ἀ·
473 1830 602 1879 exeunt
620 1810 679 1899 6“),
703 1829 738 1880 et
758 1835 827 1878 una
848 1819 1089 1899 monosyllaba
1103 1814 1148 1904 6·)
1172 1823 1249 1898 eis‚·
1269 1823 1480 1888 breviantur.
1502 1825 1611 1908 Abla-

139 1918 231 1983 tivae
258 1939 341 1983 vero
368 1918 449 1982 illae
479 1918 605 2002 longae
638 1930 719 1980 sunt
742 1917 1002 1998 monosyllabae
1025 1913 1087 2003 ⁶³),
1118 1943 1207 2006 quae
1236 1939 1295 1988 aut
1324 1926 1503 1990 vocalibus
1527 1947 1612 1990 eon-

140 2033 234 2084 stant
254 2013 317 2103 67),
346 2033 386 2084 ut
413 2041 452 2096 a;
480 2032 539 2083 aut
568 2017 747 2084 vocalibus
777 2021 1019 2097 terminantur,
1048 2033 1088 2084 ut
1117 2023 1175 2086 de.
1205 2025 1275 2090 Sed
1301 2029 1482 2112 utriusque
1514 2048 1612 2092 casus

138 2122 419 2208 praepositiones
434 2139 555 2184 omnes
570 2119 693 2184 breves
716 2139 801 2197 esse,
825 2139 896 2183 non
919 2120 1062 2184 dubium
1086 2135 1147 2186 est.
1173 2124 1257 2188 ΒΕ·
1280 2140 1395 2190 autem
1414 2123 1458 2211 ⁶⁵)
1481 2127 1612 2213 ubique

137 2223 337 2299 breviatur,
365 2234 404 2286 ut
432 2223 616 2285 remitto
640 2215 704 2303 66);
735 2234 884 2306 excepto
914 2243 993 2286 oum
1021 2223 1155 2287 refert
1175 2218 1239 2306 67),
1269 2229 1389 2306 distat,
1422 2229 1612 2312 signifieat,

137 2336 179 2387 ut
203 2338 255 2389 est
277 2323 364 2388 illud
385 2317 430 2406 68)
457 2359 503 2419 '''.
528 2323 765 2386 Praeterea
789 2316 834 2405 67)
863 2323 945 2385 iarn
973 2344 1053 2388 neo
1080 2329 1244 2390 mutari
1269 2332 1312 2412 ⁷⁰)
1341 2329 1499 2416 pabula
1521 2332 1552 2415 7)
1570 2367 1613 2378 ·-

137 2437 175 2488 et
199 2445 272 2490 uno
295 2423 403 2488 verbo
429 2427 491 2508 7·),
523 2424 683 2501 teloio,
706 2435 747 2486 ut
767 2459 810 2471 -
831 2423 964 2488 Reice
986 2425 1048 2509 ⁷¹),
1071 2445 1124 2491 ue
1155 2430 1335 2495 maculis
1357 2425 1614 2517 i'nlusoet⁷³)

136 2526 311 2590 vellera
331 2525 471 2611 pullis
491 2525 749 2592 Nascentum
772 2513 815 2609 ⁷⁴)
852 2528 880 2608 ).
948 2551 952 2558 ’

223 2747 273 2808 ll.
294 2743 360 2808 DE
380 2738 825 2827 INTEfflEcTtoNEu).
848 2743 982 2809 Omnes
1001 2745 1277 2827 interiectiones,
1302 2750 1332 2812 si
1355 2747 1615 2829 monosyllabae

138 2845 275 2910 luserint
295 2846 557 2932 producuntur,
579 2859 619 2910 ut
640 2849 731 2909 beu.
755 2844 899 2909 Ceterae
915 2839 958 2928 76)
980 2866 1064 2910 vero
1087 2851 1250 2937 exemplo
1276 2851 1440 2914 similium
1463 2849 1615 2934 partium
1638 2896 1644 2906 .

137 2949 314 3013 orationis
337 2947 587 3013 existimandae
604 2949 648 3033 ⁷⁷)
672 2959 769 3030 sunt,
791 2959 829 3010 ut
851 2967 989 3033 papae
1008 2940 1061 3031 78).
1085 2949 1180 3013 Haeo
1198 2953 1241 3034 ⁷⁹)
1265 2952 1301 3013 in
1323 2949 1485 3015 omnibus
1506 2949 1615 3035 parti-

185 3351 226 3419 ⁵¹)
252 3348 318 3404 aliu
336 3351 369 3404 B.
387 3352 426 3405 D.
447 3349 482 3404 A.
501 3349 533 3402 P.
551 3375 589 3393 ·-
605 3345 673 3401 iliss
692 3363 751 3400 ortt
769 3347 820 3400 Ρη.
840 3345 876 3414 77)
896 3343 1035 3400 breviatur
1051 3347 1087 3400 A.
1112 3349 1151 3402 D.
1168 3349 1201 3402 Β.
1229 3349 1288 3417 (red
1304 3349 1458 3422 rplabnate
1475 3347 1616 3424 brerstur)

252 3439 284 3492 Ρ.
302 3469 339 3480 ·-
356 3431 584 3492 breviantur'Pu.
604 3437 639 3504 77)
658 3433 702 3487 bit
721 3434 753 3489 Β.
771 3435 810 3488 D.
828 3435 859 3486 Ρ.
879 3434 930 3486 Ρη.
947 3461 985 3474 -
1001 3431 1057 3485 illis
1074 3435 1112 3488 A.
1133 3437 1170 3507 ⁵⁴)
1189 3437 1232 3489 De
1251 3438 1448 3506 coniuratione
1465 3438 1498 3491 Β.
1516 3439 1552 3492 D.
1561 3441 1615 3494 Ρη.

251 3553 288 3567 -
305 3524 349 3578 De
368 3520 611 3578 ooniuuotionibus
629 3525 660 3576 P.
689 3523 726 3592 77)
744 3521 802 3573 lere
819 3520 852 3573 Β.
870 3521 903 3573 P.
920 3551 957 3562 -
974 3520 1062 3572 ferere
1083 3523 1116 3574 D.
1135 3553 1171 3564 -
1188 3541 1252 3576 vero
1271 3523 1306 3576 A.
1318 3525 1369 3576 Ρη
1395 3525 1430 3594 77)
1450 3522 1508 3578 sed
1525 3527 1557 3578 tt.
1576 3528 1615 3580 D.

253 3613 286 3666 Ρ.
304 3613 355 3666 Ρη.
373 3633 410 3661 =
434 3611 473 3666 A.
500 3611 537 3679 77)
561 3614 677 3680 excepto
703 3608 742 3662 its
767 3607 831 3678 quia
855 3615 884 3659 et
901 3606 955 3658 uisi
973 3608 1007 3663 Β.
1026 3610 1063 3660 D.
1081 3610 1113 3661 P.
1131 3640 1168 3652 -
1186 3627 1209 3661 e.
1226 3611 1245 3662 i.
1265 3621 1294 3664 et
1312 3629 1338 3681 q.
1358 3619 1388 3664 et
1404 3626 1432 3662 u.
1450 3613 1502 3666 Ρη.
1520 3637 1558 3663 =
1574 3613 1613 3668 A.

253 3699 293 3771 ⁵¹)
311 3695 444 3751 desinunt
460 3699 498 3752 D.
507 3696 544 3749 A.
564 3697 595 3748 P.
614 3698 709 3749 Ρη.-
724 3693 864 3750 dissinunt
880 3696 913 3747 Β.
929 3695 964 3764 77)
984 3693 1028 3747 De
1042 3697 1247 3767 praepositione
1262 3699 1294 3752 Β.
1314 3699 1375 3764 (sed
1386 3699 1617 3770 praepossitione,

253 3790 379 3860 quamuis
403 3804 468 3838 mox
490 3783 725 3854 praepositiones)
751 3784 789 3835 D.
808 3783 860 3835 Ρη.
879 3811 915 3823 -
932 3781 977 3833 De
995 3781 1251 3853 praepositionibus
1268 3787 1303 3838 P.
1326 3784 1362 3856 ⁸⁰)
1381 3785 1559 3838 recussum
1577 3786 1616 3840 D.

209 3867 216 3878 ’
254 3873 292 3928 A.
312 3873 345 3927 Β.
365 3873 425 3942 (sed
442 3865 638 3938 accesserim)
656 3871 690 3923 P.
709 3897 744 3912 ·-
762 3869 931 3922 aecusativus
949 3887 1013 3922 vero
1032 3855 1083 3922 Ρη.
1109 3873 1146 3940 77)
1166 3881 1267 3925 exeunt
1285 3873 1316 3926 Β.
1337 3873 1374 3926 D.
1393 3871 1430 3924 A.
1449 3873 1482 3924 P.
1508 3901 1543 3914 ·-
1570 3889 1617 3924 ex-

255 3967 323 4012 sunt
335 3959 443 4012 utcitra
462 3965 558 4010 eontra
576 3955 646 4009 ultra
664 3959 717 4010 Ρη.
735 3957 772 4025 77)
791 3972 844 4006 una
861 3953 1051 4026 monosyllaba
1069 3957 1106 4010 D.
1125 3958 1162 4011 A.
1174 3959 1205 4010 Ρ.
1224 3958 1274 4012 Ρη.
1293 3989 1329 4000 -
1346 3975 1402 4010 uno
1421 3957 1618 4012 monotsillaba

256 4047 319 4119 (ria)
338 4047 371 4100 B.
399 4044 435 4116 υ)
454 4042 518 4098 illae
536 4042 633 4114 longae
653 4054 717 4097 sunt
734 4040 940 4112 monosyllabae
965 4044 1001 4098 D.
1021 4063 1055 4098 ex
1073 4063 1124 4097 em.
1142 4064 1186 4114 pr.
1205 4063 1241 4098 m.
1267 4045 1319 4099 Ρη.
1337 4042 1454 4097 -illas
1473 4044 1617 4115 monosyl-

254 4131 334 4186 labas
358 4131 456 4202 longae
481 4140 547 4184 sunt
570 4134 602 4185 P.
628 4162 663 4173 -
687 4128 735 4182 itte
758 4127 942 4183 monosillsbe
968 4129 1015 4182 ille
1040 4128 1121 4201 longe
1147 4139 1212 4184 sunt
1228 4130 1265 4185 A.
1284 4162 1320 4172 -
1342 4127 1407 4184 illae
1424 4130 1535 4202 ignotae
1553 4141 1620 4186 sunt

254 4218 459 4289 monosyllabae
477 4221 515 4273 D.
534 4239 553 4272 a
569 4238 613 4288 pr.
632 4237 667 4270 m.
687 4217 725 4288 ⁶⁴)
745 4223 873 4270 constant
889 4218 921 4268 Β.
940 4218 978 4268 D.
997 4217 1036 4269 Ρ.“
1048 4218 1100 4270 Ρη.
1119 4243 1158 4258 -·
1172 4225 1220 4269 aut
1237 4217 1302 4287 (sie)
1317 4217 1353 4270 A.
1373 4220 1409 4289 ⁸⁵)
1429 4225 1519 4271 autern
1536 4221 1569 4273 B.
1580 4221 1619 4274 D.

255 4310 288 4361 P.
307 4310 357 4361 Ρη.
379 4337 416 4349 -
433 4305 484 4358 beo
502 4307 539 4359 A.
556 4306 594 4376 ⁶⁸)
613 4304 723 4358 remitto
741 4304 778 4357 D.
797 4303 833 4356 A.
852 4305 885 4358 P.
904 4306 956 4358 Ρη.
974 4333 1010 4344 -
1029 4303 1125 4356 remito
1144 4306 1176 4356 Β.
1196 4305 1233 4375 77)
1253 4305 1335 4359 refert
1352 4307 1391 4360 D.
1410 4307 1447 4360 A.
1466 4309 1497 4360 P.
1516 4309 1567 4360 Ρη.
1585 4337 1620 4350 -

148 4433 153 4442 .
257 4375 351 4448 rell'eri
373 4395 407 4448 Β.
434 4395 471 4463 ⁶¹)
495 4390 567 4444 illud
591 4391 624 4444 B.
649 4393 686 4444 D.
705 4391 742 4444 A.
760 4419 796 4431 -
813 4388 872 4443 illie
889 4392 941 4444 Ρη.
960 4417 996 4432 -
1012 4387 1085 4441 illud
1103 4390 1161 4444 Vir.
1180 4392 1212 4445 P.
1239 4393 1275 4462 ⁶⁹)
1294 4393 1437 4446 Praeterea
1455 4393 1509 4444 iant
1527 4395 1559 4446 Β.
1577 4397 1618 4460 D.

256 4483 352 4534 Prs=
369 4483 399 4534 P.
419 4511 455 4523 -
472 4479 527 4532 iarn
546 4479 596 4550 (=
618 4477 771 4549 praeterea)
789 4477 826 4529 A.
856 4477 894 4548 ⁷⁰)
918 4477 1019 4528 murari
1038 4479 1074 4529 D.
1093 4477 1131 4532 A.
1149 4479 1180 4530 Ρ.
1208 4480 1258 4531 Ρη.
1277 4510 1312 4519 -
1331 4480 1429 4533 motari
1447 4481 1479 4532 Β.
1508 4485 1544 4551 77)
1564 4498 1620 4533 uno

256 4565 340 4624 verbo
366 4569 403 4622 A.
430 4570 463 4621 P.
487 4568 539 4619 Ρη.
565 4593 602 4606 -
624 4580 709 4614 unum
734 4561 848 4618 rerbnrn
872 4565 909 4616 D.
935 4565 967 4616 Β.
994 4562 1030 4632 77)
1050 4564 1132 4616 Reice
1150 4565 1182 4616 Β.
1202 4565 1239 4618 D.
1256 4583 1275 4617 η
1292 4584 1336 4637 pr.
1356 4583 1390 4617 m.
1409 4565 1446 4617 A.
1464 4568 1496 4618 P.
1514 4568 1566 4618 Ρη.
1585 4597 1621 4607 ·-

259 4655 331 4708 reies
354 4659 425 4708 inter
447 4655 458 4706 i
484 4667 511 4706 et
537 4670 553 4703 c
577 4653 760 4722 superscripto
779 4664 794 4699 e
811 4650 847 4702 D.
868 4668 903 4702 ex
921 4667 972 4702 em.
992 4651 1077 4701 eistad.
1096 4669 1132 4702 m.
1157 4653 1193 4721 ⁷³)
1212 4649 1334 4702 infuscet
1351 4653 1383 4703 Β.
1402 4653 1439 4703 D.
1458 4652 1494 4705 A.
1514 4653 1566 4704 Ρη.
1584 4683 1620 4694 -

259 4743 399 4795 infuscent
415 4743 448 4796 P.
474 4742 510 4812 ⁷⁴)
529 4739 699 4794 Nascentum
716 4738 752 4788 D.
771 4736 803 4787 Ρ.
821 4735 873 4788 Ρη.
891 4766 928 4776 -
944 4733 1125 4787 Nascentiurn
1141 4737 1176 4790 Β.
1194 4758 1231 4785 .-..
1248 4737 1285 4790 A.
1310 4739 1346 4806 ²⁵)
1365 4738 1409 4790 oe
1427 4737 1620 4791 interiectione

259 4830 293 4884 Β.
313 4832 350 4882 D.
368 4830 419 4883 Ρη.
437 4858 474 4868 -
499 4827 543 4879 De
568 4819 811 4878 interiectionibus
829 4823 861 4874 P.
880 4843 916 4869 =
933 4820 970 4873 A.
990 4823 1026 4888 77)
1046 4829 1153 4874 ceterae
1171 4823 1204 4876 Β.
1223 4853 1259 4864 -·
1279 4833 1369 4876 cetere
1387 4824 1423 4876 A.
1442 4855 1479 4866 -
1497 4836 1621 4881 caerem

258 4919 296 4972 D.
315 4918 347 4971 P.
372 4917 422 4982 Pu.
443 4918 480 4985 77)
504 4909 700 4965 existimandae
725 4912 758 4962 Β.
778 4910 814 4960 D.
834 4910 870 4961 A.
890 4910 921 4980 Ρ.
939 4937 975 4950 -
993 4905 1180 4960 observandae
1199 4911 1250 4964 Ρη.
1279 4912 1315 4983 77)
1335 4927 1422 4984 papas
1440 4913 1478 4966 D,
1496 4903 1532 4954 -“.
1549 4931 1622 4986 ΡΨ,

260 5005 293 5056 Β.
311 5005 349 5058 A.
368 5005 399 5058 P.
417 5004 470 5056 Ρη.
489 5003 527 5073 77)
545 4999 620 5052 Haeo
638 4999 670 5051 Β.
688 4998 727 5051 D.
745 4998 778 5051 P.
795 5025 832 5036 -
849 4993 909 5048 Hes
926 4993 963 5050 A.
981 5027 1017 5036 -
1034 4995 1093 5049 llus
1110 4997 1162 5050 Ρη.

209 5163 240 5234 η)
264 5161 340 5232 virg.
361 5159 462 5230 Georg.
472 5157 522 5212 111.
540 5159 602 5218 548.
622 5157 650 5225 Β)
668 5152 744 5226 virg.
765 5151 868 5223 Georg.
886 5150 936 5208 111.
955 5155 1019 5213 ³89.
