4036 6068
384 549 454 620 m
843 535 1402 594 arontaasurnoa.

385 692 538 782 positae,
560 687 697 756 numeri
720 685 922 772 singularia,
945 705 1044 752 casm
1065 685 1291 763 nominativi,
1322 697 1356 749 et
1378 683 1609 750 declinabitur
1624 677 1669 770 ⁷⁶)
1700 703 1764 772 per
1785 685 1866 750 aiu-

385 797 466 882 gula
488 812 633 878 genera,
657 789 751 855 salva
773 789 889 874 specie
911 805 991 865 sua,
1014 788 1060 852 ad
1082 787 1281 874 exemplum
1305 788 1530 852 cuiusnam.

467 901 541 962 581.
562 893 751 979 Aliquis,
774 905 971 984 pronomen
994 890 1183 966 inlinitum,
1214 889 1351 974 generis
1374 889 1574 966 masculini,
1605 889 1735 972 figurae
1758 905 1862 952 ccm-

385 999 536 1088 positae,
568 995 705 1060 numeri
736 993 938 1078 singularis,
968 1013 1065 1056 casus
1095 992 1320 1068 nominativi,
1352 991 1447 1076 quod
1469 989 1703 1056 declinabitur
1719 991 1763 1072 ⁷⁷)
1787 990 1859 1052 sic:

469 1098 615 1163 Numeri
638 1095 837 1182 singularia:
861 1096 1037 1180 aliquis,
1061 1094 1261 1166 alicuius,
1285 1092 1431 1168 alicui,
1455 1093 1661 1178 aliquem,
1684 1091 1861 1176 aliquis,

386 1197 498 1282 ab⁷⁸)
531 1200 697 1286 aliquo:
730 1211 764 1262 et
792 1196 990 1284 pluraliter:
1020 1197 1176 1282 aliqui,
1209 1195 1479 1282 aliquorum,
1510 1193 1754 1280 aliquibus,
1776 1191 1858 1256 ali-

385 1323 511 1391 quos,
536 1301 696 1387 aliqui,
720 1299 768 1365 ab
791 1297 1017 1387 aliquibus.
1425 1313 1427 1320 ⁴

470 1404 680 1470 *Generis
704 1402 910 1468 feminini.
932 1400 1079 1465 Numeri
1102 1400 1303 1484 singularis:
1327 1398 1479 1484 aliqua,
1502 1397 1751 1480 elicuisse),
1774 1395 1858 1460 ali-

340 1487 362 1520 ⁸'
387 1509 476 1586 eui,
500 1506 708 1591 aliquam,
740 1506 903 1590 aliqua,
932 1503 983 1568 ab
1006 1502 1160 1587 aliqua:
1193 1514 1227 1566 et
1247 1499 1445 1588 pluraliter:
1468 1499 1663 1586 aliquae,
1685 1498 1855 1583 aliqua-

384 1630 491 1686 rum,
515 1607 751 1693 aliquibus,
775 1606 960 1691 aliquas,
984 1604 1173 1689 aliquae,
1197 1603 1246 1668 ab
1269 1602 1502 1688 aliquibus.

468 1710 651 1774 Generis
673 1709 832 1774 neutri.
856 1708 1002 1772 Numeri
1024 1706 1226 1789 singularis:
1250 1704 1452 1789 aliquod,
1482 1704 1671 1770 alicuius
1689 1696 1750 1786 ⁸⁰),
1773 1701 1852 1765 ali·-

382 1815 470 1890 cui,
494 1811 675 1897 aliquod
693 1805 755 1894 ⁸¹),
778 1809 957 1894 al'quod
974 1803 1027 1889 ⁸²),
1051 1807 1101 1872 ab
1124 1807 1289 1892 aliquo:
1313 1819 1347 1870 et
1368 1806 1564 1892 pluraliter:
1588 1807 1751 1891 aliqua,
1774 1803 1854 1869 ali-

382 1935 583 2002 qnornm,
607 1912 850 1998 aliquibus,
874 1911 1029 1995 aliqua,
1053 1909 1218 1994 aliqua,
1242 1908 1291 1974 ab
1309 1903 1353 1991 ⁸³)
1374 1909 1608 1994 aliquibus.

466 2021 538 2082 582.
561 2015 745 2099 Nequis,
774 2033 970 2098 pronomen
993 2005 1182 2086 infinitum,
1210 2011 1347 2095 generis
1370 2011 1571 2086 masculini,
1601 2011 1731 2094 figurae
1754 2026 1853 2072 coru-

379 2121 532 2206 positae,
562 2115 699 2180 numeri
728 2115 929 2200 singularis,
954 2135 1052 2180 casus
1074 2113 1297 2188 nominativi,
1328 2125 1361 2177 et
1384 2107 1671 2194 declinabitur⁸')
1694 2130 1759 2198 per
1780 2110 1853 2172 sin-

379 2221 461 2306 gula
482 2239 611 2303 genera
634 2219 727 2290 salva
750 2218 865 2304 specie
888 2239 950 2280 sua
966 2211 1009 2301 85)
1034 2216 1078 2280 ad
1099 2214 1298 2302 exemplum
1321 2214 1521 2280 alicuius.

272 2305 275 2316 λ
466 2324 539 2386 583.
572 2319 737 2405 Siquis,
768 2338 964 2404 pronomen
994 2318 1185 2393 inlinitum,
1216 2317 1354 2400 generis
1376 2317 1576 2392 masculini,
1599 2317 1729 2400 figurae
1753 2333 1853 2378 com·

379 2424 532 2510 positae,
560 2419 697 2485 numeri
727 2421 929 2504 singularis,
963 2441 1061 2484 casus
1088 2420 1313 2495 nominativi,
1344 2431 1378 2482 et
1405 2418 1600 2484 declinatur
1626 2438 1691 2504 per
1712 2415 1854 2500 singula

380 2544 508 2610 genera
531 2523 624 2586 salva
646 2523 762 2608 speeie
785 2543 845 2586 sua
868 2523 911 2585 ad
934 2521 1133 2606 exemplum
1157 2522 1352 2586 alicuius.

465 2627 540 2688 eet.
571 2622 739 2706 Qualis,
768 2643 963 2708 pronomen
986 2622 1175 2698 inlinitum,
1205 2624 1342 2708 generis
1365 2622 1577 2699 communis,
1600 2621 1729 2704 figurae
1752 2637 1852 2686 eom-

379 2725 513 2812 positae
529 2717 588 2806 ⁸⁶),
619 2726 756 2788 numeri
779 2725 981 2808 singularis,
1013 2745 1110 2790 casus
1132 2725 1357 2802 nominativi,
1388 2724 1559 2809 genetivi,
1581 2723 1734 2788 vocativi
1755 2735 1792 2785 et
1806 2716 1853 2804 ⁸⁷)
1944 2793 1947 2801 ,

379 2828 567 2894 accusativi
589 2826 749 2912 pluralis,
774 2828 868 2911 quod
891 2826 1123 2891 declinabitur
1143 2827 1209 2890 sic:

456 2930 610 2994 Numeri
639 2927 841 3012 singularis:
872 2929 1036 3013 qualis,
1066 2928 1225 3014 qualis,
1257 2927 1394 3012 quali,
1425 2925 1616 3013 qualem,
1645 2926 1806 3012 qualis,
1829 2947 1852 2988 a

380 3031 509 3117 quale
531 3045 565 3094 et
587 3051 607 3094 a
630 3031 770 3116 quali:
793 3043 827 3094 et
849 3029 1043 3116 pluraliter:
1069 3031 1241 3116 quales,
1265 3029 1477 3114 qualium,
1509 3029 1726 3114 qualibus,
1750 3049 1853 3113 qua-

379 3134 443 3198 les
465 3146 501 3197 ut
522 3131 685 3217 qualia,
710 3131 877 3216 quales,
900 3152 921 3196 a
944 3132 1157 3217 qualibus.

466 3233 651 3298 Generis
673 3233 828 3296 neutri.
851 3233 998 3297 Numeri
1013 3233 1217 3319 singularis:
1235 3233 1376 3319 quale,
1396 3231 1549 3317 qualis,
1567 3230 1695 3317 quali,
1711 3231 1850 3317 quale,

381 3333 524 3420 quale,
552 3355 574 3398 a
604 3335 729 3420 quale
755 3327 800 3418 ⁸⁸)
830 3346 906 3398 eta
934 3335 1073 3422 quali:
1102 3337 1239 3400 numeri
1261 3334 1421 3423 pluralis:
1452 3333 1613 3419 qualia,
1637 3333 1849 3420 qualium,
1927 3417 1934 3422 .

281 3495 282 3498 ,
381 3435 598 3522 qualibus,
622 3435 779 3521 qualia,
804 3436 965 3521 qualia,
989 3457 1010 3499 a
1031 3436 1243 3522 qualibus.

465 3541 539 3603 585.
571 3535 913 3622 Qualiscumque
938 3533 998 3621 ⁰⁹),
1025 3551 1222 3624 pronomen
1253 3539 1443 3614 inlinitum,
1472 3539 1611 3621 generis
1633 3538 1848 3613 communis,

378 3641 509 3726 figurae
538 3639 768 3724 compositae,
800 3640 938 3702 numeri
969 3640 1171 3724 singularis,
1200 3661 1299 3706 casus
1327 3639 1552 3716 nominativi,
1580 3639 1734 3724 genetivi
1748 3642 1791 3718 ⁹⁹)
1814 3651 1852 3702 et

378 3741 531 3807 vocativi
554 3753 588 3804 et
609 3741 796 3804 accusativi
812 3742 858 3822 91)
880 3739 1044 3825 pluralis,
1067 3742 1165 3826 quod
1185 3741 1416 3806 declinabitur
1438 3741 1504 3806 sic:

365 3911 367 3914 ,
463 3843 610 3906 Numeri
632 3841 833 3925 singularis:
857 3842 1202 3927 qualiscumque,
1232 3844 1582 3928 qualiscumque,
1606 3842 1851 3927 qualicum-

380 3965 477 4029 que,
507 3942 887 4029 qualemcumque,
918 3945 1262 4029 qualiscumque,
1295 3965 1314 4008 a
1341 3945 1662 4030 qualecumque
1690 3957 1724 4006 ct
1749 3945 1795 4025 9’)
1825 3963 1851 4008 a

275 4079 305 4128 v,
320 4036 757 4134 &qualicumquefiu
776 4045 1014 4130 etpluraliter:
1032 4046 1385 4132 qualescumque,
1405 4033 1851 4131 qualiumcumquetl),

422 4405 459 4479 2⁸)
479 4401 664 4458 declinabitur
683 4405 718 4460 V.
733 4404 769 4457 A.
789 4433 825 4448 -
841 4401 994 4458 declinatur
1007 4405 1039 4458 B.
1060 4410 1095 4475 ⁷⁷)
1121 4402 1306 4458 declinabitur
1330 4405 1363 4458 B.
1389 4404 1425 4460 V.
1451 4434 1487 4447 -
1512 4401 1667 4457 declinatur
1683 4405 1719 4458 A.
1745 4404 1781 4471 ”)
1807 4401 1848 4456 ab

484 4493 516 4547 B.
538 4493 574 4548 V.
592 4515 630 4541 =
647 4492 684 4546 A.
710 4493 747 4564 l⁹)
773 4490 887 4544 alicuius
912 4493 944 4544 Β.
961 4494 999 4546 A.
1017 4522 1053 4536 -
1071 4491 1188 4566 aliquius
1214 4493 1251 4548 V.
1278 4494 1314 4562 ¹⁰)
1341 4490 1457 4545 alieuius
1482 4493 1515 4546 Β.
1538 4494 1574 4547 A.
1598 4525 1635 4534 —
1661 4489 1779 4564 aliquiue
1803 4492 1847 4546 V.

485 4581 522 4650 υ)
546 4577 659 4652 arquos
685 4579 719 4632 a.
731 4563 779 4633 r.
806 4577 843 4631 A.
866 4609 903 4620 -
925 4576 1030 4649 arque
1054 4581 1085 4634 Ρ.
1116 4584 1152 4651 ..,
1171 4576 1283 4652 atquae
1308 4580 1341 4633 a.
1360 4580 1396 4634 A.
1414 4604 1452 4630 =
1470 4581 1507 4634 V.
1534 4582 1570 4651 ⁸³)
1588 4575 1623 4632 a.
1641 4579 1675 4633 a.
1696 4579 1731 4634 V.
1750 4601 1787 4628 =
1804 4581 1848 4633 A.

485 4669 521 4739 ¹⁴)
542 4661 727 4718 declinabitur
744 4667 777 4718 Β.
798 4666 834 4721 V.
853 4667 885 4718 Ρ.
907 4695 937 4708 -
959 4663 1113 4719 declinatur
1130 4668 1165 4721 A.
1186 4670 1223 4741 ⁸⁵)
1243 4668 1336 4738 specie
1354 4685 1402 4720 sua
1420 4670 1452 4721 Β.
1472 4668 1508 4723 V.
1527 4669 1559 4720 P.
1578 4698 1613 4710 -
1632 4683 1681 4719 sua
1699 4666 1792 4738 specie
1805 4668 1847 4718 A.

484 4757 520 4827 ”)
540 4754 708 4825 compositae
728 4753 764 4808 V.
783 4754 819 4807 A.
839 4783 873 4798 -
891 4752 1026 4826 simplicia
1044 4756 1076 4808 Β.
1096 4755 1133 4826 ’7)
1153 4763 1181 4807 et
1197 4755 1230 4810 B.
1252 4757 1333 4812 V.=
1350 4753 1386 4809 Ἀ.
1406 4757 1467 4826 ”)ι
1485 4753 1566 4826 quale
1586 4755 1621 4809 V.
1639 4755 1676 4809 A.
1695 4753 1727 4806 Β.
1743 4773 1777 4805 ιτ
1792 4771 1848 4806 em.

482 4863 524 4914 pr.
540 4862 574 4896 m.
595 4869 630 4883 -
648 4837 756 4912 qualem
774 4842 806 4894 Β.
827 4861 844 4894 a
858 4861 900 4912 pr.
914 4860 948 4892 m.
969 4843 1004 4912 ¹¹)
1024 4839 1231 4915 qualiscumque
1249 4845 1281 4896 Β.
1297 4844 1332 4899 V.
1344 4840 1584 4915 -qualiscunque
1602 4842 1638 4895 A.
1650 4855 1675 4894 et
1688 4846 1728 4894 ita
1743 4841 1850 4913 ubique

482 4949 532 5000 per
546 4949 564 4978 n
577 4933 704 4982 litteram.
724 4931 760 4999 θ’)
780 4927 898 4998 genetivi
916 4929 948 4982 B.
970 4929 1005 4985 V.
1017 4919 1056 4982 ¹1².
1075 4951 1111 4980 =
1128 4929 1229 5001 A.·⁹')
1249 4939 1277 4983 el
1293 4931 1411 4985 vocaliei
1429 4939 1457 4984 el
1475 4929 1623 4983 accusativi
1640 4930 1672 4982 B.
1693 4928 1729 4982 V.
1747 4957 1784 4970 -·
1795 4945 1849 4981 ac·

484 5015 598 5067 euealiri
623 5024 652 5066 et
674 5015 793 5069 vocativi
816 5015 853 5068 A.
871 5045 908 5058 -
924 5016 1043 5071 vocativi
1068 5015 1215 5070 accusativi
1232 5019 1265 5073 P.
1292 5020 1328 5088 ο’)
1347 5037 1362 5070 a
1381 5016 1577 5091 qualecumque
1596 5026 1625 5070 el
1644 5017 1680 5071 V.
1700 5016 1737 5069 A.
1754 5037 1792 5065 =
1809 5017 1848 5070 B.

483 5103 520 5168 θ’)
547 5118 563 5153 ι
588 5099 779 5174 qualicumque
797 5101 829 5154 Β.
848 5102 886 5156 A.
905 5102 937 5156 P.
956 5135 991 5148 -
1008 5121 1023 5157 a
1042 5101 1246 5176 qualiacumque
1266 5107 1302 5161 V.
1328 5108 1365 5174 θ’)
1392 5104 1630 5177 qualiumcumque
1648 5104 1679 5157 Β.
1701 5102 1737 5156 V.
1757 5104 1788 5154 1³.
1808 5133 1850 5146 -

485 5183 681 5260 qualiacunque
700 5189 737 5242 A·
