<?xml version="1.0" encoding="UTF-8"?>
<!DOCTYPE html PUBLIC "-//W3C//DTD XHTML 1.0 Transitional//EN"
    "http://www.w3.org/TR/xhtml1/DTD/xhtml1-transitional.dtd">
<html xmlns="http://www.w3.org/1999/xhtml" xml:lang="en" lang="en">
 <head>
  <title>
</title>
<meta http-equiv="Content-Type" content="text/html;charset=utf-8" />
  <meta name='ocr-system' content='tesseract 3.04.00' />
  <meta name='ocr-capabilities' content='ocr_page ocr_carea ocr_par ocr_line ocrx_word'/>
</head>
<body>
  <div class='ocr_page' id='page_1' title='image "./analectagrammat00eichgoog_0069.png"; bbox 0 0 4020 6068; ppageno 0'>
   <div class='ocr_carea' id='block_1_1' title="bbox 404 551 1493 647">
    <p class='ocr_par' dir='ltr' id='par_1_1' title="bbox 404 551 1493 647">
     <span class='ocr_line' id='line_1_1' title="bbox 404 551 1493 647; baseline 0.005 -21"><span class='ocrx_word' id='word_1_1' title='bbox 404 573 450 647; x_wconf 72' lang='lat'>40</span> <span class='ocrx_word' id='word_1_2' title='bbox 855 551 893 628; x_wconf 87' lang='lat' dir='ltr'>ii.</span> <span class='ocrx_word' id='word_1_3' title='bbox 923 559 1104 630; x_wconf 80' lang='lat' dir='ltr'>cssuol</span> <span class='ocrx_word' id='word_1_4' title='bbox 1127 573 1422 630; x_wconf 81' lang='lat' dir='ltr'>sacnnooms</span> <span class='ocrx_word' id='word_1_5' title='bbox 1490 637 1493 644; x_wconf 18' lang='grc' dir='ltr'>Ι</span> 
     </span>
    </p>
   </div>
   <div class='ocr_carea' id='block_1_2' title="bbox 293 717 1878 4176">
    <p class='ocr_par' dir='ltr' id='par_1_2' title="bbox 405 717 1874 1524">
     <span class='ocr_line' id='line_1_2' title="bbox 406 717 1873 806; baseline 0.001 -26"><span class='ocrx_word' id='word_1_6' title='bbox 406 731 467 780; x_wconf 88' lang='lat' dir='ltr'>tos</span> <span class='ocrx_word' id='word_1_7' title='bbox 501 717 531 796; x_wconf 83' lang='lat'>⁰)</span> <span class='ocrx_word' id='word_1_8' title='bbox 575 751 616 764; x_wconf 89' lang='lat'><em>-</em></span> <span class='ocrx_word' id='word_1_9' title='bbox 656 717 699 779; x_wconf 91' lang='lat' dir='ltr'>ah</span> <span class='ocrx_word' id='word_1_10' title='bbox 743 719 1002 796; x_wconf 88' lang='lat' dir='ltr'>accidentibus,</span> <span class='ocrx_word' id='word_1_11' title='bbox 1050 733 1087 785; x_wconf 90' lang='lat' dir='ltr'>ut</span> <span class='ocrx_word' id='word_1_12' title='bbox 1124 759 1164 770; x_wconf 90' lang='lat'>-</span> <span class='ocrx_word' id='word_1_13' title='bbox 1196 721 1370 786; x_wconf 81' lang='lat' dir='ltr'><strong>Pallida</strong></span> <span class='ocrx_word' id='word_1_14' title='bbox 1415 719 1657 806; x_wconf 82' lang='lat' dir='ltr'>Tisiphone</span> <span class='ocrx_word' id='word_1_15' title='bbox 1696 717 1794 803; x_wconf 77' lang='lat'>&#39;&#39;)⁵)</span> <span class='ocrx_word' id='word_1_16' title='bbox 1831 755 1873 770; x_wconf 88' lang='lat'>—</span> 
     </span>
     <span class='ocr_line' id='line_1_3' title="bbox 407 817 1874 910; baseline -0.001 -26"><span class='ocrx_word' id='word_1_17' title='bbox 407 819 476 884; x_wconf 87' lang='lat' dir='ltr'>Sed</span> <span class='ocrx_word' id='word_1_18' title='bbox 498 839 541 881; x_wconf 89' lang='lat' dir='ltr'>ne</span> <span class='ocrx_word' id='word_1_19' title='bbox 562 817 702 903; x_wconf 82' lang='lat' dir='ltr'>quidam</span> <span class='ocrx_word' id='word_1_20' title='bbox 723 833 862 906; x_wconf 90' lang='lat' dir='ltr'>putent,</span> <span class='ocrx_word' id='word_1_21' title='bbox 892 843 956 887; x_wconf 85' lang='lat' dir='ltr'>uos</span> <span class='ocrx_word' id='word_1_22' title='bbox 981 843 1191 908; x_wconf 82' lang='lat' dir='ltr'>supervacue</span> <span class='ocrx_word' id='word_1_23' title='bbox 1216 827 1371 910; x_wconf 81' lang='lat' dir='ltr'>posuisse</span> <span class='ocrx_word' id='word_1_24' title='bbox 1396 825 1595 910; x_wconf 82' lang='lat' dir='ltr'>epitheton,</span> <span class='ocrx_word' id='word_1_25' title='bbox 1638 840 1717 884; x_wconf 90' lang='lat' dir='ltr'>cum</span> <span class='ocrx_word' id='word_1_26' title='bbox 1747 822 1782 884; x_wconf 91' lang='lat' dir='ltr'>in</span> <span class='ocrx_word' id='word_1_27' title='bbox 1813 841 1874 884; x_wconf 88' lang='lat' dir='ltr'>an-</span> 
     </span>
     <span class='ocr_line' id='line_1_4' title="bbox 406 921 1872 1008; baseline 0 -22"><span class='ocrx_word' id='word_1_28' title='bbox 406 921 599 986; x_wconf 89' lang='lat' dir='ltr'>tonomasia</span> <span class='ocrx_word' id='word_1_29' title='bbox 613 921 732 985; x_wconf 87' lang='lat' dir='ltr'>eadem</span> <span class='ocrx_word' id='word_1_30' title='bbox 749 925 1010 988; x_wconf 78' lang='lat' dir='ltr'>tractaverimus</span> <span class='ocrx_word' id='word_1_31' title='bbox 1026 929 1080 1008; x_wconf 83' lang='lat'>‘),</span> <span class='ocrx_word' id='word_1_32' title='bbox 1104 945 1191 989; x_wconf 89' lang='lat' dir='ltr'>neve</span> <span class='ocrx_word' id='word_1_33' title='bbox 1210 927 1302 991; x_wconf 90' lang='lat' dir='ltr'>dicat</span> <span class='ocrx_word' id='word_1_34' title='bbox 1318 927 1378 990; x_wconf 90' lang='lat' dir='ltr'>uni</span> <span class='ocrx_word' id='word_1_35' title='bbox 1393 927 1442 991; x_wconf 89' lang='lat' dir='ltr'>rei</span> <span class='ocrx_word' id='word_1_36' title='bbox 1459 925 1528 989; x_wconf 89' lang='lat' dir='ltr'>duo</span> <span class='ocrx_word' id='word_1_37' title='bbox 1545 924 1689 988; x_wconf 90' lang='lat' dir='ltr'>nomina</span> <span class='ocrx_word' id='word_1_38' title='bbox 1703 923 1872 1008; x_wconf 82' lang='lat' dir='ltr'>posuisse,</span> 
     </span>
     <span class='ocr_line' id='line_1_5' title="bbox 405 1025 1874 1113; baseline 0.001 -25"><span class='ocrx_word' id='word_1_39' title='bbox 405 1028 473 1089; x_wconf 89' lang='lat' dir='ltr'>hoc</span> <span class='ocrx_word' id='word_1_40' title='bbox 492 1025 588 1098; x_wconf 89' lang='lat' dir='ltr'>sciat,</span> <span class='ocrx_word' id='word_1_41' title='bbox 612 1025 707 1108; x_wconf 90' lang='lat' dir='ltr'>quod</span> <span class='ocrx_word' id='word_1_42' title='bbox 720 1025 811 1090; x_wconf 84' lang='lat' dir='ltr'>inter</span> <span class='ocrx_word' id='word_1_43' title='bbox 826 1029 1088 1091; x_wconf 74' lang='lat' dir='ltr'>antonomasiam</span> <span class='ocrx_word' id='word_1_44' title='bbox 1103 1041 1138 1091; x_wconf 92' lang='lat' dir='ltr'>et</span> <span class='ocrx_word' id='word_1_45' title='bbox 1153 1031 1331 1113; x_wconf 82' lang='lat' dir='ltr'>epitheton</span> <span class='ocrx_word' id='word_1_46' title='bbox 1346 1032 1414 1093; x_wconf 90' lang='lat' dir='ltr'>hoc</span> <span class='ocrx_word' id='word_1_47' title='bbox 1429 1040 1500 1104; x_wconf 88' lang='lat' dir='ltr'>est,</span> <span class='ocrx_word' id='word_1_48' title='bbox 1525 1026 1620 1112; x_wconf 91' lang='lat' dir='ltr'>quod</span> <span class='ocrx_word' id='word_1_49' title='bbox 1634 1027 1874 1090; x_wconf 80' lang='lat' dir='ltr'>antonomasia</span> 
     </span>
     <span class='ocr_line' id='line_1_6' title="bbox 405 1126 1874 1216; baseline 0.001 -27"><span class='ocrx_word' id='word_1_50' title='bbox 405 1145 477 1190; x_wconf 92' lang='lat' dir='ltr'>non</span> <span class='ocrx_word' id='word_1_51' title='bbox 493 1126 621 1210; x_wconf 88' lang='lat' dir='ltr'>accipit</span> <span class='ocrx_word' id='word_1_52' title='bbox 634 1128 776 1190; x_wconf 85' lang='lat' dir='ltr'>nomina</span> <span class='ocrx_word' id='word_1_53' title='bbox 792 1131 954 1214; x_wconf 90' lang='lat' dir='ltr'>propria,</span> <span class='ocrx_word' id='word_1_54' title='bbox 979 1131 1067 1193; x_wconf 91' lang='lat' dir='ltr'>sicut</span> <span class='ocrx_word' id='word_1_55' title='bbox 1082 1145 1159 1196; x_wconf 88' lang='lat' dir='ltr'>ante</span> <span class='ocrx_word' id='word_1_56' title='bbox 1177 1133 1384 1208; x_wconf 84' lang='lat' dir='ltr'>monstravi;</span> <span class='ocrx_word' id='word_1_57' title='bbox 1413 1132 1593 1216; x_wconf 88' lang='lat' dir='ltr'>epitheton</span> <span class='ocrx_word' id='word_1_58' title='bbox 1616 1143 1699 1192; x_wconf 89' lang='lat' dir='ltr'>vero</span> <span class='ocrx_word' id='word_1_59' title='bbox 1724 1130 1874 1214; x_wconf 88' lang='lat' dir='ltr'>accipiat</span> 
     </span>
     <span class='ocr_line' id='line_1_7' title="bbox 406 1231 1874 1322; baseline 0.001 -30"><span class='ocrx_word' id='word_1_60' title='bbox 406 1248 547 1292; x_wconf 89' lang='lat' dir='ltr'>necesse</span> <span class='ocrx_word' id='word_1_61' title='bbox 573 1240 624 1290; x_wconf 90' lang='lat' dir='ltr'>est</span> <span class='ocrx_word' id='word_1_62' title='bbox 645 1231 824 1316; x_wconf 84' lang='lat' dir='ltr'>propriam</span> <span class='ocrx_word' id='word_1_63' title='bbox 848 1231 1135 1316; x_wconf 81' lang='lat' dir='ltr'>appellationem,</span> <span class='ocrx_word' id='word_1_64' title='bbox 1164 1247 1197 1298; x_wconf 91' lang='lat' dir='ltr'>et</span> <span class='ocrx_word' id='word_1_65' title='bbox 1221 1236 1317 1322; x_wconf 91' lang='lat' dir='ltr'>quod</span> <span class='ocrx_word' id='word_1_66' title='bbox 1337 1232 1576 1298; x_wconf 87' lang='lat' dir='ltr'>antonomasia</span> <span class='ocrx_word' id='word_1_67' title='bbox 1597 1251 1662 1316; x_wconf 91' lang='lat' dir='ltr'>per</span> <span class='ocrx_word' id='word_1_68' title='bbox 1683 1231 1874 1294; x_wconf 88' lang='lat' dir='ltr'>accidentia</span> 
     </span>
     <span class='ocr_line' id='line_1_8' title="bbox 407 1330 1872 1424; baseline 0.001 -31"><span class='ocrx_word' id='word_1_69' title='bbox 407 1332 481 1395; x_wconf 88' lang='lat' dir='ltr'>fieri</span> <span class='ocrx_word' id='word_1_70' title='bbox 498 1351 570 1394; x_wconf 93' lang='lat' dir='ltr'>non</span> <span class='ocrx_word' id='word_1_71' title='bbox 591 1342 721 1416; x_wconf 90' lang='lat' dir='ltr'>potest,</span> <span class='ocrx_word' id='word_1_72' title='bbox 746 1352 824 1395; x_wconf 91' lang='lat' dir='ltr'>cum</span> <span class='ocrx_word' id='word_1_73' title='bbox 842 1335 1021 1419; x_wconf 89' lang='lat' dir='ltr'>epitheton</span> <span class='ocrx_word' id='word_1_74' title='bbox 1042 1337 1163 1421; x_wconf 84' lang='lat' dir='ltr'>possit,</span> <span class='ocrx_word' id='word_1_75' title='bbox 1192 1350 1230 1402; x_wconf 91' lang='lat' dir='ltr'>ut</span> <span class='ocrx_word' id='word_1_76' title='bbox 1259 1373 1302 1390; x_wconf 89' lang='lat'>-</span> <span class='ocrx_word' id='word_1_77' title='bbox 1321 1337 1507 1424; x_wconf 82' lang='lat' dir='ltr'>pulcher</span> <span class='ocrx_word' id='word_1_78' title='bbox 1530 1333 1644 1397; x_wconf 87' lang='lat' dir='ltr'>lulus</span> <span class='ocrx_word' id='word_1_79' title='bbox 1664 1330 1695 1416; x_wconf 48' lang='grc' dir='ltr'>ί)</span> <span class='ocrx_word' id='word_1_80' title='bbox 1715 1369 1759 1384; x_wconf 90' lang='grc'>-</span> <span class='ocrx_word' id='word_1_81' title='bbox 1782 1334 1872 1418; x_wconf 93' lang='lat' dir='ltr'>pal·</span> 
     </span>
     <span class='ocr_line' id='line_1_9' title="bbox 407 1425 1664 1524; baseline 0.002 -28"><span class='ocrx_word' id='word_1_82' title='bbox 407 1434 546 1497; x_wconf 89' lang='lat' dir='ltr'>lentes</span> <span class='ocrx_word' id='word_1_83' title='bbox 569 1433 709 1524; x_wconf 71' lang='lat' dir='ltr'>morlai</span> <span class='ocrx_word' id='word_1_84' title='bbox 728 1435 761 1515; x_wconf 81' lang='lat'>‘)</span> <span class='ocrx_word' id='word_1_85' title='bbox 779 1473 820 1484; x_wconf 89' lang='lat'>-</span> <span class='ocrx_word' id='word_1_86' title='bbox 856 1425 948 1500; x_wconf 88' lang='lat' dir='ltr'>dira</span> <span class='ocrx_word' id='word_1_87' title='bbox 970 1436 1101 1502; x_wconf 79' lang='lat' dir='ltr'>fames</span> <span class='ocrx_word' id='word_1_88' title='bbox 1119 1437 1271 1522; x_wconf 82' lang='lat' dir='ltr'><em>¹²)s)-</em></span> <span class='ocrx_word' id='word_1_89' title='bbox 1293 1438 1479 1502; x_wconf 86' lang='lat' dir='ltr'>candida</span> <span class='ocrx_word' id='word_1_90' title='bbox 1501 1435 1664 1517; x_wconf 72' lang='lat' dir='ltr'>tilios).</span> 
     </span>
    </p>

    <p class='ocr_par' dir='ltr' id='par_1_3' title="bbox 404 1531 1874 2334">
     <span class='ocr_line' id='line_1_10' title="bbox 495 1531 1871 1626; baseline 0.001 -28"><span class='ocrx_word' id='word_1_91' title='bbox 495 1537 565 1602; x_wconf 79' lang='lat'><strong>162.</strong></span> <span class='ocrx_word' id='word_1_92' title='bbox 587 1535 651 1600; x_wconf 87' lang='lat' dir='ltr'>DE</span> <span class='ocrx_word' id='word_1_93' title='bbox 673 1537 993 1604; x_wconf 79' lang='lat' dir='ltr'><strong>ANTAPODOSI.</strong></span> <span class='ocrx_word' id='word_1_94' title='bbox 1014 1531 1056 1622; x_wconf 86' lang='lat'>¹³)</span> <span class='ocrx_word' id='word_1_95' title='bbox 1100 1541 1333 1626; x_wconf 83' lang='lat' dir='ltr'>Antapodosis</span> <span class='ocrx_word' id='word_1_96' title='bbox 1357 1552 1427 1616; x_wconf 91' lang='lat' dir='ltr'>est,</span> <span class='ocrx_word' id='word_1_97' title='bbox 1452 1559 1555 1624; x_wconf 88' lang='lat' dir='ltr'>qnam</span> <span class='ocrx_word' id='word_1_98' title='bbox 1577 1559 1640 1602; x_wconf 87' lang='lat' dir='ltr'>nos</span> <span class='ocrx_word' id='word_1_99' title='bbox 1658 1536 1871 1623; x_wconf 87' lang='lat' dir='ltr'>appellamus</span> 
     </span>
     <span class='ocr_line' id='line_1_11' title="bbox 407 1631 1874 1724; baseline 0.003 -24"><span class='ocrx_word' id='word_1_100' title='bbox 407 1639 621 1724; x_wconf 84' lang='lat' dir='ltr'>reciprocam</span> <span class='ocrx_word' id='word_1_101' title='bbox 645 1639 852 1718; x_wconf 87' lang='lat' dir='ltr'>dictionem,</span> <span class='ocrx_word' id='word_1_102' title='bbox 877 1662 954 1705; x_wconf 85' lang='lat' dir='ltr'>cnm</span> <span class='ocrx_word' id='word_1_103' title='bbox 975 1643 1061 1706; x_wconf 91' lang='lat' dir='ltr'>duae</span> <span class='ocrx_word' id='word_1_104' title='bbox 1086 1643 1255 1708; x_wconf 88' lang='lat' dir='ltr'>dictiones</span> <span class='ocrx_word' id='word_1_105' title='bbox 1281 1643 1432 1706; x_wconf 89' lang='lat' dir='ltr'>invicem</span> <span class='ocrx_word' id='word_1_106' title='bbox 1454 1641 1604 1704; x_wconf 84' lang='lat' dir='ltr'>reddunt</span> <span class='ocrx_word' id='word_1_107' title='bbox 1621 1639 1687 1704; x_wconf 87' lang='lat' dir='ltr'>sibi</span> <span class='ocrx_word' id='word_1_108' title='bbox 1701 1631 1743 1722; x_wconf 82' lang='lat'>²⁴)</span> <span class='ocrx_word' id='word_1_109' title='bbox 1768 1639 1874 1704; x_wconf 79' lang='lat' dir='ltr'>verba</span> 
     </span>
     <span class='ocr_line' id='line_1_12' title="bbox 405 1741 1872 1829; baseline 0.001 -26"><span class='ocrx_word' id='word_1_110' title='bbox 405 1741 815 1818; x_wconf 64' lang='lat' dir='ltr'>necessariam-olli</span> <span class='ocrx_word' id='word_1_111' title='bbox 839 1743 939 1806; x_wconf 91' lang='lat' dir='ltr'>dura</span> <span class='ocrx_word' id='word_1_112' title='bbox 963 1745 1083 1829; x_wconf 90' lang='lat' dir='ltr'>quies</span> <span class='ocrx_word' id='word_1_113' title='bbox 1107 1741 1872 1829; x_wconf 78' lang='lat' dir='ltr'>oculos-urgetscilicet,-etferreus</span> 
     </span>
     <span class='ocr_line' id='line_1_13' title="bbox 404 1842 1874 1932; baseline 0.003 -28"><span class='ocrx_word' id='word_1_114' title='bbox 404 1855 534 1926; x_wconf 89' lang='lat' dir='ltr'>urget</span> <span class='ocrx_word' id='word_1_115' title='bbox 557 1842 739 1908; x_wconf 92' lang='lat' dir='ltr'>Somnus</span> <span class='ocrx_word' id='word_1_116' title='bbox 757 1842 792 1928; x_wconf 68' lang='lat'>⁴)</span> <span class='ocrx_word' id='word_1_117' title='bbox 811 1845 982 1910; x_wconf 90' lang='lat' dir='ltr'>-·-oculos</span> <span class='ocrx_word' id='word_1_118' title='bbox 997 1848 1118 1932; x_wconf 91' lang='lat' dir='ltr'>utique</span> <span class='ocrx_word' id='word_1_119' title='bbox 1133 1847 1352 1925; x_wconf 65' lang='lat' dir='ltr'>subauditum</span> <span class='ocrx_word' id='word_1_120' title='bbox 1370 1859 1403 1911; x_wconf 91' lang='lat' dir='ltr'>et</span> <span class='ocrx_word' id='word_1_121' title='bbox 1423 1883 1467 1898; x_wconf 90' lang='lat'>·-</span> <span class='ocrx_word' id='word_1_122' title='bbox 1493 1846 1633 1910; x_wconf 85' lang='lat' dir='ltr'>Nocte</span> <span class='ocrx_word' id='word_1_123' title='bbox 1655 1843 1776 1908; x_wconf 84' lang='lat' dir='ltr'>leves</span> <span class='ocrx_word' id='word_1_124' title='bbox 1800 1846 1874 1909; x_wconf 88' lang='lat' dir='ltr'>sti-</span> 
     </span>
     <span class='ocr_line' id='line_1_14' title="bbox 405 1943 1874 2030; baseline 0.001 -24"><span class='ocrx_word' id='word_1_125' title='bbox 405 1943 529 2030; x_wconf 89' lang='lat' dir='ltr'>pulae</span> <span class='ocrx_word' id='word_1_126' title='bbox 552 1946 707 2010; x_wconf 92' lang='lat' dir='ltr'>melius</span> <span class='ocrx_word' id='word_1_127' title='bbox 729 1947 758 2030; x_wconf 84' lang='grc'>·“)</span> <span class='ocrx_word' id='word_1_128' title='bbox 775 1983 817 1997; x_wconf 88' lang='grc'>-</span> <span class='ocrx_word' id='word_1_129' title='bbox 851 1948 1046 2013; x_wconf 87' lang='lat' dir='ltr'>condentur</span> <span class='ocrx_word' id='word_1_130' title='bbox 1069 1950 1281 2016; x_wconf 88' lang='lat' dir='ltr'>subauditur.</span> <span class='ocrx_word' id='word_1_131' title='bbox 1307 1950 1410 2015; x_wconf 90' lang='lat' dir='ltr'>Prata</span> <span class='ocrx_word' id='word_1_132' title='bbox 1427 1961 1541 2012; x_wconf 92' lang='lat' dir='ltr'>antem</span> <span class='ocrx_word' id='word_1_133' title='bbox 1562 1949 1725 2012; x_wconf 90' lang='lat' dir='ltr'>dicuntur</span> <span class='ocrx_word' id='word_1_134' title='bbox 1743 1958 1776 2008; x_wconf 92' lang='lat' dir='ltr'>et</span> <span class='ocrx_word' id='word_1_135' title='bbox 1797 1946 1874 2009; x_wconf 92' lang='lat' dir='ltr'>loca</span> 
     </span>
     <span class='ocr_line' id='line_1_15' title="bbox 406 2045 1873 2138; baseline 0.001 -30"><span class='ocrx_word' id='word_1_136' title='bbox 406 2045 617 2124; x_wconf 79' lang='lat' dir='ltr'>fenicularia,</span> <span class='ocrx_word' id='word_1_137' title='bbox 630 2061 668 2112; x_wconf 89' lang='lat' dir='ltr'>ut</span> <span class='ocrx_word' id='word_1_138' title='bbox 684 2062 930 2114; x_wconf 87' lang='lat' dir='ltr'>est—nocte</span> <span class='ocrx_word' id='word_1_139' title='bbox 946 2053 1071 2117; x_wconf 88' lang='lat' dir='ltr'>arida</span> <span class='ocrx_word' id='word_1_140' title='bbox 1092 2049 1644 2138; x_wconf 71' lang='lat' dir='ltr'>prataTondentur¹)-et</span> <span class='ocrx_word' id='word_1_141' title='bbox 1658 2049 1737 2113; x_wconf 92' lang='lat' dir='ltr'>loca</span> <span class='ocrx_word' id='word_1_142' title='bbox 1752 2049 1873 2112; x_wconf 86' lang='lat' dir='ltr'>florida</span> 
     </span>
     <span class='ocr_line' id='line_1_16' title="bbox 405 2149 1873 2240; baseline 0.001 -29"><span class='ocrx_word' id='word_1_143' title='bbox 405 2161 443 2212; x_wconf 94' lang='lat' dir='ltr'>ut</span> <span class='ocrx_word' id='word_1_144' title='bbox 465 2162 515 2212; x_wconf 89' lang='lat' dir='ltr'>est</span> <span class='ocrx_word' id='word_1_145' title='bbox 538 2151 655 2228; x_wconf 84' lang='lat' dir='ltr'>-Ac,</span> <span class='ocrx_word' id='word_1_146' title='bbox 679 2151 803 2216; x_wconf 88' lang='lat' dir='ltr'>velut</span> <span class='ocrx_word' id='word_1_147' title='bbox 825 2154 867 2216; x_wconf 93' lang='lat' dir='ltr'>in</span> <span class='ocrx_word' id='word_1_148' title='bbox 889 2157 1051 2239; x_wconf 89' lang='lat' dir='ltr'>pratis,</span> <span class='ocrx_word' id='word_1_149' title='bbox 1075 2155 1148 2218; x_wconf 91' lang='lat' dir='ltr'>uhi</span> <span class='ocrx_word' id='word_1_150' title='bbox 1171 2175 1278 2240; x_wconf 90' lang='lat' dir='ltr'>apes</span> <span class='ocrx_word' id='word_1_151' title='bbox 1301 2167 1471 2219; x_wconf 87' lang='lat' dir='ltr'>aestate</span> <span class='ocrx_word' id='word_1_152' title='bbox 1495 2172 1647 2217; x_wconf 89' lang='lat' dir='ltr'>serena</span> <span class='ocrx_word' id='word_1_153' title='bbox 1668 2149 1873 2215; x_wconf 85' lang='lat' dir='ltr'>Floribus</span> 
     </span>
     <span class='ocr_line' id='line_1_17' title="bbox 405 2251 1710 2334; baseline 0.003 -20"><span class='ocrx_word' id='word_1_154' title='bbox 405 2251 609 2317; x_wconf 91' lang='lat' dir='ltr'>insidunt</span> <span class='ocrx_word' id='word_1_155' title='bbox 629 2255 782 2330; x_wconf 84' lang='lat' dir='ltr'>variis,</span> <span class='ocrx_word' id='word_1_156' title='bbox 808 2269 847 2318; x_wconf 88' lang='lat' dir='ltr'>et</span> <span class='ocrx_word' id='word_1_157' title='bbox 870 2257 1057 2320; x_wconf 89' lang='lat' dir='ltr'>candida</span> <span class='ocrx_word' id='word_1_158' title='bbox 1080 2258 1251 2322; x_wconf 92' lang='lat' dir='ltr'>circum</span> <span class='ocrx_word' id='word_1_159' title='bbox 1274 2257 1375 2330; x_wconf 81' lang='lat' dir='ltr'>lilia</span> <span class='ocrx_word' id='word_1_160' title='bbox 1397 2256 1649 2320; x_wconf 80' lang='lat' dir='ltr'>funduntur</span> <span class='ocrx_word' id='word_1_161' title='bbox 1671 2251 1710 2334; x_wconf 80' lang='lat'>¹).</span> 
     </span>
    </p>

    <p class='ocr_par' dir='ltr' id='par_1_4' title="bbox 293 2354 1875 2642">
     <span class='ocr_line' id='line_1_18' title="bbox 293 2354 1874 2443; baseline -0.001 -25"><span class='ocrx_word' id='word_1_162' title='bbox 293 2367 393 2430; x_wconf 64' lang='lat' dir='ltr'>usati.</span> <span class='ocrx_word' id='word_1_163' title='bbox 492 2357 562 2422; x_wconf 86' lang='grc'><strong>163.</strong></span> <span class='ocrx_word' id='word_1_164' title='bbox 585 2355 649 2419; x_wconf 87' lang='lat' dir='ltr'>DE</span> <span class='ocrx_word' id='word_1_165' title='bbox 668 2354 938 2422; x_wconf 89' lang='lat' dir='ltr'><strong>HOMOEOSI.</strong></span> <span class='ocrx_word' id='word_1_166' title='bbox 962 2358 1169 2422; x_wconf 86' lang='lat' dir='ltr'>Homoeosis</span> <span class='ocrx_word' id='word_1_167' title='bbox 1192 2371 1243 2422; x_wconf 87' lang='lat' dir='ltr'>est</span> <span class='ocrx_word' id='word_1_168' title='bbox 1264 2355 1432 2440; x_wconf 81' lang='lat' dir='ltr'>ignotae*</span> <span class='ocrx_word' id='word_1_169' title='bbox 1456 2358 1507 2420; x_wconf 89' lang='lat' dir='ltr'>rei</span> <span class='ocrx_word' id='word_1_170' title='bbox 1530 2357 1718 2443; x_wconf 90' lang='lat' dir='ltr'>descriptio</span> <span class='ocrx_word' id='word_1_171' title='bbox 1742 2375 1807 2442; x_wconf 89' lang='lat' dir='ltr'>per</span> <span class='ocrx_word' id='word_1_172' title='bbox 1828 2355 1874 2417; x_wconf 91' lang='lat' dir='ltr'>si-</span> 
     </span>
     <span class='ocr_line' id='line_1_19' title="bbox 403 2456 1875 2544; baseline 0.002 -28"><span class='ocrx_word' id='word_1_173' title='bbox 403 2456 634 2521; x_wconf 89' lang='lat' dir='ltr'>militudinem</span> <span class='ocrx_word' id='word_1_174' title='bbox 652 2457 741 2535; x_wconf 88' lang='lat' dir='ltr'>eius,</span> <span class='ocrx_word' id='word_1_175' title='bbox 766 2478 854 2542; x_wconf 90' lang='lat' dir='ltr'>quae</span> <span class='ocrx_word' id='word_1_176' title='bbox 871 2460 1010 2542; x_wconf 90' lang='lat' dir='ltr'>cognita</span> <span class='ocrx_word' id='word_1_177' title='bbox 1036 2471 1095 2522; x_wconf 91' lang='lat' dir='ltr'>est.</span> <span class='ocrx_word' id='word_1_178' title='bbox 1141 2459 1235 2522; x_wconf 90' lang='lat' dir='ltr'>Haec</span> <span class='ocrx_word' id='word_1_179' title='bbox 1256 2459 1423 2523; x_wconf 85' lang='lat' dir='ltr'>dividitur</span> <span class='ocrx_word' id='word_1_180' title='bbox 1436 2457 1545 2522; x_wconf 85' lang='lat' dir='ltr'>tribus</span> <span class='ocrx_word' id='word_1_181' title='bbox 1562 2459 1676 2522; x_wconf 91' lang='lat' dir='ltr'>modis</span> <span class='ocrx_word' id='word_1_182' title='bbox 1698 2460 1735 2522; x_wconf 91' lang='lat' dir='ltr'>in</span> <span class='ocrx_word' id='word_1_183' title='bbox 1754 2473 1875 2544; x_wconf 83' lang='lat' dir='ltr'>para-</span> 
     </span>
     <span class='ocr_line' id='line_1_20' title="bbox 405 2551 1191 2642; baseline 0.004 -22"><span class='ocrx_word' id='word_1_184' title='bbox 405 2557 566 2641; x_wconf 88' lang='lat' dir='ltr'>digma,</span> <span class='ocrx_word' id='word_1_185' title='bbox 591 2559 627 2620; x_wconf 93' lang='lat' dir='ltr'>in</span> <span class='ocrx_word' id='word_1_186' title='bbox 647 2557 911 2642; x_wconf 88' lang='lat' dir='ltr'>parabolam,</span> <span class='ocrx_word' id='word_1_187' title='bbox 936 2559 973 2621; x_wconf 90' lang='lat' dir='ltr'>in</span> <span class='ocrx_word' id='word_1_188' title='bbox 996 2551 1191 2642; x_wconf 79' lang='lat' dir='ltr'>icona¹⁵).</span> 
     </span>
    </p>

    <p class='ocr_par' dir='ltr' id='par_1_5' title="bbox 405 2658 1878 2950">
     <span class='ocr_line' id='line_1_21' title="bbox 490 2658 1877 2746; baseline -0.001 -22"><span class='ocrx_word' id='word_1_189' title='bbox 490 2659 702 2724; x_wconf 91' lang='lat' dir='ltr'>Parabola</span> <span class='ocrx_word' id='word_1_190' title='bbox 725 2673 776 2723; x_wconf 87' lang='lat' dir='ltr'>est</span> <span class='ocrx_word' id='word_1_191' title='bbox 798 2679 913 2721; x_wconf 90' lang='lat' dir='ltr'>rerum</span> <span class='ocrx_word' id='word_1_192' title='bbox 936 2660 1155 2723; x_wconf 87' lang='lat' dir='ltr'>dissimilium</span> <span class='ocrx_word' id='word_1_193' title='bbox 1177 2661 1403 2746; x_wconf 88' lang='lat' dir='ltr'>comparatio,</span> <span class='ocrx_word' id='word_1_194' title='bbox 1427 2658 1604 2735; x_wconf 80' lang='lat' dir='ltr'>nt-Ac,</span> <span class='ocrx_word' id='word_1_195' title='bbox 1626 2658 1773 2722; x_wconf 87' lang='lat' dir='ltr'>veluti</span> <span class='ocrx_word' id='word_1_196' title='bbox 1796 2679 1877 2722; x_wconf 84' lang='lat' dir='ltr'>nra·</span> 
     </span>
     <span class='ocr_line' id='line_1_22' title="bbox 405 2745 1878 2848; baseline 0 -26"><span class='ocrx_word' id='word_1_197' title='bbox 405 2781 488 2846; x_wconf 90' lang='lat' dir='ltr'>gno</span> <span class='ocrx_word' id='word_1_198' title='bbox 520 2761 563 2824; x_wconf 93' lang='lat' dir='ltr'>in</span> <span class='ocrx_word' id='word_1_199' title='bbox 591 2763 756 2848; x_wconf 90' lang='lat' dir='ltr'>populo</span> <span class='ocrx_word' id='word_1_200' title='bbox 788 2781 879 2826; x_wconf 84' lang='lat' dir='ltr'>cunt</span> <span class='ocrx_word' id='word_1_201' title='bbox 909 2781 1038 2847; x_wconf 88' lang='lat' dir='ltr'>saepe</span> <span class='ocrx_word' id='word_1_202' title='bbox 1062 2745 1219 2827; x_wconf 73' lang='lat' dir='ltr'>&#39;coorta</span> <span class='ocrx_word' id='word_1_203' title='bbox 1248 2774 1312 2826; x_wconf 88' lang='lat' dir='ltr'>est</span> <span class='ocrx_word' id='word_1_204' title='bbox 1335 2755 1378 2844; x_wconf 81' lang='lat'>¹⁶)</span> <span class='ocrx_word' id='word_1_205' title='bbox 1402 2760 1570 2824; x_wconf 90' lang='lat' dir='ltr'>seditio</span> <span class='ocrx_word' id='word_1_206' title='bbox 1597 2795 1640 2809; x_wconf 89' lang='lat'>—</span> <span class='ocrx_word' id='word_1_207' title='bbox 1682 2759 1754 2824; x_wconf 86' lang='lat' dir='ltr'>sio</span> <span class='ocrx_word' id='word_1_208' title='bbox 1777 2779 1878 2822; x_wconf 90' lang='lat' dir='ltr'>cun-</span> 
     </span>
     <span class='ocr_line' id='line_1_23' title="bbox 409 2863 1098 2950; baseline 0.001 -23"><span class='ocrx_word' id='word_1_209' title='bbox 409 2876 505 2927; x_wconf 87' lang='lat' dir='ltr'>ctus</span> <span class='ocrx_word' id='word_1_210' title='bbox 527 2863 677 2950; x_wconf 87' lang='lat' dir='ltr'>pelagi</span> <span class='ocrx_word' id='word_1_211' title='bbox 701 2863 865 2928; x_wconf 89' lang='lat' dir='ltr'>cecidit</span> <span class='ocrx_word' id='word_1_212' title='bbox 886 2864 1098 2948; x_wconf 78' lang='lat' dir='ltr'>fragor·).</span> 
     </span>
    </p>

    <p class='ocr_par' dir='ltr' id='par_1_6' title="bbox 404 2963 1877 4176">
     <span class='ocr_line' id='line_1_24' title="bbox 492 2963 1877 3054; baseline 0 -26"><span class='ocrx_word' id='word_1_213' title='bbox 492 2965 643 3050; x_wconf 88' lang='lat' dir='ltr'>Quidam</span> <span class='ocrx_word' id='word_1_214' title='bbox 667 2969 755 3029; x_wconf 92' lang='lat' dir='ltr'>hanc</span> <span class='ocrx_word' id='word_1_215' title='bbox 779 2965 870 3030; x_wconf 87' lang='lat' dir='ltr'>inter</span> <span class='ocrx_word' id='word_1_216' title='bbox 887 2967 1092 3031; x_wconf 91' lang='lat' dir='ltr'>homoeosin</span> <span class='ocrx_word' id='word_1_217' title='bbox 1112 2981 1145 3032; x_wconf 91' lang='lat' dir='ltr'>et</span> <span class='ocrx_word' id='word_1_218' title='bbox 1164 2968 1354 3052; x_wconf 88' lang='lat' dir='ltr'>parabolen</span> <span class='ocrx_word' id='word_1_219' title='bbox 1369 2977 1493 3054; x_wconf 88' lang='lat' dir='ltr'>putant</span> <span class='ocrx_word' id='word_1_220' title='bbox 1506 2963 1756 3040; x_wconf 72' lang='lat' dir='ltr'>differentiam,</span> <span class='ocrx_word' id='word_1_221' title='bbox 1781 2965 1877 3048; x_wconf 92' lang='lat' dir='ltr'>quod</span> 
     </span>
     <span class='ocr_line' id='line_1_25' title="bbox 405 3067 1875 3160; baseline -0.002 -30"><span class='ocrx_word' id='word_1_222' title='bbox 405 3069 603 3132; x_wconf 90' lang='lat' dir='ltr'>homoeosis</span> <span class='ocrx_word' id='word_1_223' title='bbox 628 3079 694 3143; x_wconf 91' lang='lat' dir='ltr'>est,</span> <span class='ocrx_word' id='word_1_224' title='bbox 719 3087 797 3132; x_wconf 91' lang='lat' dir='ltr'>cum</span> <span class='ocrx_word' id='word_1_225' title='bbox 819 3071 1052 3155; x_wconf 80' lang='lat' dir='ltr'>expositore,</span> <span class='ocrx_word' id='word_1_226' title='bbox 1076 3089 1179 3153; x_wconf 85' lang='lat' dir='ltr'>quam</span> <span class='ocrx_word' id='word_1_227' title='bbox 1200 3070 1244 3133; x_wconf 89' lang='lat' dir='ltr'>ad</span> <span class='ocrx_word' id='word_1_228' title='bbox 1263 3070 1559 3160; x_wconf 88' lang='lat' dir='ltr'>comparationem</span> <span class='ocrx_word' id='word_1_229' title='bbox 1583 3067 1766 3142; x_wconf 86' lang='lat' dir='ltr'>duximus,</span> <span class='ocrx_word' id='word_1_230' title='bbox 1790 3078 1875 3130; x_wconf 87' lang='lat' dir='ltr'>tunc</span> 
     </span>
     <span class='ocr_line' id='line_1_26' title="bbox 406 3167 1874 3257; baseline 0 -25"><span class='ocrx_word' id='word_1_231' title='bbox 406 3189 477 3232; x_wconf 86' lang='lat' dir='ltr'>rem</span> <span class='ocrx_word' id='word_1_232' title='bbox 501 3170 728 3255; x_wconf 83' lang='lat' dir='ltr'>exponimus,</span> <span class='ocrx_word' id='word_1_233' title='bbox 751 3184 897 3257; x_wconf 89' lang='lat' dir='ltr'>propter</span> <span class='ocrx_word' id='word_1_234' title='bbox 920 3191 1023 3256; x_wconf 81' lang='lat' dir='ltr'>quana</span> <span class='ocrx_word' id='word_1_235' title='bbox 1044 3172 1235 3235; x_wconf 86' lang='lat' dir='ltr'>similitudo</span> <span class='ocrx_word' id='word_1_236' title='bbox 1251 3172 1388 3234; x_wconf 89' lang='lat' dir='ltr'>videtur</span> <span class='ocrx_word' id='word_1_237' title='bbox 1406 3171 1564 3246; x_wconf 82' lang='lat' dir='ltr'>inducta3</span> <span class='ocrx_word' id='word_1_238' title='bbox 1595 3167 1761 3254; x_wconf 88' lang='lat' dir='ltr'>parabola</span> <span class='ocrx_word' id='word_1_239' title='bbox 1777 3189 1874 3243; x_wconf 91' lang='lat' dir='ltr'>vero,</span> 
     </span>
     <span class='ocr_line' id='line_1_27' title="bbox 404 3271 1875 3359; baseline -0.001 -25"><span class='ocrx_word' id='word_1_240' title='bbox 404 3292 483 3334; x_wconf 92' lang='lat' dir='ltr'>cum</span> <span class='ocrx_word' id='word_1_241' title='bbox 500 3274 614 3357; x_wconf 91' lang='lat' dir='ltr'>primo</span> <span class='ocrx_word' id='word_1_242' title='bbox 632 3293 685 3336; x_wconf 89' lang='lat' dir='ltr'>res</span> <span class='ocrx_word' id='word_1_243' title='bbox 698 3274 904 3359; x_wconf 83' lang='lat' dir='ltr'>exponitur,</span> <span class='ocrx_word' id='word_1_244' title='bbox 929 3275 1026 3337; x_wconf 92' lang='lat' dir='ltr'>cuius</span> <span class='ocrx_word' id='word_1_245' title='bbox 1050 3275 1160 3358; x_wconf 89' lang='lat' dir='ltr'>gratia</span> <span class='ocrx_word' id='word_1_246' title='bbox 1177 3271 1366 3337; x_wconf 83' lang='lat' dir='ltr'>similitudo</span> <span class='ocrx_word' id='word_1_247' title='bbox 1389 3273 1547 3349; x_wconf 87' lang='lat' dir='ltr'>trahitur,</span> <span class='ocrx_word' id='word_1_248' title='bbox 1571 3283 1605 3336; x_wconf 95' lang='lat' dir='ltr'>et</span> <span class='ocrx_word' id='word_1_249' title='bbox 1628 3271 1677 3335; x_wconf 92' lang='lat' dir='ltr'>sic</span> <span class='ocrx_word' id='word_1_250' title='bbox 1697 3271 1875 3333; x_wconf 87' lang='lat' dir='ltr'>inducitur</span> 
     </span>
     <span class='ocr_line' id='line_1_28' title="bbox 404 3374 1873 3462; baseline -0.001 -26"><span class='ocrx_word' id='word_1_251' title='bbox 404 3375 605 3452; x_wconf 88' lang='lat' dir='ltr'>similitudo,</span> <span class='ocrx_word' id='word_1_252' title='bbox 629 3385 667 3440; x_wconf 93' lang='lat' dir='ltr'>ut</span> <span class='ocrx_word' id='word_1_253' title='bbox 684 3387 735 3439; x_wconf 89' lang='lat' dir='ltr'>est</span> <span class='ocrx_word' id='word_1_254' title='bbox 762 3376 1323 3462; x_wconf 85' lang='lat' dir='ltr'>-namqueipsadecoram</span> <span class='ocrx_word' id='word_1_255' title='bbox 1348 3374 1595 3439; x_wconf 87' lang='lat' dir='ltr'>Caesariem</span> <span class='ocrx_word' id='word_1_256' title='bbox 1620 3385 1723 3436; x_wconf 91' lang='lat' dir='ltr'>nato</span> <span class='ocrx_word' id='word_1_257' title='bbox 1746 3392 1873 3456; x_wconf 91' lang='lat' dir='ltr'>gene-</span> 
     </span>
     <span class='ocr_line' id='line_1_29' title="bbox 404 3474 1876 3564; baseline -0.001 -26"><span class='ocrx_word' id='word_1_258' title='bbox 404 3477 509 3553; x_wconf 83' lang='lat' dir='ltr'>trix,</span> <span class='ocrx_word' id='word_1_259' title='bbox 532 3477 767 3562; x_wconf 89' lang='lat' dir='ltr'>lumenque</span> <span class='ocrx_word' id='word_1_260' title='bbox 789 3477 989 3542; x_wconf 84' lang='lat' dir='ltr'>iuventae</span> <span class='ocrx_word' id='word_1_261' title='bbox 1012 3479 1303 3564; x_wconf 86' lang='lat' dir='ltr'>Purpureum,</span> <span class='ocrx_word' id='word_1_262' title='bbox 1335 3490 1373 3541; x_wconf 92' lang='lat' dir='ltr'>et</span> <span class='ocrx_word' id='word_1_263' title='bbox 1401 3478 1541 3541; x_wconf 88' lang='lat' dir='ltr'>laetos</span> <span class='ocrx_word' id='word_1_264' title='bbox 1575 3475 1715 3540; x_wconf 92' lang='lat' dir='ltr'>oculis</span> <span class='ocrx_word' id='word_1_265' title='bbox 1739 3474 1876 3538; x_wconf 86' lang='lat' dir='ltr'>adila·</span> 
     </span>
     <span class='ocr_line' id='line_1_30' title="bbox 404 3575 1875 3664; baseline -0.002 -23"><span class='ocrx_word' id='word_1_266' title='bbox 404 3591 468 3642; x_wconf 87' lang='lat' dir='ltr'>rat</span> <span class='ocrx_word' id='word_1_267' title='bbox 491 3582 741 3645; x_wconf 78' lang='lat' dir='ltr'>honores-</span> <span class='ocrx_word' id='word_1_268' title='bbox 764 3592 798 3643; x_wconf 92' lang='lat' dir='ltr'>et</span> <span class='ocrx_word' id='word_1_269' title='bbox 821 3581 1017 3664; x_wconf 85' lang='lat' dir='ltr'>-Quale</span> <span class='ocrx_word' id='word_1_270' title='bbox 1041 3601 1191 3644; x_wconf 90' lang='lat' dir='ltr'>manus</span> <span class='ocrx_word' id='word_1_271' title='bbox 1214 3578 1518 3643; x_wconf 89' lang='lat' dir='ltr'>adduntebori</span> <span class='ocrx_word' id='word_1_272' title='bbox 1546 3579 1689 3654; x_wconf 90' lang='lat' dir='ltr'>decus,</span> <span class='ocrx_word' id='word_1_273' title='bbox 1710 3575 1875 3640; x_wconf 90' lang='lat' dir='ltr'>autuhi</span> 
     </span>
     <span class='ocr_line' id='line_1_31' title="bbox 404 3679 1874 3768; baseline -0.002 -25"><span class='ocrx_word' id='word_1_274' title='bbox 404 3682 520 3747; x_wconf 80' lang='lat' dir='ltr'>flavo</span> <span class='ocrx_word' id='word_1_275' title='bbox 544 3695 770 3768; x_wconf 88' lang='lat' dir='ltr'>argeutum</span> <span class='ocrx_word' id='word_1_276' title='bbox 795 3682 1007 3745; x_wconf 88' lang='lat' dir='ltr'>Pariusve</span> <span class='ocrx_word' id='word_1_277' title='bbox 1035 3682 1150 3766; x_wconf 88' lang='lat' dir='ltr'>lapis</span> <span class='ocrx_word' id='word_1_278' title='bbox 1181 3681 1482 3745; x_wconf 88' lang='lat' dir='ltr'>circumdatur</span> <span class='ocrx_word' id='word_1_279' title='bbox 1503 3700 1618 3744; x_wconf 89' lang='lat' dir='ltr'>auro.</span> <span class='ocrx_word' id='word_1_280' title='bbox 1665 3680 1783 3743; x_wconf 85' lang='lat' dir='ltr'>Tunc</span> <span class='ocrx_word' id='word_1_281' title='bbox 1807 3679 1874 3740; x_wconf 91' lang='lat' dir='ltr'>sic</span> 
     </span>
     <span class='ocr_line' id='line_1_32' title="bbox 407 3782 1875 3868; baseline -0.003 -23"><span class='ocrx_word' id='word_1_282' title='bbox 407 3786 607 3868; x_wconf 83' lang='lat' dir='ltr'>reginam</span> <span class='ocrx_word' id='word_1_283' title='bbox 631 3784 893 3868; x_wconf 84' lang='lat' dir='ltr'>adloquitur</span> <span class='ocrx_word' id='word_1_284' title='bbox 907 3784 1163 3862; x_wconf 75' lang='lat' dir='ltr'>⁵)-hicenim</span> <span class='ocrx_word' id='word_1_285' title='bbox 1178 3782 1294 3846; x_wconf 91' lang='lat' dir='ltr'>intulit</span> <span class='ocrx_word' id='word_1_286' title='bbox 1309 3783 1408 3846; x_wconf 93' lang='lat' dir='ltr'>talis</span> <span class='ocrx_word' id='word_1_287' title='bbox 1422 3797 1495 3847; x_wconf 89' lang='lat' dir='ltr'>erat</span> <span class='ocrx_word' id='word_1_288' title='bbox 1508 3784 1653 3860; x_wconf 84' lang='lat' dir='ltr'>Aeneas,</span> <span class='ocrx_word' id='word_1_289' title='bbox 1669 3784 1759 3845; x_wconf 88' lang='lat' dir='ltr'>sicut</span> <span class='ocrx_word' id='word_1_290' title='bbox 1774 3792 1875 3843; x_wconf 90' lang='lat' dir='ltr'>antea</span> 
     </span>
     <span class='ocr_line' id='line_1_33' title="bbox 405 3882 1876 3971; baseline -0.003 -23"><span class='ocrx_word' id='word_1_291' title='bbox 405 3887 519 3948; x_wconf 90' lang='lat' dir='ltr'>-sic</span> <span class='ocrx_word' id='word_1_292' title='bbox 543 3897 720 3950; x_wconf 89' lang='lat' dir='ltr'>cunctus</span> <span class='ocrx_word' id='word_1_293' title='bbox 743 3885 1073 3971; x_wconf 88' lang='lat' dir='ltr'>pelagioeoidit</span> <span class='ocrx_word' id='word_1_294' title='bbox 1095 3884 1382 3970; x_wconf 68' lang='lat' dir='ltr'>fragon—sed</span> <span class='ocrx_word' id='word_1_295' title='bbox 1404 3906 1477 3948; x_wconf 89' lang='lat' dir='ltr'>rem</span> <span class='ocrx_word' id='word_1_296' title='bbox 1490 3885 1607 3970; x_wconf 89' lang='lat' dir='ltr'>posuit</span> <span class='ocrx_word' id='word_1_297' title='bbox 1620 3897 1699 3947; x_wconf 90' lang='lat' dir='ltr'>ante</span> <span class='ocrx_word' id='word_1_298' title='bbox 1714 3882 1876 3946; x_wconf 91' lang='lat' dir='ltr'>similitu-</span> 
     </span>
     <span class='ocr_line' id='line_1_34' title="bbox 405 3986 1875 4073; baseline -0.001 -24"><span class='ocrx_word' id='word_1_299' title='bbox 405 3987 533 4052; x_wconf 90' lang='lat' dir='ltr'>dinem.</span> <span class='ocrx_word' id='word_1_300' title='bbox 549 3988 731 4051; x_wconf 88' lang='lat' dir='ltr'>Praeterea</span> <span class='ocrx_word' id='word_1_301' title='bbox 745 3986 812 4048; x_wconf 89' lang='lat' dir='ltr'>alia</span> <span class='ocrx_word' id='word_1_302' title='bbox 822 3987 1026 4064; x_wconf 71' lang='lat' dir='ltr'>differentia,</span> <span class='ocrx_word' id='word_1_303' title='bbox 1045 3990 1141 4073; x_wconf 91' lang='lat' dir='ltr'>quod</span> <span class='ocrx_word' id='word_1_304' title='bbox 1153 3987 1350 4050; x_wconf 88' lang='lat' dir='ltr'>homoeosis</span> <span class='ocrx_word' id='word_1_305' title='bbox 1360 4008 1469 4072; x_wconf 89' lang='lat' dir='ltr'>genus</span> <span class='ocrx_word' id='word_1_306' title='bbox 1484 4001 1538 4050; x_wconf 91' lang='lat' dir='ltr'>est</span> <span class='ocrx_word' id='word_1_307' title='bbox 1551 3989 1587 4050; x_wconf 88' lang='lat' dir='ltr'>in</span> <span class='ocrx_word' id='word_1_308' title='bbox 1603 4009 1638 4050; x_wconf 88' lang='lat' dir='ltr'>se</span> <span class='ocrx_word' id='word_1_309' title='bbox 1655 3986 1786 4050; x_wconf 85' lang='lat' dir='ltr'>habens</span> <span class='ocrx_word' id='word_1_310' title='bbox 1804 3997 1875 4048; x_wconf 88' lang='lat' dir='ltr'>tres</span> 
     </span>
     <span class='ocr_line' id='line_1_35' title="bbox 406 4087 1875 4176; baseline -0.003 -21"><span class='ocrx_word' id='word_1_311' title='bbox 406 4091 555 4176; x_wconf 85' lang='lat' dir='ltr'>species:</span> <span class='ocrx_word' id='word_1_312' title='bbox 577 4087 798 4174; x_wconf 87' lang='lat' dir='ltr'>parabolam,</span> <span class='ocrx_word' id='word_1_313' title='bbox 821 4089 1034 4174; x_wconf 86' lang='lat' dir='ltr'>paradigma,</span> <span class='ocrx_word' id='word_1_314' title='bbox 1058 4091 1178 4166; x_wconf 82' lang='lat' dir='ltr'>icona3</span> <span class='ocrx_word' id='word_1_315' title='bbox 1201 4088 1367 4174; x_wconf 87' lang='lat' dir='ltr'>parabola</span> <span class='ocrx_word' id='word_1_316' title='bbox 1381 4110 1464 4154; x_wconf 89' lang='lat' dir='ltr'>vero</span> <span class='ocrx_word' id='word_1_317' title='bbox 1482 4091 1614 4176; x_wconf 85' lang='lat' dir='ltr'>species</span> <span class='ocrx_word' id='word_1_318' title='bbox 1632 4088 1721 4152; x_wconf 92' lang='lat' dir='ltr'>nihil</span> <span class='ocrx_word' id='word_1_319' title='bbox 1735 4099 1875 4174; x_wconf 87' lang='lat' dir='ltr'>praeter</span> 
     </span>
    </p>
   </div>
   <div class='ocr_carea' id='block_1_3' title="bbox 411 4345 481 4380">
    <p class='ocr_par' dir='ltr' id='par_1_7' title="bbox 411 4345 481 4380">
     <span class='ocr_line' id='line_1_36' title="bbox 411 4345 481 4380; baseline -0.029 0"><span class='ocrx_word' id='word_1_320' title='bbox 411 4345 481 4380; x_wconf 48' lang='grc' dir='ltr'>»Ξ-</span> 
     </span>
    </p>
   </div>
   <div class='ocr_carea' id='block_1_4' title="bbox 441 4547 1876 4786">
    <p class='ocr_par' dir='ltr' id='par_1_8' title="bbox 441 4547 1876 4786">
     <span class='ocr_line' id='line_1_37' title="bbox 441 4547 1874 4628; baseline -0.005 -19"><span class='ocrx_word' id='word_1_321' title='bbox 441 4559 477 4626; x_wconf 85' lang='grc'>·“)</span> <span class='ocrx_word' id='word_1_322' title='bbox 493 4549 696 4628; x_wconf 86' lang='lat' dir='ltr'>Tisiphone-</span> <span class='ocrx_word' id='word_1_323' title='bbox 711 4551 822 4607; x_wconf 80' lang='lat' dir='ltr'>tisifone</span> <span class='ocrx_word' id='word_1_324' title='bbox 841 4553 907 4607; x_wconf 79' lang='lat' dir='ltr'>Cod.</span> <span class='ocrx_word' id='word_1_325' title='bbox 929 4555 965 4624; x_wconf 80' lang='lat'>²¹)</span> <span class='ocrx_word' id='word_1_326' title='bbox 986 4552 1071 4606; x_wconf 80' lang='lat' dir='ltr'>sames</span> <span class='ocrx_word' id='word_1_327' title='bbox 1090 4584 1124 4596; x_wconf 94' lang='lat'><em>-</em></span> <span class='ocrx_word' id='word_1_328' title='bbox 1140 4553 1219 4605; x_wconf 80' lang='lat' dir='ltr'>lamis</span> <span class='ocrx_word' id='word_1_329' title='bbox 1239 4554 1304 4606; x_wconf 86' lang='lat' dir='ltr'>Cod.</span> <span class='ocrx_word' id='word_1_330' title='bbox 1327 4555 1361 4625; x_wconf 86' lang='lat'>¹⁸)</span> <span class='ocrx_word' id='word_1_331' title='bbox 1383 4549 1549 4624; x_wconf 84' lang='lat' dir='ltr'>antapodosi</span> <span class='ocrx_word' id='word_1_332' title='bbox 1569 4583 1604 4596; x_wconf 93' lang='lat'><em>-</em></span> <span class='ocrx_word' id='word_1_333' title='bbox 1620 4547 1787 4624; x_wconf 86' lang='lat' dir='ltr'>antepodoei</span> <span class='ocrx_word' id='word_1_334' title='bbox 1805 4551 1874 4603; x_wconf 81' lang='lat' dir='ltr'>Cod.</span> 
     </span>
     <span class='ocr_line' id='line_1_38' title="bbox 511 4635 1876 4714; baseline -0.007 -16"><span class='ocrx_word' id='word_1_335' title='bbox 511 4657 612 4698; x_wconf 77' lang='lat' dir='ltr'>etmox</span> <span class='ocrx_word' id='word_1_336' title='bbox 627 4647 723 4698; x_wconf 83' lang='lat' dir='ltr'>iterum</span> <span class='ocrx_word' id='word_1_337' title='bbox 737 4639 926 4714; x_wconf 79' lang='lat' dir='ltr'>entopodosie.</span> <span class='ocrx_word' id='word_1_338' title='bbox 955 4635 991 4713; x_wconf 71' lang='lat'>²⁴)</span> <span class='ocrx_word' id='word_1_339' title='bbox 1005 4637 1108 4694; x_wconf 83' lang='lat' dir='ltr'>sibi-</span> <span class='ocrx_word' id='word_1_340' title='bbox 1122 4640 1173 4696; x_wconf 80' lang='lat' dir='ltr'>sivi</span> <span class='ocrx_word' id='word_1_341' title='bbox 1191 4641 1258 4695; x_wconf 86' lang='lat' dir='ltr'>Cod.</span> <span class='ocrx_word' id='word_1_342' title='bbox 1288 4640 1324 4710; x_wconf 76' lang='lat'>¹⁸)</span> <span class='ocrx_word' id='word_1_343' title='bbox 1344 4641 1424 4693; x_wconf 83' lang='lat' dir='ltr'>icona</span> <span class='ocrx_word' id='word_1_344' title='bbox 1439 4640 1554 4694; x_wconf 90' lang='lat' dir='ltr'>-icon</span> <span class='ocrx_word' id='word_1_345' title='bbox 1575 4640 1643 4708; x_wconf 65' lang='grc' dir='ltr'>θοᾷ.</span> <span class='ocrx_word' id='word_1_346' title='bbox 1672 4641 1708 4710; x_wconf 79' lang='lat'>¹⁶)</span> <span class='ocrx_word' id='word_1_347' title='bbox 1726 4647 1820 4692; x_wconf 80' lang='lat' dir='ltr'>coorta</span> <span class='ocrx_word' id='word_1_348' title='bbox 1833 4647 1876 4689; x_wconf 85' lang='lat' dir='ltr'>est</span> 
     </span>
     <span class='ocr_line' id='line_1_39' title="bbox 510 4729 829 4786; baseline 0.003 -2"><span class='ocrx_word' id='word_1_349' title='bbox 510 4763 544 4774; x_wconf 91' lang='lat'><em>-</em></span> <span class='ocrx_word' id='word_1_350' title='bbox 559 4729 673 4786; x_wconf 77' lang='lat' dir='ltr'>cohorte</span> <span class='ocrx_word' id='word_1_351' title='bbox 693 4747 723 4784; x_wconf 82' lang='lat' dir='ltr'>et</span> <span class='ocrx_word' id='word_1_352' title='bbox 762 4731 829 4785; x_wconf 76' lang='lat' dir='ltr'>cod.</span> 
     </span>
    </p>
   </div>
   <div class='ocr_carea' id='block_1_5' title="bbox 441 4883 1878 5309">
    <p class='ocr_par' dir='ltr' id='par_1_9' title="bbox 441 4883 1878 5309">
     <span class='ocr_line' id='line_1_40' title="bbox 441 4883 1876 4962; baseline -0.003 -24"><span class='ocrx_word' id='word_1_353' title='bbox 441 4889 470 4954; x_wconf 84' lang='grc' dir='ltr'>α)</span> <span class='ocrx_word' id='word_1_354' title='bbox 492 4887 564 4956; x_wconf 83' lang='lat' dir='ltr'>Virg.</span> <span class='ocrx_word' id='word_1_355' title='bbox 581 4891 647 4941; x_wconf 77' lang='lat' dir='ltr'>Aen.</span> <span class='ocrx_word' id='word_1_356' title='bbox 665 4889 699 4942; x_wconf 87' lang='lat' dir='ltr'>V.</span> <span class='ocrx_word' id='word_1_357' title='bbox 718 4893 780 4946; x_wconf 80' lang='lat'><strong>757.</strong></span> <span class='ocrx_word' id='word_1_358' title='bbox 806 4891 833 4962; x_wconf 75' lang='lat' dir='ltr'>l)</span> <span class='ocrx_word' id='word_1_359' title='bbox 853 4889 931 4958; x_wconf 86' lang='lat' dir='ltr'>Virg.</span> <span class='ocrx_word' id='word_1_360' title='bbox 951 4890 1017 4940; x_wconf 77' lang='lat' dir='ltr'>Aen.</span> <span class='ocrx_word' id='word_1_361' title='bbox 1035 4888 1147 4946; x_wconf 81' lang='lat' dir='ltr'>X.761·</span> <span class='ocrx_word' id='word_1_362' title='bbox 1174 4889 1199 4956; x_wconf 85' lang='lat' dir='ltr'>e)</span> <span class='ocrx_word' id='word_1_363' title='bbox 1218 4886 1275 4944; x_wconf 80' lang='lat' dir='ltr'>cn.</span> <span class='ocrx_word' id='word_1_364' title='bbox 1290 4883 1397 4940; x_wconf 82' lang='lat' dir='ltr'>Charis.</span> <span class='ocrx_word' id='word_1_365' title='bbox 1415 4889 1477 4944; x_wconf 70' lang='lat' dir='ltr'>w.</span> <span class='ocrx_word' id='word_1_366' title='bbox 1489 4885 1520 4937; x_wconf 85' lang='grc' dir='ltr'>Ρ.</span> <span class='ocrx_word' id='word_1_367' title='bbox 1540 4887 1569 4954; x_wconf 80' lang='lat' dir='ltr'>d)</span> <span class='ocrx_word' id='word_1_368' title='bbox 1586 4883 1665 4954; x_wconf 84' lang='lat' dir='ltr'>Virg.</span> <span class='ocrx_word' id='word_1_369' title='bbox 1678 4884 1746 4935; x_wconf 81' lang='lat' dir='ltr'>Aen.</span> <span class='ocrx_word' id='word_1_370' title='bbox 1761 4883 1794 4934; x_wconf 89' lang='lat' dir='ltr'>V.</span> <span class='ocrx_word' id='word_1_371' title='bbox 1812 4887 1876 4941; x_wconf 90' lang='grc'><strong>570.</strong></span> 
     </span>
     <span class='ocr_line' id='line_1_41' title="bbox 510 4971 1876 5046; baseline -0.004 -20"><span class='ocrx_word' id='word_1_372' title='bbox 510 4978 534 5042; x_wconf 86' lang='lat' dir='ltr'>e)</span> <span class='ocrx_word' id='word_1_373' title='bbox 550 4973 626 5044; x_wconf 83' lang='lat' dir='ltr'>Virg.</span> <span class='ocrx_word' id='word_1_374' title='bbox 643 4979 708 5027; x_wconf 76' lang='lat' dir='ltr'>Aen.</span> <span class='ocrx_word' id='word_1_375' title='bbox 729 4975 778 5029; x_wconf 87' lang='lat' dir='ltr'>vl.</span> <span class='ocrx_word' id='word_1_376' title='bbox 792 4981 854 5036; x_wconf 79' lang='lat'><strong>275.</strong></span> <span class='ocrx_word' id='word_1_377' title='bbox 864 4977 906 5045; x_wconf 79' lang='lat' dir='ltr'>s)</span> <span class='ocrx_word' id='word_1_378' title='bbox 917 4976 1075 5046; x_wconf 68' lang='lat' dir='ltr'>virg-Aen.</span> <span class='ocrx_word' id='word_1_379' title='bbox 1092 4973 1143 5028; x_wconf 88' lang='lat'>111.</span> <span class='ocrx_word' id='word_1_380' title='bbox 1152 4979 1212 5034; x_wconf 73' lang='lat'><strong>256.</strong></span> <span class='ocrx_word' id='word_1_381' title='bbox 1230 4975 1262 5046; x_wconf 78' lang='lat' dir='ltr'>g)</span> <span class='ocrx_word' id='word_1_382' title='bbox 1279 4974 1355 5045; x_wconf 78' lang='lat' dir='ltr'>Virg.</span> <span class='ocrx_word' id='word_1_383' title='bbox 1369 4974 1437 5032; x_wconf 77' lang='lat' dir='ltr'>Aen.</span> <span class='ocrx_word' id='word_1_384' title='bbox 1453 4971 1501 5026; x_wconf 85' lang='lat' dir='ltr'>Vl·</span> <span class='ocrx_word' id='word_1_385' title='bbox 1515 4979 1577 5031; x_wconf 81' lang='lat'><strong>7⁰8.</strong></span> <span class='ocrx_word' id='word_1_386' title='bbox 1591 4977 1653 5032; x_wconf 82' lang='lat'><strong>709·</strong></span> <span class='ocrx_word' id='word_1_387' title='bbox 1673 4973 1701 5039; x_wconf 83' lang='grc' dir='ltr'>Ιι)</span> <span class='ocrx_word' id='word_1_388' title='bbox 1713 4971 1790 5040; x_wconf 81' lang='lat' dir='ltr'>Virg.</span> <span class='ocrx_word' id='word_1_389' title='bbox 1806 4973 1876 5022; x_wconf 82' lang='lat' dir='ltr'>Aen.</span> 
     </span>
     <span class='ocr_line' id='line_1_42' title="bbox 511 5056 1877 5136; baseline 0 -22"><span class='ocrx_word' id='word_1_390' title='bbox 511 5063 622 5120; x_wconf 64' lang='lat' dir='ltr'>ntea.</span> <span class='ocrx_word' id='word_1_391' title='bbox 638 5063 698 5120; x_wconf 86' lang='lat' dir='ltr'>7t6.</span> <span class='ocrx_word' id='word_1_392' title='bbox 726 5064 747 5131; x_wconf 82' lang='lat' dir='ltr'>i)</span> <span class='ocrx_word' id='word_1_393' title='bbox 762 5063 840 5132; x_wconf 83' lang='lat' dir='ltr'>Virg.</span> <span class='ocrx_word' id='word_1_394' title='bbox 859 5065 960 5135; x_wconf 87' lang='lat' dir='ltr'>Georg.</span> <span class='ocrx_word' id='word_1_395' title='bbox 972 5064 995 5116; x_wconf 90' lang='lat'>1.</span> <span class='ocrx_word' id='word_1_396' title='bbox 1010 5069 1072 5125; x_wconf 74' lang='lat'><strong>289.</strong></span> <span class='ocrx_word' id='word_1_397' title='bbox 1101 5064 1127 5136; x_wconf 78' lang='lat' dir='ltr'>t)</span> <span class='ocrx_word' id='word_1_398' title='bbox 1142 5064 1218 5135; x_wconf 81' lang='lat' dir='ltr'>Virg.</span> <span class='ocrx_word' id='word_1_399' title='bbox 1233 5060 1442 5132; x_wconf 71' lang='lat' dir='ltr'>Georg.1.989·</span> <span class='ocrx_word' id='word_1_400' title='bbox 1459 5065 1521 5120; x_wconf 79' lang='lat'><strong>290.</strong></span> <span class='ocrx_word' id='word_1_401' title='bbox 1545 5062 1567 5130; x_wconf 84' lang='lat'>1)</span> <span class='ocrx_word' id='word_1_402' title='bbox 1585 5060 1661 5132; x_wconf 86' lang='lat' dir='ltr'>Virg.</span> <span class='ocrx_word' id='word_1_403' title='bbox 1677 5063 1743 5111; x_wconf 78' lang='lat' dir='ltr'>hen.</span> <span class='ocrx_word' id='word_1_404' title='bbox 1758 5056 1806 5110; x_wconf 90' lang='lat' dir='ltr'>Vl.</span> <span class='ocrx_word' id='word_1_405' title='bbox 1821 5063 1877 5114; x_wconf 76' lang='lat'>707</span> 
     </span>
     <span class='ocr_line' id='line_1_43' title="bbox 511 5145 1878 5221; baseline -0.004 -20"><span class='ocrx_word' id='word_1_406' title='bbox 511 5155 614 5208; x_wconf 83' lang='grc'><strong>-709,</strong></span> <span class='ocrx_word' id='word_1_407' title='bbox 634 5149 723 5202; x_wconf 84' lang='lat' dir='ltr'>Totus</span> <span class='ocrx_word' id='word_1_408' title='bbox 736 5148 782 5203; x_wconf 88' lang='lat' dir='ltr'>hic</span> <span class='ocrx_word' id='word_1_409' title='bbox 796 5148 887 5204; x_wconf 88' lang='lat' dir='ltr'>locus:</span> <span class='ocrx_word' id='word_1_410' title='bbox 909 5157 993 5206; x_wconf 80' lang='lat' dir='ltr'>Prota</span> <span class='ocrx_word' id='word_1_411' title='bbox 1010 5165 1102 5206; x_wconf 82' lang='lat' dir='ltr'>autem</span> <span class='ocrx_word' id='word_1_412' title='bbox 1118 5153 1262 5213; x_wconf 81' lang='lat' dir='ltr'>dicuntur,</span> <span class='ocrx_word' id='word_1_413' title='bbox 1280 5166 1367 5221; x_wconf 83' lang='lat' dir='ltr'>neque</span> <span class='ocrx_word' id='word_1_414' title='bbox 1389 5145 1424 5199; x_wconf 79' lang='lat' dir='ltr'>ed</span> <span class='ocrx_word' id='word_1_415' title='bbox 1446 5148 1542 5211; x_wconf 85' lang='lat' dir='ltr'>finem,</span> <span class='ocrx_word' id='word_1_416' title='bbox 1566 5167 1580 5199; x_wconf 92' lang='lat' dir='ltr'>o</span> <span class='ocrx_word' id='word_1_417' title='bbox 1601 5147 1766 5218; x_wconf 84' lang='lat' dir='ltr'>glossemate</span> <span class='ocrx_word' id='word_1_418' title='bbox 1786 5145 1878 5217; x_wconf 86' lang='lat' dir='ltr'>irrep-</span> 
     </span>
     <span class='ocr_line' id='line_1_44' title="bbox 510 5234 1646 5309; baseline -0.002 -17"><span class='ocrx_word' id='word_1_419' title='bbox 510 5240 581 5292; x_wconf 80' lang='lat' dir='ltr'>sisse</span> <span class='ocrx_word' id='word_1_420' title='bbox 596 5234 711 5291; x_wconf 84' lang='lat' dir='ltr'>videtur.</span> <span class='ocrx_word' id='word_1_421' title='bbox 731 5243 768 5309; x_wconf 86' lang='lat' dir='ltr'>m)</span> <span class='ocrx_word' id='word_1_422' title='bbox 783 5239 859 5308; x_wconf 82' lang='lat' dir='ltr'>Virg.</span> <span class='ocrx_word' id='word_1_423' title='bbox 873 5241 939 5292; x_wconf 81' lang='lat' dir='ltr'>Aen.</span> <span class='ocrx_word' id='word_1_424' title='bbox 954 5240 977 5293; x_wconf 90' lang='lat' dir='ltr'>l.</span> <span class='ocrx_word' id='word_1_425' title='bbox 995 5245 1054 5299; x_wconf 77' lang='grc'>148.</span> <span class='ocrx_word' id='word_1_426' title='bbox 1071 5245 1129 5298; x_wconf 71' lang='grc'>149.</span> <span class='ocrx_word' id='word_1_427' title='bbox 1147 5245 1207 5299; x_wconf 65' lang='grc'>154</span> <span class='ocrx_word' id='word_1_428' title='bbox 1226 5241 1256 5308; x_wconf 81' lang='lat' dir='ltr'>n)</span> <span class='ocrx_word' id='word_1_429' title='bbox 1270 5237 1345 5304; x_wconf 75' lang='lat' dir='ltr'>virg.</span> <span class='ocrx_word' id='word_1_430' title='bbox 1362 5236 1429 5290; x_wconf 70' lang='lat' dir='ltr'>Aen.</span> <span class='ocrx_word' id='word_1_431' title='bbox 1444 5235 1464 5290; x_wconf 92' lang='lat' dir='ltr'>l.</span> <span class='ocrx_word' id='word_1_432' title='bbox 1482 5239 1646 5298; x_wconf 75' lang='grc'>589-594.</span> 
     </span>
    </p>
   </div>
   <div class='ocr_carea' id='block_1_6' title="bbox 0 0 2016 6068">
    <p class='ocr_par' dir='ltr' id='par_1_10' title="bbox 0 0 2016 6068">
     <span class='ocr_line' id='line_1_45' title="bbox 0 0 2016 6068; baseline 0 0"><span class='ocrx_word' id='word_1_433' title='bbox 0 0 2016 6068; x_wconf 95' lang='lat' dir='ltr'> </span> 
     </span>
    </p>
   </div>
  </div>
 </body>
</html>
