4104 6064
399 549 465 620 m
720 535 1538 598 rsaousursonausssrtoa.

399 689 451 756 bit
465 689 639 776 posterior
654 699 848 763 accentum,
872 698 907 752 et
929 705 1009 752 cum
1032 684 1256 750 'l'bemisto
1275 675 1330 768 99),
1355 682 1555 762 Callisto,
1579 683 1702 752 ultima
1716 685 1869 754 circuns-

398 791 564 868 tlectitur,
594 789 691 875 quod
717 781 906 873 utrumqne
935 787 1063 852 latinus
1094 807 1209 851 sermo
1239 807 1313 851 non
1335 787 1481 873 patitur,
1509 787 1580 850 uisi
1606 807 1704 866 raro,
1733 801 1773 854 ιιι
1794 789 1871 854 sola

403 892 557 958 occurrit
579 890 781 956 coniunctio
806 909 907 975 ergo
926 883 1002 974 ¹⁶⁵)
993 909 1030 952 sn
1053 908 1120 974 qna
1134 890 1550 976 posteriorcircumtlexa
1570 889 1759 970 investitum
1782 889 1870 956 item

398 991 600 1060 adverbium
623 1012 752 1079 poue,
775 1010 819 1055 ne
842 993 886 1056 sit
906 989 1064 1056 verbum.

484 1097 516 1162 9.
538 1093 602 1160 Ειι
623 1107 738 1158 autem
761 1093 873 1158 lorma
895 1093 988 1158 acuti
1010 1097 1202 1158 secentus²
1205 1085 1235 1176 6)
1260 1093 1301 1176 ·).
1325 1089 1481 1156 Verbum
1505 1092 1651 1157 hicnon
1673 1092 1710 1158 id
1732 1093 1871 1160 intelle-

399 1195 569 1282 gendum,
605 1195 662 1260 oui
691 1195 834 1282 proprie
857 1199 900 1279 ²⁷)
931 1194 1159 1260 Grammatiei
1187 1207 1323 1280 tempus
1353 1213 1432 1258 cum
1454 1213 1602 1280 persona
1632 1195 1754 1260 dieunt
1775 1197 1869 1262 acci-

399 1298 510 1362 dese'
514 1291 565 1382 Ι9),
585 1295 647 1362 scd
669 1297 911 1384 accipiendum
928 1299 971 1380 ’9)
994 1295 1203 1382 generaliter
1223 1315 1286 1382 pro
1310 1295 1465 1380 qualibet
1492 1308 1590 1382 parte
1613 1299 1802 1376 sermonis,
1831 1311 1872 1364 nt

400 1413 452 1464 est
468 1421 488 1464 a
506 1400 665 1484 Vergilio
686 1400 819 1465 dictum
835 1435 877 1448 -·-
892 1419 939 1462 es
960 1396 1090 1462 verba
1113 1397 1267 1462 locutu
1279 1395 1390 1480 s⁶)—
1408 1410 1441 1460 et
1456 1397 1557 1462 uobis
1575 1418 1651 1464 mos
1668 1412 1719 1464 est
1734 1400 1869 1464 dicere:

399 1501 537 1568 verba
559 1501 749 1587 aliquem
773 1500 949 1579 iecisse,
973 1521 1053 1565 eum
1076 1520 1216 1563 omnem
1240 1501 1433 1565 orationem
1463 1499 1624 1564 volumus
1653 1500 1809 1586 intellegi
1826 1503 1871 1584 ‘).

485 1609 517 1670 7.
549 1604 590 1667 ln
613 1615 758 1668 accentu
780 1603 936 1678 materia,
959 1602 1076 1678 locus,
1100 1613 1134 1666 et
1155 1613 1277 1666 natura
1300 1599 1393 1691 [est]
1409 1600 1444 1684 9)
1467 1601 1652 1689 prosodiae
1669 1595 1713 1684 ³⁰)
1735 1601 1871 1666 brevis·

399 1706 487 1770 sime
505 1699 796 1790 conprehensa³')
815 1717 904 1770 sunt.
927 1703 1017 1768 Nam
1036 1704 1185 1768 materia*
1203 1724 1276 1766 esse
1300 1703 1494 1769 ostenditur
1504 1723 1575 1768 vox
1598 1716 1631 1768 et
1654 1723 1694 1768 ea
1716 1703 1872 1789 quidem,

399 1827 470 1894 qna
486 1801 528 1892 ³²)
551 1805 657 1871 verba
679 1817 826 1892 possunt
848 1825 983 1882 sonare,
1007 1805 1127 1882 idest,
1150 1805 1334 1891 scriptilis;
1357 1805 1455 1870 locus
1478 1819 1592 1870 antem
1617 1804 1758 1888 syllaba,
1783 1824 1874 1891 quo-

397 1910 493 1974 niam
516 1911 602 1974 haec
623 1908 766 1996 proprie
786 1902 828 1992 ³³)
852 1905 948 1972 verbi
972 1928 1051 1993 pars
1075 1914 1137 1984 est,
1160 1928 1248 1992 quae
1272 1908 1397 1993 recipit
1419 1921 1613 1974 accentum.
1636 1908 1768 1973 Natura
1784 1928 1870 1972 vero

397 2011 583 2098 prosodiae
606 2011 643 2074 iu
665 2029 708 2073 eo
732 2023 794 2088 est,
818 2009 913 2094 quod
936 2021 995 2073 aut
1017 2029 1154 2074 sursum
1177 2022 1309 2074 estant
1331 2011 1513 2088 deorsum
1535 2031 1616 2074 nam
1640 2010 1678 2074 in
1699 2008 1797 2073 uocis
1819 2007 1871 2072 al-

397 2113 545 2176 titudine
569 2111 713 2176 omuino
729 2103 772 2195 99)
796 2123 989 2197 spectatur,
1012 2111 1118 2190 adeo,
1141 2124 1180 2175 ut
1202 2112 1231 2174 si
1254 2131 1375 2177 omues
1398 2112 1549 2195 syllabae
1571 2113 1649 2202 pari
1671 2111 1808 2198 fastigio
1826 2103 1870 2194 ³⁵)

396 2214 495 2280 vocis
516 2214 757 2291 enuntientur,
780 2213 946 2300 prosodia
968 2214 1012 2278 sit
1033 2213 1140 2280 nulla.

480 2318 512 2380 8.
544 2314 642 2381 Scire
671 2328 786 2380 autem
815 2328 955 2401 oportet
982 2334 1124 2392 vocem,
1154 2316 1244 2380 sieut
1271 2335 1375 2380 omne
1408 2337 1557 2404 corpus,
1580 2329 1650 2382 tres
1674 2309 1717 2400 ³⁶)
1739 2313 1868 2380 babere

395 2416 591 2482 distantias:
631 2417 864 2494 altitudinem,
902 2418 1187 2494 erassitudinem,
1218 2416 1486 2502 longitudinem.
1528 2417 1800 2504 Longitudiuem
1826 2410 1872 2501 ³⁷)

396 2529 554 2606 tempore
577 2539 618 2584 ac
641 2516 780 2600 syllsbis
802 2519 983 2596 metimur3
1006 2539 1088 2583 uam
1111 2532 1145 2584 et
1168 2531 1336 2604 qnantum
1359 2521 1527 2607 temporis
1545 2515 1587 2606 ³⁸)
1611 2541 1672 2584 ore
1686 2519 1872 2585 enuntian-

395 2619 449 2683 dis
471 2618 587 2683 verbis
615 2632 748 2682 teratur
769 2633 804 2683 et
832 2633 963 2704 quanto
986 2641 1131 2684 numero
1156 2622 1331 2706 modoque
1354 2601 1565 2704 syllabarum
1593 2621 1870 2708 unumquodque

396 2720 441 2786 sit
458 2713 501 2806 99)
523 2719 689 2797 verbum,
720 2721 909 2808 plurimum
940 2721 1055 2786 reiert.
1078 2725 1123 2784 As
1146 2721 1365 2788 altitudinem
1382 2716 1426 2808 ⁴⁰)
1442 2727 1476 2808 ‘)
1505 2723 1672 2789 disceruit
1692 2734 1872 2798 accentus,

397 2841 476 2886 curn
499 2842 579 2909 pars
602 2822 701 2887 verbi
723 2836 782 2888 aut
805 2823 841 2886 iu
864 2843 969 2908 grase
991 2822 1209 2909 deprimitur,
1235 2837 1294 2888 aut
1316 2824 1570 2891 sublimaturin
1585 2836 1732 2889 acutum.
1763 2821 1873 2888 Cras-

397 2923 512 2988 situdo
532 2915 575 3007 9“)
603 2937 719 2988 sutem
751 2925 787 2990 iu
809 2925 934 3011 spiritu
956 2917 1000 3009 99)
1022 2937 1090 3002 est,
1119 2926 1211 2990 uude
1234 2927 1338 2990 etiam
1363 2925 1489 2992 Graeci
1511 2927 1782 3014 adspirationem
1805 2943 1871 3010 ap-

286 3015 381 3124 fgfff
382 3025 587 3113 ·pellant;
604 3045 687 3090 uam
709 3047 829 3092 omues
852 3048 957 3092 voces
978 3038 1038 3090 aut
1059 3027 1246 3113 aspirando
1264 3021 1306 3112 99)
1329 3028 1474 3096 fecimus
1496 3030 1698 3117 pinguiores
1713 3019 1776 3110 9’),
1807 3037 1870 3090 sut

396 3126 471 3192 siue
492 3129 647 3214 aspiratis
669 3130 928 3215 pronuntiando
952 3129 1138 3194 tenuiores.

431 3233 512 3298 ·.9
536 3229 643 3313 Quod
665 3232 709 3295 ad
724 3232 851 3296 latinos
866 3243 1029 3296 accentus
1047 3231 1182 3309 attinet,
1205 3231 1278 3296 siva
1292 3232 1435 3298 stativos
1450 3252 1510 3298 seu
1529 3229 1791 3298 commutabiles
1807 3221 1870 3313 99),

396 3331 478 3396 satis
508 3331 650 3400 dictum.
692 3332 796 3400 Nunc
831 3346 870 3398 ut
906 3333 1113 3398 divisionem
1157 3333 1431 3420 tripertivimns,
1477 3346 1635 3422 superest
1665 3333 1870 3410 ostendere,

395 3453 500 3518 quem
528 3453 630 3498 usum
657 3436 842 3522 prosodiae
868 3429 912 3519 ⁴⁶)
942 3436 1035 3500 circa
1063 3455 1188 3520 graeca
1216 3437 1360 3500 nomina
1381 3435 1509 3501 babere
1539 3435 1727 3501 debeamus
1745 3427 1842 3518 99);”
1831 3454 1871 3496 ιιι

381 3553 465 3618 .qna
487 3555 542 3614 re,
573 3555 652 3600 cum
684 3536 875 3623 plurimum
905 3549 1056 3614 erretur,
1085 3537 1143 3600 via
1164 3549 1281 3602 tamen
1304 3550 1356 3602 est
1377 3537 1563 3602 amovendi
1585 3538 1713 3602 erroris
1734 3534 1875 3600 brevis-

394 3633 501 3713 sima,
532 3637 601 3701 nisi
633 3636 721 3704 forte
751 3640 829 3724 quis
853 3659 894 3706 eo
917 3638 1094 3706 demersus
1117 3639 1300 3725 inperitiae
1322 3639 1368 3704 sit
1385 3633 1444 3725 ⁴⁸),
1467 3651 1505 3703 ut
1528 3639 1564 3704 iu
1587 3657 1711 3724 graeca
1731 3647 1873 3703 nostra-

439 3807 478 3879 99)
505 3801 649 3861 Tbemistc
669 3840 704 3852 -
722 3809 833 3864 temisto
850 3809 921 3863 'ceu
951 3809 986 3877 99)
1006 3826 1071 3880 ergo
1090 3815 1118 3863 iss
1139 3811 1206 3864 eod.
1226 3815 1354 3863 omissum
1371 3813 1562 3882 supplevimus.
1589 3813 1626 3881 99)
1645 3817 1776 3862 accentus
1797 3807 1871 3860 ceu.

500 3911 534 3946 ee
553 3912 603 3947 em.
621 3913 664 3966 pr.
683 3915 738 3960 ιιι,
761 3916 834 3969 quae
850 3901 927 3969 prius
945 3903 1091 3967 scripserat
1108 3905 1260 3956 accentum.
1294 3902 1330 3972 99)
1348 3899 1461 3971 proprie
1479 3929 1513 3940 -
1532 3894 1645 3969 probsie
1669 3897 1738 3950 eod.
1765 3896 1801 3964 99)
1821 3911 1871 3946 ae-

500 3979 595 4034 ridere
612 4013 649 4026 -
667 3984 799 4039 accedere
820 3985 887 4039 ced.
915 3988 951 4055 99)
970 3981 1164 4057 accipiendum
1184 3986 1252 4039 ceu.
1273 4005 1350 4058 apr.
1369 4005 1405 4039 m.
1422 4017 1461 4030 -
1486 3981 1676 4058 accipiendum
1701 4003 1736 4037 ex
1754 4001 1805 4042 est.
1822 3999 1871 4054 pr.

500 4087 536 4122 m.
556 4071 592 4142 99)
611 4071 760 4142 prosodiae
777 4103 815 4118 -
831 4071 963 4144 prosodie
985 4073 1052 4147 (leel.
1072 4075 1110 4146 99)
1129 4071 1319 4146 conprehensa
1336 4105 1373 4116 -
1390 4070 1596 4144 ecupssebensa
1617 4073 1684 4126 ceu.
1704 4073 1740 4141 99)
1761 4089 1815 4144 qus
1832 4099 1871 4111 --

500 4175 571 4230 quas
592 4160 659 4212 Cod.
681 4163 703 4193 99
708 4173 716 4226 t
736 4160 848 4232 proprie
866 4189 901 4200 -
919 4158 1033 4230 probris
1054 4159 1121 4214 Cori.
1141 4162 1177 4232 99)
1196 4161 1308 4215 omniuo
1327 4191 1363 4206 -
1381 4181 1463 4216 omno
1483 4159 1534 4234 (τῷ
1551 4177 1570 4212 ss
1588 4164 1642 4214 ssia
1656 4171 1760 4232 puaeta
1772 4177 1874 4229 super·

499 4246 649 4317 luspositu).
677 4248 713 4314 99)
740 4247 851 4316 fastigio
879 4245 946 4300 ced.
973 4266 1007 4300 ex
1025 4266 1075 4301 em.
1093 4266 1135 4317 pr.
1155 4267 1192 4302 m.
1210 4279 1246 4290 -
1264 4249 1372 4320 tuingia
1392 4272 1409 4303 e
1426 4271 1469 4321 pr.
1488 4270 1523 4304 m.
1542 4251 1579 4318 99)
1599 4257 1655 4301 tres
1674 4278 1711 4290 -
1728 4247 1779 4300 tris
1801 4247 1876 4300 Col.

502 4333 539 4402 99)
557 4331 773 4403 Lengitsdinem
792 4339 821 4386 in
842 4334 909 4387 cod.
931 4339 1057 4389 omissum
1075 4338 1268 4406 supplevimus.
1293 4339 1331 4409 99)
1352 4339 1483 4409 temporis
1501 4343 1530 4391 iss
1551 4338 1618 4390 ceu.
1646 4341 1774 4389 emissum
1791 4339 1876 4388 resti-

501 4423 612 4472 luimus.
632 4421 667 4492 99)
686 4420 778 4475 sit-
796 4422 822 4474 si
843 4422 911 4475 Cod.
932 4423 968 4494 99)
987 4426 1023 4475 At
1040 4420 1218 4476 silitudinem
1235 4455 1270 4466 —
1288 4423 1323 4478 ab
1342 4423 1489 4480 altitudine
1510 4425 1577 4479 ceu.
1596 4427 1634 4494 99)
1655 4421 1820 4478 Crassitudo
1836 4455 1874 4463 -

502 4504 652 4562 Crasitudo
674 4507 742 4562 Cori.
770 4510 808 4581 99)
827 4509 927 4581 spiritu
948 4511 1017 4568 Geel.
1035 4529 1070 4564 ex
1088 4529 1138 4564 ess.
1158 4530 1202 4580 pr.
1219 4529 1253 4564 m.
1273 4543 1308 4554 --
1326 4513 1433 4584 spirutu
1451 4535 1469 4567 u
1486 4533 1530 4584 pr.
1548 4531 1584 4566 m.
1608 4512 1645 4582 99)
1665 4508 1815 4581 aspirando
1836 4541 1875 4552 -

499 4593 647 4666 aspiranda
673 4596 741 4650 ceu.
770 4597 807 4669 99)
826 4597 985 4669 pingniores
1009 4629 1046 4640 --
1063 4599 1206 4670 pinguim
1226 4599 1293 4652 ced.
1322 4602 1357 4672 99)
1378 4597 1637 4654 commutabiles-
1657 4595 1876 4652 commetabllea

501 4685 569 4737 Corl.
597 4685 634 4751 99)
653 4683 801 4757 prosodiae
821 4715 853 4728 -
872 4684 1005 4756 prosodie
1027 4688 1094 4741 ceu
1121 4689 1157 4758 99)
1177 4683 1327 4741 debeamus
1348 4689 1417 4742 ceu.
1436 4709 1470 4742 ee
1488 4708 1540 4742 em.
1557 4708 1600 4759 pr.
1623 4707 1659 4740 ιιι.
1679 4719 1714 4730 -
1733 4681 1876 4738 debemus

499 4791 517 4824 u
534 4791 577 4843 pr.
595 4792 632 4828 m.
651 4775 691 4842 99)
711 4791 745 4827 ec
765 4772 906 4828 demersus
925 4773 1071 4845 inperitiae
1090 4775 1128 4828 sit
1144 4805 1181 4818 -
1199 4773 1298 4828 eodem
1315 4777 1557 4849 ressus·iupesitis
1575 4783 1619 4828 sat
1639 4775 1707 4830 ceu.

445 4863 476 4931 a)
500 4861 549 4914 Est
563 4868 660 4915 'autem
679 4875 869 4916 ...serentum
895 4860 1054 4932 Lugendum
1079 4859 1200 4916 ridetur:
1226 4865 1277 4918 Est
1295 4877 1387 4918 autem
1396 4868 1496 4933 sorma
1515 4869 1592 4918 serati
1609 4875 1739 4918 assatus
1754 4859 1779 4923 ἰ
1798 4880 1874 4934 3⁷⁸·

497 4951 538 5002 uis
553 4940 579 5010 ⁸,
598 4953 766 5021 circumflexi
798 4950 818 5002 ⁸.
855 4949 882 5018 b)
909 4949 1070 5020 virgum.
1090 4949 1246 5010 Villius.
1267 4955 1292 5020 ο)
1313 4954 1435 5009 Verium
1453 4953 1496 5006 laic
1514 4987 1558 5006 ...
1575 4955 1697 5024 intellegi
1703 4971 1712 5016 ,·
1738 4969 1771 5005 st
1800 4947 1880 5004 baec

496 5035 589 5090 alieno
613 5034 677 5090 loco
695 5035 801 5090 intrusa
819 5033 956 5092 videntur.
983 5041 1013 5106 d)
1037 5032 1075 5095 Td
1095 5051 1135 5092 est
1151 5035 1298 5092 abundans
1316 5041 1425 5094 uncinis
1443 5039 1623 5104 iaclusimus,
1647 5037 1699 5093 sed
1718 5055 1809 5110 usque
1828 5037 1879 5090 sie

496 5121 575 5178 locus
600 5125 712 5180 sanitati
736 5125 881 5180 restitdtua
903 5124 1025 5182 ridetur.
1048 5127 1076 5200 e)
1099 5127 1140 5186 At
1163 5129 1344 5184 altitudinem.
1363 5129 1405 5183 lta
1428 5126 1576 5202 legendum
1593 5136 1722 5202 putamus
1741 5144 1806 5200 pret
1835 5128 1880 5180 ab

496 5211 641 5266 altitudine
659 5221 690 5268 ut
707 5210 789 5268 babet
809 5211 879 5268 Cod.
