4042 6070
445 483 491 548 48
629 488 639 504 ·
902 454 943 532 n.
963 459 1140 532 cnsunl
1172 469 1466 526 sicenoorrs

446 627 560 690 lacte
578 621 884 712 posuit—Sicut
898 623 1012 688 lacte
1027 621 1134 686 lacti
1153 616 1542 700 simile·).—Quidam
1557 617 1773 702 putanthoc
1796 619 1912 699 lact⁵)

447 723 573 790 debere
589 727 669 794 dici.
696 727 765 792 Sed
781 739 896 790 errant
902 750 912 804 ;
935 723 1067 790 duabus
1082 723 1174 787 enim
1186 721 1290 784 mutis
1304 718 1438 782 nullum
1455 739 1584 782 nomen
1596 719 1773 784 terminari
1789 737 1911 806 potest.

447 829 623 914 Vergilius
644 829 787 894 -Lac
810 829 911 891 mihi
935 847 1018 890 non
1040 837 1201 888 aestate
1224 841 1393 898 novum,
1417 841 1501 885 non
1524 819 1687 904 frigore
1711 821 1820 887 dclit
1839 827 1913 902 ⁶)—

447 945 479 994 et
501 932 695 996 declinatur
716 950 863 994 numero
887 928 1126 992 tantummodo
1152 923 1334 1010 singulari;
1370 943 1450 986 nam
1482 921 1577 1005 quod
1608 921 1748 988 Plautus
1773 924 1912 990 lactes

445 1036 573 1120 posuit,
597 1054 723 1118 genere
748 1031 951 1106 masculino,
974 1051 1120 1096 numero
1140 1027 1278 1116 plurali,
1302 1043 1373 1088 non
1392 1045 1412 1087 a
1429 1023 1644 1088 nominativo
1667 1025 1744 1089 hoc
1772 1027 1837 1090 lac
1858 1031 1910 1090 uel

446 1137 568 1218 hoc⁹)
596 1134 726 1210 lacte,
758 1133 819 1196 aed
846 1133 908 1196 hii
936 1133 975 1214 ιο)
1004 1131 1142 1196 lactes
1177 1148 1322 1192 numero
1342 1145 1479 1212 semper
1501 1123 1639 1210 plurali.
1684 1127 1770 1192 Sunt
1799 1143 1908 1192 autem

446 1237 582 1300 lactes
605 1237 712 1322 partis
729 1236 885 1322 corporis
905 1235 940 1298 in
958 1235 1129 1298 intestinis
1153 1230 1412 1320 pinguissimae.
1429 1227 1462 1312 ¹¹)

532 1339 621 1402 Sane
643 1339 853 1424 pronomina
873 1335 1010 1420 generis
1035 1335 1147 1399 omnis
1171 1333 1326 1397 invenies
1348 1333 1433 1407 hic,
1467 1333 1586 1406 haec,
1622 1327 1719 1408 hoo,
1755 1335 1910 1416 genetivo

447 1439 543 1502 ·lUS.
563 1438 743 1502 facientia:
767 1440 910 1514 huius;
933 1439 1095 1522 genetivo
1110 1435 1237 1524 plurali
1254 1431 1381 1498 ·RUM.
1398 1434 1545 1496 horum
1555 1457 1566 1510 ;
1581 1434 1697 1498 dativo
1713 1435 1793 1510 his;
1815 1448 1847 1497 et
1863 1433 1912 1498 ab

445 1541 510 1604 his
534 1539 696 1604 ablativo.

352 1653 420 1708 'tao-t
530 1645 560 1706 l.
585 1643 639 1706 ·D·
661 1641 777 1708 littera
797 1640 932 1705 nullum
954 1661 1083 1706 nomen
1105 1639 1219 1726 reperi
1242 1637 1480 1712 terminatum;
1510 1635 1634 1701 doceat
1649 1635 1908 1702 declinationem

470 1745 506 1806 ui
530 1745 711 1808 invenerit.

446 1765 469 1828 q
513 1846 621 1909 ·Sane
654 1846 865 1932 pronomina
891 1843 1028 1928 generis
1062 1843 1176 1906 neutri
1212 1843 1348 1903 invenies
1367 1841 1509 1920 genetivo
1534 1839 1633 1903 ·lUS·
1665 1843 1704 1924 ΙΙ)
1738 1841 1910 1904 facientia:

446 1945 574 2022 illud,
598 1947 743 2023 illius;
768 1945 901 2023 istud,
925 1945 1067 2020 istius;
1099 1965 1179 2006 nam
1202 1944 1341 2028 ipsum
1366 1943 1492 2006 dicitur
1515 1961 1587 2006 non
1611 1944 1754 2028 ipsud:
1790 1945 1911 2026 Vergi-

446 2049 573 2111 lius-
595 2060 723 2133 atque
749 2049 886 2136 ipsum
912 2067 1064 2132 corpus
1088 2046 1305 2126 amici⁰)-
1327 2057 1420 2106 et-
1442 2043 1529 2106 Hoc
1553 2045 1690 2129 ipsum
1713 2057 1757 2107 ut
1778 2057 1910 2106 strue·

332 2149 639 2232 r.1ac.v.rets)-
667 2151 828 2236 genetivo
849 2149 972 2232 plurali
993 2147 1119 2210 ·RUM·
1135 2147 1150 2178 ⁴
1174 2146 1368 2222 illorum,
1392 2145 1592 2222 istorum,
1615 2147 1730 2210 dativo
1747 2145 1790 2209 ab
1814 2145 1912 2218 illis,

449 2255 556 2318 istis.

365 2369 424 2424 (ιι.)
534 2361 565 2418 5.
588 2354 639 2417 ·Ε·
662 2353 777 2418 littera
794 2353 976 2414 terminata
989 2350 1132 2414 nomina
1145 2350 1280 2432 generis
1295 2349 1477 2413 masculini
1493 2361 1525 2412 et
1539 2348 1695 2414 feminini
1713 2370 1783 2413 non
1800 2351 1915 2412 inveni

448 2455 565 2530 latina,
590 2455 650 2517 sed
668 2475 809 2538 graeca,
834 2451 884 2512 ·E·
901 2450 1073 2535 producto
1090 2451 1282 2524 terminata,
1305 2471 1393 2534 quae
1407 2464 1465 2514 aut
1478 2473 1601 2536 graeca
1616 2454 1748 2516 ratione
1763 2452 1916 2515 declina·

448 2553 597 2630 buntur,
621 2553 716 2618 nulla
735 2555 869 2617 ratione
890 2551 1089 2625 latinitatis,
1113 2562 1151 2610 ut
1174 2551 1274 2613 haec
1301 2551 1466 2628 Danae,
1490 2555 1613 2618 huius
1634 2555 1820 2628 Danaes,
1845 2576 1914 2638 qna

448 2653 579 2736 syllaba
603 2652 719 2718 nullus
740 2653 921 2737 genetivus
939 2651 1066 2714 latinus
1089 2651 1309 2728 terminatum
1332 2665 1390 2716 aut
1408 2651 1457 2716 ·E·
1476 2655 1511 2718 in
1526 2657 1576 2719 ·Α·
1591 2669 1724 2718 mutans
1748 2657 1784 2718 in
1800 2659 1916 2719 nomi·

500 2981 524 3050 ⁹)
550 2974 605 3030 boc
619 3007 653 3018 -
669 2972 737 3028 baec
758 2975 826 3028 cort.
853 2975 886 3044 ¹⁰)
905 2968 945 3024 bii
965 2972 1033 3028 cod.
1053 2973 1162 3026 diserte.
1176 2973 1220 3048 Ρ)
1239 2973 1329 3026 neutri
1349 2976 1432 3029 ·IUS·
1450 3007 1487 3020 —·
1504 2977 1629 3030 neutrius
1651 2978 1719 3034 coa.

484 3105 513 3170 a)
531 3100 609 3152 Sicut
625 3100 777 3152 laetelaets'
794 3097 891 3158 simile,
916 3095 954 3148 ite
974 3095 1046 3146 euim
1069 3093 1262 3148 resolvendum
1282 3095 1388 3150 codicis
1408 3097 1615 3169 compendium:
1641 3105 1712 3156 siesse
1737 3103 1809 3154 laete
1825 3103 1912 3154 laetis.

554 3185 643 3240 Plaut.
661 3182 735 3256 spud
754 3179 837 3238 Prob.
865 3180 944 3236 Catb.
966 3187 1026 3240 105.
1046 3183 1077 3235 L.
1097 3181 1119 3234 E
1139 3181 1322 3236 Bacchidibus
1343 3185 1408 3238 citat
1426 3181 1499 3237 bunc
1518 3203 1625 3238 versum
1644 3189 1791 3260 Pompeius
1807 3207 1837 3259 p.
1853 3195 1912 3248 233

553 3273 587 3328 L.
608 3270 710 3326 Sedet
728 3273 757 3322 iu
784 3268 842 3322 Mil.
862 3267 930 3340 glor.
950 3270 983 3322 V.
1003 3276 1028 3330 9·
1049 3277 1092 3329 30.
1113 3284 1168 3323 tam
1186 3275 1299 3324 similem
1318 3292 1401 3344 quam
1420 3276 1492 3326 lacte
1515 3277 1592 3336 laeti,
1613 3283 1641 3328 et
1661 3275 1747 3330 Mero.
1773 3277 1806 3328 V.
1825 3283 1853 3336 9.
1872 3283 1912 3334 30

553 3379 641 3433 neque
659 3379 733 3432 aqua
753 3378 852 3431 aquae,
872 3377 960 3428 neque
977 3361 1049 3410 lacte
1066 3362 1132 3412 lacti
1151 3373 1189 3412 est
1206 3363 1328 3412 similius.
1348 3357 1412 3412 vid.
1428 3363 1513 3414 Prisc.
1534 3361 1582 3414 Vl.
1601 3369 1628 3425 1,
1646 3369 1689 3420 20.
1701 3361 1809 3415 etsdde
1826 3383 1914 3416 caem-

552 3447 606 3518 plis
626 3445 699 3518 apud
718 3446 790 3499 Nou.
810 3451 871 3504 483.
891 3445 976 3498 Mero.
997 3457 1026 3499 et
1045 3443 1199 3498 charisium
1219 3445 1240 3499 I.
1260 3465 1287 3517 p.
1308 3453 1349 3506 78.
1370 3453 1414 3506 79.
1435 3449 1465 3501 P.
1495 3447 1610 3520 prolatis
1639 3451 1718 3502 etiarn
1742 3451 1841 3523 Apulei
1857 3452 1914 3503 tte-

548 3532 686 3605 tamorpb.
704 3533 781 3587 Vlll.
801 3539 862 3592 559·
883 3531 991 3586 nhunk.
1012 3553 1072 3586 essm
1091 3539 1198 3606 rogavit
1223 3535 1334 3587 heberet
1352 3555 1386 3587 ne
1404 3543 1486 3589 mussi
1503 3541 1577 3590 laete
1595 3539 1739 3610 liquidum,
1758 3537 1807 3590 ubi
1823 3549 1912 3592 tamen

552 3620 607 3676 vid.
627 3623 770 3693 interpret.
790 3628 818 3673 et
835 3621 946 3674 Peteon.
966 3627 1009 3679 33
1029 3639 1056 3691 p.
1077 3627 1135 3679 161.
1157 3621 1246 3674 tum.
1265 3625 1338 3675 laete
1353 3627 1549 3694 gallinaceum.
1569 3626 1626 3679 etr.
1647 3629 1729 3678 etiarn
1744 3625 1850 3680 Cbsris.
1871 3634 1913 3685 13.

554 3710 584 3761 P.
602 3739 639 3752 —·
655 3708 744 3763 Plinio
764 3709 799 3760 Η.
818 3707 853 3760 Ν.
872 3707 933 3760 XV·
955 3712 1054 3766 1516.
1071 3711 1143 3762 laete
1161 3705 1263 3760 dicitur
1281 3727 1380 3782 succus
1398 3711 1531 3780 pirorum.
1556 3714 1585 3784 t)
1605 3711 1687 3766 Prob.
1704 3711 1783 3768 cath.
1802 3721 1863 3772 105.
1883 3715 1913 3767 b.

553 3798 693 3868 «Quidam
707 3807 807 3866 putaret
825 3795 876 3848 boc
894 3797 950 3848 laet
968 3797 1063 3847 debere
1081 3798 1145 3857 dici,
1164 3798 1278 3848 sednon
1297 3801 1353 3868 legi
1364 3803 1415 3850 uisi
1433 3803 1461 3852 s'rs
1476 3799 1603 3853 Varrone
1622 3803 1655 3852 de
1673 3805 1769 3875 lingua
1788 3805 1914 3864 Μὴν,

553 3881 603 3934 ubi
622 3891 711 3934 tamen
720 3879 926 3934 Lindemannue
946 3881 1312 3953 scripturamPuteclsianam
1330 3883 1488 3958 improbans
1506 3889 1578 3941 lacte
1598 3886 1696 3951 edidit,
1714 3888 1784 3941 malc
1803 3887 1913 3962 quidem

553 3987 615 4020 nam
632 3979 741 4040 praeter
753 3977 877 4020 nostrum
891 3967 993 4022 diserte
1007 3971 1088 4021 etium
1104 3971 1187 4022 Marc.
1207 3971 1441 4044 Cap.111.p.81.
1459 3972 1503 4026 ed.
1527 3973 1610 4029 Grot:
1638 3979 1751 4050 quidam
1776 3997 1837 4030 esses
1855 3981 1913 4031 iac

554 4059 648 4110 dicunt
667 4057 799 4108 adiiciunt
819 4057 864 4110 ·T·
882 4069 992 4126 propter
1011 4059 1087 4125 quod
1095 4063 1173 4128 facit
1191 4063 1202 4112 1
1208 4067 1307 4122 actis,
1327 4061 1374 4112 sed
1394 4063 1543 4132 Virgilius:
1562 4065 1635 4116 Lae
1655 4065 1721 4117 milei
1737 4084 1794 4118 nors
1808 4077 1913 4118 aestate

552 4163 650 4198 novum
670 4163 725 4196 non
734 4147 847 4214 frigore
865 4145 938 4216 defit.
962 4147 1072 4216 Quippe
1089 4165 1150 4200 cum
1169 4150 1247 4200 natta
1266 4151 1342 4217 apud
1359 4167 1408 4201 nos
1427 4155 1537 4202 nomina
1556 4157 1585 4203 in
1603 4155 1673 4207 duas
1696 4166 1788 4206 mutas
1806 4165 1914 4212 exeant,

550 4245 577 4285 et
595 4232 656 4284 ideo
675 4243 775 4282 veteres
794 4234 865 4282 lacte
883 4235 912 4282 iss
930 4237 1097 4284 nominativo
1116 4235 1251 4286 dixerunt.
1272 4235 1329 4288 Cle.
1345 4239 1377 4289 A.
1394 4236 1459 4288 Maii
1474 4249 1594 4309 excerpt.
1614 4259 1628 4290 e
1645 4240 1830 4293 Grammatico
1843 4240 1913 4291 Nea-

551 4317 631 4389 polit.
656 4321 735 4370 duct.
759 4316 866 4372 dessio.
889 4317 951 4372 Vol.
974 4320 1008 4372 V.
1026 4339 1054 4391 p.
1071 4325 1130 4377 152.
1150 4321 1211 4372 Huc
1229 4323 1350 4392 pertinet
1369 4325 1451 4375 eliam
1469 4323 1539 4376 illud
1557 4328 1672 4378 Ausonii
1697 4325 1909 4398 Technopaegu.

550 4407 581 4457 iu
600 4405 863 4460 Grammaticoruaet.
885 4411 934 4462 12:
963 4407 1027 4462 Vox
1044 4410 1126 4461 solita
1146 4422 1172 4461 et
1191 4415 1294 4461 cunctis
1312 4416 1452 4464 notissima
1469 4419 1494 4466 si
1511 4433 1641 4467 memores
1664 4418 1743 4477 lae,
1775 4417 1833 4468 Gur
1849 4435 1915 4468 eors-

550 4493 691 4547 demnetur
714 4497 787 4546 ratio
805 4497 892 4563 magis
909 4505 936 4545 et
950 4499 1048 4562 saciat
1074 4499 1161 4549 laet.
1191 4499 1217 4564 e)
1239 4497 1312 4566 Virg.
1332 4497 1427 4568 Eclog.
1446 4499 1483 4554 11.
1502 4507 1546 4557 22
1571 4503 1600 4570 el)
1621 4499 1709 4554 Plaut.
1729 4502 1812 4555 Cure.
1831 4502 1868 4552 11.
1886 4507 1914 4563 3,

548 4587 593 4640 10.
612 4583 658 4634 Ita
677 4582 730 4644 eibi
748 4587 893 4634 vacivitate
911 4588 987 4635 sertio
1006 4586 1077 4636 laxis
1095 4585 1219 4638 lactibus.
1239 4583 1339 4639 Pseud.
1359 4586 1381 4638 l.
1401 4591 1428 4644 3.
1445 4592 1489 4645 85.
1510 4607 1566 4641 ursa
1578 4609 1662 4655 opera
1681 4593 1801 4661 adligerss
1818 4607 1916 4642 cassem

540 4673 694 4742 fugitivam
721 4673 829 4740 agninis
859 4669 983 4722 lactibus.
1012 4671 1104 4723 Locus
1132 4669 1263 4724 clsaeicue
1290 4682 1333 4724 eet
1350 4673 1441 4726 Verrii
1459 4674 1549 4727 Flacci
1575 4675 1648 4748 apud
1674 4677 1846 4730 Prisciauum
1864 4676 1912 4728 vl.

548 4763 635 4818 421.
654 4759 718 4810 Hae
735 4759 819 4808 laeter
836 4770 930 4826 partes
947 4771 1011 4812 ssent
1028 4765 1218 4812 intestinorum
1237 4780 1254 4812 a
1271 4780 1374 4832 graeco
1392 4756 1548 4832 palearidte
1567 4765 1673 4818 dictae:
1693 4779 1719 4818 et
1737 4777 1916 4820 servaverunt

549 4843 625 4913 apud
643 4861 693 4896 noe
710 4863 819 4915 quoque
838 4845 908 4898 idem
923 4865 1029 4917 gersus,
1048 4853 1124 4898 euius
1142 4850 1282 4919 singulare
1295 4849 1363 4902 lsaec
1380 4853 1459 4904 laetis
1475 4865 1523 4904 est.
1550 4855 1668 4906 Titinius
1691 4858 1720 4908 its
1744 4855 1917 4906 Ferentinati

548 4961 585 4972 -
593 4931 760 4983 Cerebellum
768 4933 847 4984 laetis
856 4939 1011 5004 segniam.-
1025 4934 1191 5005 Pomponius
1200 4941 1229 4988 irs
1237 4938 1310 4990 Lare
1307 4941 1491 5006 finiliari-
1501 4942 1558 4994 Oro
1568 4956 1594 4994 te
1602 4943 1742 5013 Basseper
1749 4944 1834 4994 lactes
1842 4952 1915 4992 tuas.

549 5017 607 5074 Cir.
634 5017 768 5071 Consent.
792 5023 872 5076 2030.
897 5021 927 5074 P.
954 5023 1028 5076 Pers.
1051 5021 1110 5078 Sat.
1134 5023 1170 5076 ll.
1197 5030 1241 5084 30.
1262 5023 1331 5078 Pliu.
1352 5025 1385 5078 ll.
1404 5025 1439 5079 N.
1458 5026 1507 5078 xl.
1525 5033 1570 5092 37,
1589 5035 1631 5089 79.
1659 5030 1688 5103 e)
1707 5029 1783 5099 Virg.
1803 5029 1871 5080 deu.
1891 5027 1915 5081 1.

549 5109 611 5165 teo.
629 5105 670 5176 J)
689 5104 765 5173 Virg.
780 5105 847 5156 Aen.
865 5105 901 5158 ll.
921 5111 964 5166 60.
