4032 6070
410 577 481 647 282
865 569 1422 632 Pttottuattsnttvott.

494 725 569 788 259.
601 721 687 798 ltem
709 715 755 805 ⁶⁵)
776 723 956 808 quaeritur
972 711 1017 805 66)
1044 720 1087 785 de
1111 719 1233 784 iisdem
1258 717 1465 805 supradietis
1488 717 1690 782 nominibus
1718 733 1752 782 et
1769 709 1813 801 ⁶5)
1847 719 1887 782 ira

410 823 561 890 ablativo
593 819 673 890 cadi
701 826 837 889 numeri
867 824 1071 908 singularia,
1101 841 1180 886 uum
1204 820 1247 884 ad
1271 821 1418 884 formam
1443 822 1605 906 speciei
1621 815 1666 904 ⁰⁸)
1691 841 1760 884 uon
1785 824 1888 884 iuve-

410 927 551 990 niautur
572 925 757 1001 declinari,
786 947 855 1012 qua
877 927 920 990 de
944 947 1045 990 cauea
1068 938 1103 989 et
1125 925 1162 987 iu
1184 922 1307 986 eodem
1332 942 1413 986 casu
1436 943 1507 986 nou
1538 923 1697 987 anomale
1720 923 1886 987 dieantur

410 1029 651 1114 pronuntiari?
680 1030 745 1092 hao
774 1027 816 1092 de
846 1049 964 1105 cauea,
995 1029 1162 1114 qnoniam
1195 1045 1436 1110 quaecumque
1458 1026 1600 1088 uomina
1624 1025 1774 1088 ablativo
1796 1013 1885 1089 'uasta

409 1130 545 1193 numeri
578 1129 762 1214 singularis
791 1131 843 1195 ·E·
870 1130 985 1195 littera
1016 1131 1247 1194 terminantur
1273 1139 1308 1192 et
1339 1128 1375 1190 iu
1407 1127 1529 1191 eodem
1564 1127 1701 1210 integro
1729 1125 1885 1190 ablativo

410 1253 493 1296 caru
523 1233 660 1296 numeri
689 1232 873 1317 singularia
904 1231 1030 1296 tttlttt·
1062 1231 1227 1313 syllabam
1259 1229 1440 1314 accipiunt
1467 1242 1502 1292 et
1533 1229 1731 1313 genetivum
1764 1249 1886 1292 casum

411 1335 546 1398 numeri
568 1334 713 1420 pluralis
732 1336 930 1411 ostendunt,
953 1336 1039 1399 haee
1054 1333 1097 1397 ab
1121 1333 1171 1396 ·E·
1194 1331 1367 1418 producto
1383 1331 1501 1393 venire
1525 1333 1755 1416 reperiuntur.
1778 1331 1887 1394 Nune

411 1455 489 1498 oum
514 1448 548 1500 et
566 1429 610 1519 ⁴⁵⁹)
641 1438 726 1500 baeu
750 1437 947 1521 supradicta
970 1438 1113 1500 nomina
1136 1436 1172 1498 iu
1194 1436 1263 1498 boo
1285 1431 1484 1518 supradicto
1509 1453 1590 1496 nasu
1613 1435 1680 1496 boc
1702 1437 1745 1510 ³⁰)
1769 1433 1886 1497 lacere

412 1538 629 1622 reperiantur
650 1541 708 1620 ⁷¹),
737 1552 772 1602 et
794 1539 872 1602 ideo
897 1539 932 1602 in
955 1540 1078 1603 eodem
1099 1542 1142 1622 ³¹)
1170 1535 1370 1622 supradicto
1394 1554 1476 1598 oaau
1498 1555 1568 1599 uon
1591 1537 1750 1599 anomale
1773 1535 1886 1601 decli-

409 1640 488 1702 nari
511 1641 790 1725 pronuntiantur.

497 1745 571 1807 253.
596 1741 681 1806 ltem
706 1743 884 1828 quaeritur
913 1744 1060 1806 barum
1093 1741 1314 1805 mulierum
1343 1759 1422 1804 cum
1447 1741 1569 1805 iisdem
1592 1741 1716 1806 litteris
1739 1741 1910 1832 definio-v

315 1823 388 1874 ΜΡ·
414 1855 470 1906 tur
485 1837 525 1922 ⁷³)
548 1842 630 1908 *bic
652 1845 843 1928 genetivus,
868 1843 993 1928 quibus
1011 1857 1044 1908 et
1061 1845 1130 1920 ille,
1154 1843 1215 1928 qui
1238 1841 1281 1904 ab
1305 1843 1450 1927 speeie
1472 1843 1592 1906 venire
1609 1842 1789 1928 probatur,
1813 1865 1886 1929 qua

413 1944 455 2008 de
487 1965 589 2008 causa
620 1945 842 2010 mulierum
872 1965 943 2009 non
964 1939 1006 2029 ⁷⁴)
1032 1945 1075 2008 ab
1108 1945 1158 2008 ·E·
1189 1943 1360 2031 producto
1398 1945 1517 2010 venire
1546 1947 1794 2030 pronuntiatur
1817 1937 1886 2029 ²³¹)i
1920 2001 1922 2007 .

304 2050 332 2096 V·
350 2047 477 2109 mbae
499 2046 542 2109 de
565 2066 686 2127 eausa,
717 2049 883 2134 quoniam
914 2068 1153 2133 quaecumque
1175 2047 1319 2110 nomina
1342 2046 1385 2110 ab
1409 2047 1461 2110 m·
1488 2049 1659 2132 producto
1684 2049 1803 2111 venire
1829 2068 1884 2112 re-

410 2149 609 2233 periuntur,
634 2152 720 2214 haee
742 2173 787 2214 ex
809 2151 971 2235 genetivo
995 2169 1076 2213 uasta
1105 2149 1240 2213 numeri
1263 2149 1407 2234 pluralis
1436 2147 1563 2212 utunt-
1587 2149 1753 2230 syllabam
1779 2152 1887 2214 omit·

409 2261 486 2314 tunt
510 2263 543 2314 et
567 2250 754 2316 ablativum
772 2246 814 2336 ⁷¹⁵)
838 2273 953 2316 casum
978 2253 1115 2316 uumeri
1137 2250 1323 2331 seilicetii)
1347 2252 1531 2336 singularis
1554 2253 1751 2316 ostendunt.
1780 2253 1886 2316 Nune

410 2353 438 2414 si
462 2353 681 2417 mulierum
707 2353 833 2417 ·RUM·
857 2352 1023 2435 syllabam
1041 2355 1196 2429 omittat,
1219 2354 1472 2438 numquidnam
1492 2353 1680 2418 ablativum
1703 2373 1822 2417 casum
1839 2351 1883 2435 tl)

409 2455 545 2517 numeri
567 2455 699 2520 scilieet
722 2457 765 2538 ⁷⁰)
788 2454 973 2539 singularis
993 2455 1229 2520 demonstrat?
1255 2467 1290 2520 et
1308 2455 1387 2519 ideo
1411 2455 1637 2520 mulierum
1661 2454 1705 2518 ab
1728 2455 1780 2518 ·E·
1800 2475 1882 2534 cor-

409 2567 527 2641 repto,
550 2575 622 2620 uon
639 2556 681 2619 ab
698 2555 748 2618 ·E·
767 2558 938 2642 producto
956 2559 1076 2622 venire
1095 2557 1258 2622 declarat.
1318 2553 1320 2558 ’

495 2659 569 2723 254.
599 2659 686 2722 ltem
715 2660 894 2744 quaeritur
920 2662 1020 2722 liaeo
1049 2661 1167 2744 quiea
1195 2680 1275 2724 cnm
1299 2659 1420 2723 iisdem
1451 2659 1575 2724 litteris
1604 2660 1823 2723 nominativo
1851 2675 1885 2723 et

410 2761 570 2824 vocativo
584 2754 628 2842 ⁸⁰)
642 2779 722 2823 casu
736 2760 872 2824 nunteri
891 2761 1074 2844 singularis
1089 2761 1281 2838 deliniatur,
1298 2761 1424 2847 quibua
1437 2774 1471 2826 et
1486 2761 1545 2825 illa
1563 2763 1717 2836 uomina,
1732 2783 1825 2846 quiae
1840 2755 1883 2842 ΙΙ·)

411 2859 454 2924 ab
483 2861 534 2924 ·E·
564 2862 736 2948 producto
768 2863 886 2926 venire
915 2861 1126 2948 probantur,
1156 2883 1225 2948 qua
1252 2863 1295 2928 de
1318 2885 1421 2929 causa
1439 2859 1483 2947 ⁸¹)
1505 2863 1625 2948 quiea
1655 2864 1698 2926 ad
1722 2863 1774 2924 ·E·
1797 2883 1883 2948 pro-

409 2961 552 3027 ductum
569 2960 611 3046 ⁸³)
634 2983 705 3028 non
718 2966 893 3050 pertinere
910 2965 1154 3050 pronuntiatur
1169 2961 1231 3049 ⁸²)?
1253 2969 1318 3030 hae
1330 2961 1375 3051 ⁸⁵)
1397 2967 1440 3031 de
1454 2984 1568 3040 causa,
1591 2965 1757 3048 quoniam
1775 2985 1884 3049 quae-

409 3085 559 3150 cumque
578 3067 721 3129 uomina
744 3067 962 3131 nominativo
982 3066 1038 3131 vel
1062 3068 1221 3132 vocativo
1242 3087 1323 3132 caan
1342 3069 1479 3132 numeri
1503 3065 1687 3151 singularis
1706 3067 1802 3129 ·lES·
1824 3067 1883 3130 lit-

409 3167 491 3230 teris
510 3166 737 3244 definiuntur,
762 3181 794 3231 et
815 3191 879 3255 per
900 3181 1033 3233 ceteros
1052 3189 1150 3232 casua
1162 3189 1234 3232 uon
1249 3170 1293 3233 ad
1308 3189 1432 3234 aonum
1450 3161 1493 3252 ⁸⁶)
1516 3168 1677 3255 speciei
1701 3168 1883 3232 declinan-

409 3281 480 3344 tur,
505 3270 589 3332 baeu
601 3269 645 3332 ad
660 3269 710 3332 Ε·
727 3285 937 3356 correptum,
962 3291 1033 3334 non
1049 3271 1092 3334 ad
1114 3271 1164 3334 ·E·
1183 3273 1393 3356 productum
1408 3271 1581 3358 pertinere
1597 3272 1881 3357 pronuntiantur.

408 3369 511 3432 Nunc
534 3391 611 3434 oum
637 3373 759 3456 quies
782 3393 845 3458 per
869 3385 1002 3436 eeteros
1026 3393 1123 3437 caaus
1145 3392 1217 3438 nou
1238 3374 1281 3436 ad
1305 3373 1449 3437 formam
1485 3373 1649 3458 speciei
1672 3371 1879 3450 declinetur,

409 3483 442 3534 et
466 3472 543 3535 ideo
565 3473 608 3536 ail
628 3475 679 3535 dl·
702 3477 909 3560 productum
930 3495 1002 3538 non
1025 3473 1068 3558 ⁸5)
1091 3477 1265 3562 pertinere
1287 3475 1533 3560 pronuntiatur
1551 3469 1603 3558 *⁸).

492 3579 565 3639 255.
582 3574 667 3638 ltem
685 3577 721 3639 iu
736 3578 1005 3663 baoaupradiota
1016 3576 1462 3663 iorrnnquaerituraPlittio
1479 3577 1652 3652 Secunde,
1671 3577 1816 3660 paries
1827 3566 1882 3656 ⁸⁹),

408 3676 468 3758 qui
491 3677 613 3740 iisdem
634 3677 757 3742 litteris
778 3681 993 3744 nominativo
1016 3694 1050 3744 et
1061 3684 1104 3765 l'')
1124 3681 1283 3745 vocativo
1296 3681 1342 3763 91)
1361 3699 1443 3745 casu
1464 3679 1600 3742 numeri
1620 3677 1806 3760 singularis
1821 3675 1886 3739 de-

451 3996 488 4064 ω)
512 3995 582 4154 Llpm
602 3999 633 4050 V
632 4000 740 4140 AB-
746 3997 831 4139 'isdem
851 4000 883 4052 B.
903 4001 1112 4162 ξ’)ίφιοιςτίιιιὲ
1119 4005 1167 4144 12!
1165 4004 1201 4056 A.
1220 4005 1414 4163 -Aqnaprliltur
1428 3999 1509 4143 2⁵⁸¹}
1514 4003 1559 4144 Bi,
1576 4003 1615 4072 ⁶⁷)
1635 4009 1664 4140 pt
1681 4002 1713 4054 B.
1721 4000 1767 4141 ζ.
1786 4021 1824 4158 τ).-
1843 3999 1883 4051 A.

570 4103 676 4156 aperiet
718 4125 725 4138 .
776 4104 916 4160 .-apea
964 4128 970 4141 .
1003 4099 1014 4130 ⁹
1045 4098 1074 4143 et
1113 4129 1119 4142 .
1165 4113 1227 4141 .=
1274 4099 1324 4142 .⁷⁰
1377 4109 1411 4144 oc
1454 4130 1461 4141 .
1507 4129 1513 4142 .
1555 4119 1616 4142 .-
1654 4107 1702 4143 aee
1751 4097 1800 4139 .⁷¹
1836 4107 1885 4140 re-

512 4171 654 4240 periantur
678 4175 710 4228 Β.
730 4176 765 4229 V.
785 4206 821 4215 -
848 4177 1017 4246 reperiuntur
1036 4187 1064 4232 er
1081 4177 1110 4229 iu
1129 4176 1228 4230 eodem
1245 4176 1407 4248 supradicto
1432 4195 1496 4231 caru
1516 4173 1569 4230 lion
1595 4177 1684 4229 lacera
1704 4175 1886 4246 reperiuntur

515 4259 549 4312 V.
578 4261 615 4330 7’)
635 4270 664 4313 et
679 4258 744 4314 ideo
763 4262 791 4314 in
812 4261 909 4315 eodem
926 4267 960 4318 V.
982 4297 1015 4305 -
1035 4273 1063 4316 ol
1079 4262 1144 4318 ideo
1164 4267 1193 4317 iu
1212 4263 1309 4318 eodem
1328 4266 1356 4316 in
1376 4267 1408 4320 Β.
1427 4297 1462 4334 ‚—
1481 4275 1509 4317 et
1527 4265 1554 4316 iu
1575 4262 1671 4317 eodem
1692 4265 1726 4316 A.
1753 4267 1788 4334 ²³)
1810 4261 1885 4313 defi-

513 4346 604 4399 niatur
622 4348 658 4402 V.
675 4348 709 4401 A.
732 4383 763 4390 -
785 4347 948 4404 detlniautur
965 4353 997 4406 B.
1027 4353 1062 4422 τι)
1087 4371 1139 4424 qua
1159 4351 1193 4404 de
1213 4370 1292 4406 cauaa
1311 4351 1453 4404 mulierum
1479 4370 1536 4403 nou
1555 4351 1586 4405 Β.
1606 4351 1641 4402 V.
1662 4353 1690 4405 Ρ.
1711 4382 1745 4394 -
1764 4368 1885 4422 quarum

514 4451 569 4489 uon
588 4452 644 4488 uon
662 4437 698 4489 A.
720 4438 756 4509 τις)
776 4439 1018 4508 pronuntiaturli.
1035 4441 1070 4494 A.
1089 4471 1126 4484 ·-
1144 4441 1338 4512 pronuntietur
1355 4442 1392 4495 V.
1421 4442 1456 4511 θ’)
1477 4448 1505 4492 et
1522 4437 1670 4490 ablativum
1688 4440 1720 4490 Β.
1740 4439 1775 4492 V.
1798 4467 1833 4482 ν-
1854 4446 1887 4490 et

512 4520 631 4576 ablativo
651 4534 679 4577 at
697 4521 844 4578 ablativum
862 4526 898 4580 A.
927 4529 962 4599 ⁷²)
982 4527 1092 4582 scilieet
1109 4529 1144 4582 A·
1164 4551 1200 4584 =
1223 4530 1254 4583 Β.
1273 4530 1308 4582 V·
1338 4531 1375 4600 ²⁸)
1400 4526 1547 4580 ablativum
1572 4544 1662 4578 oaaum
1688 4527 1720 4578 Β.
1739 4527 1769 4578 V
1768 4564 1774 4574 .
1793 4527 1825 4576 Ρ.
1846 4555 1887 4567 -

513 4609 632 4666 ablativo
657 4630 721 4664 catu
745 4614 780 4666 A.
809 4618 846 4684 ²⁹)
865 4612 975 4668 scilicet
992 4616 1024 4668 B.
1046 4617 1081 4668 V.
1101 4639 1137 4665 =
1154 4617 1189 4668 A.
1217 4617 1253 4686 ⁸⁰)
1273 4615 1397 4670 vocativo
1418 4616 1453 4668 V.
1473 4615 1509 4668 A.
1529 4611 1673 4666 -dativo
1693 4615 1724 4665 B.
1751 4614 1788 4680 ι’)
1810 4629 1886 4684 quan

512 4700 543 4752 B.
565 4703 600 4755 V.
620 4725 656 4752 =
673 4702 709 4754 A.
731 4703 766 4770 ⁸¹)
786 4699 893 4774 quade
912 4719 992 4754 eauaa
1011 4704 1042 4757 Β.
1064 4707 1099 4758 V.
1120 4705 1150 4756 Ρ.
1170 4735 1205 4747 -
1225 4721 1307 4776 quare
1326 4703 1362 4756 A.
1382 4705 1420 4774 ι’)
1439 4700 1475 4754 ad
1495 4701 1535 4754 ¹1¹2·
1545 4699 1711 4774 productum
1733 4701 1768 4752 V.
1789 4729 1825 4741 -
1844 4695 1885 4749 ab

514 4787 554 4840 ·E·
579 4788 745 4860 produetum
769 4790 805 4843 A.
833 4819 868 4830 -
893 4785 928 4842 ab
949 4789 989 4842 ·E·
1008 4788 1146 4862 produnto
1166 4792 1196 4843 P.
1219 4821 1251 4834 -
1269 4787 1304 4842 ad
1331 4789 1372 4842 ·E·
1392 4809 1452 4842 cum
1471 4786 1571 4843 iisdem
1590 4788 1691 4842 littoris
1710 4785 1886 4857 productum

512 4877 543 4926 Β.
564 4880 672 4931 vocibus
688 4881 832 4950 ruparstuia
847 4883 989 4950 expunctis
1005 4880 1036 4932 Β.
1061 4879 1097 4950 ²⁴)
1117 4878 1312 4950 pronuntiatur
1329 4879 1361 4931 Β.
1381 4880 1417 4932 A.
1436 4910 1473 4922 ·-
1490 4877 1685 4950 pronuntimnr
1705 4875 1740 4928 V.
1769 4877 1807 4942 ⁸⁵)
1827 4871 1888 4926 bac

515 4963 550 5014 V.
569 4965 605 5016 A.
625 4994 660 5007 -
678 4962 746 5017 bano
763 4966 795 5021 B.
825 4966 861 5038 u)
881 4983 978 5020 anuum
996 4967 1028 5019 Β.
1050 4968 1086 5020 V.
1106 4969 1136 5020 Ρ.
1156 4999 1191 5008 -
1210 4963 1364 5036 exemplum
1384 4966 1419 5019 A.
1447 4968 1484 5037 ’7)
1508 4981 1565 5018 auu
1589 4965 1620 5022 Β.
1643 4965 1677 5016 1'.
1700 4995 1732 5006 -
1753 4977 1828 5012 utine
1849 4963 1886 5014 Ρ.

516 5049 550 5118 ⁸⁸)
570 5053 763 5118 pronuntiatur
783 5054 817 5105 V.
838 5055 868 5106 Ρ.
887 5085 923 5096 -
941 5055 1156 5126 pronuntiantur
1175 5055 1205 5108 Β.
1228 5083 1259 5096 -·
1279 5055 1361 5128 Nune
1381 5071 1443 5106 cum
1462 5055 1509 5126 qui
1528 5069 1556 5106 aa
1578 5090 1694 5104 .....
1715 5051 1891 5122 pronuntia-

514 5141 559 5186 tur
574 5157 611 5184 =
630 5137 665 5187 A.
686 5139 755 5218 Ι0))
775 5138 864 5192 Plinio
883 5140 1014 5196 Secundo
1033 5143 1124 5214 parier
1145 5145 1180 5198 V.
1200 5144 1236 5197 A.
1256 5171 1291 5188 -
1309 5161 1324 5196 a
1343 5139 1433 5198 Plinio
1454 5159 1489 5195 ra.
1509 5143 1571 5196 rina.
1592 5161 1616 5195 o.
1637 5141 1668 5196 Β.
1690 5147 1724 5210 ·““)
1746 5141 1774 5192 tl
1796 5139 1888 5193 1².-

514 5216 556 5272 vel
574 5221 606 5275 B·
627 5223 662 5276 A.
682 5227 718 5296 Ψ)
736 5226 860 5280 vocativo
880 5229 916 5284 V.
935 5231 970 5285 A.
990 5227 1162 5286 -ablativo
1181 5229 1215 5286 B.
