4032 6070
411 541 482 614 ms
874 537 1432 596 enosrsnsurnon.

502 689 572 754 108.
596 685 716 770 Quare
740 705 981 772 quaecumque
1003 687 1147 753 nomina
1167 689 1306 772 generis
1330 687 1514 753 masculini
1537 689 1703 752 vocativo
1728 704 1812 751 casu
1836 708 1899 752 nu·

416 789 502 852 meri
533 787 718 872 singularis
747 789 799 851 Ἀ·
830 787 945 854 littera
968 791 1214 866 terminantur,
1245 803 1279 854 et
1301 803 1420 878 aptota
1448 813 1523 854 esse
1553 809 1627 854 non
1655 789 1897 862 inveniuntur,

415 891 500 954 haec
523 891 552 955 si
575 891 829 954 nominativum
852 891 909 956 vel
931 893 1164 956 accusativum
1189 913 1306 957 casum
1322 887 1369 978 ⁴²)
1390 893 1530 956 numeri
1553 891 1745 977 singularis
1768 892 1813 956 ad
1831 890 1899 958 lor-

308 985 336 1032 Ἴ·
357 998 506 1054 ¹⁹⁰·mam
536 991 703 1057 Aeneae
734 991 846 1058 lacere
877 993 1096 1080 reperiantur
1115 985 1175 1079 ⁴⁴),
1205 1006 1290 1060 ωηο
1316 1015 1381 1083 per
1409 1007 1544 1059 ceteros
1574 1014 1676 1058 casus
1704 993 1750 1058 ad
1774 1015 1896 1058 sonum
1997 995 1998 1070 l

415 1097 583 1158 Aeneae
606 1094 835 1160 declinantur.
1997 1089 1998 1096 ἵ

503 1199 574 1264 199.
605 1196 856 1283 Quaecumque
886 1215 970 1261 vero
993 1186 1209 1280 45)νηοιηίηη
1236 1197 1374 1281 generis
1403 1197 1588 1262 masculini
1622 1197 1790 1262 vocativo
1819 1217 1896 1262 casu

416 1299 553 1362 numeri
576 1299 762 1383 singularis
784 1301 835 1364 ·A·
858 1298 974 1363 littera
996 1311 1076 1384 post
1098 1311 1347 1364 consonantem
1367 1301 1614 1374 terminantur,
1639 1313 1675 1364 et
1690 1311 1813 1386 aptota
1826 1321 1896 1364 esse

418 1419 489 1463 nou
513 1401 750 1486 reperiuntur,
781 1403 866 1464 haec
897 1401 925 1464 si
954 1403 1206 1466 nominativum
1234 1413 1269 1466 et
1289 1401 1524 1466 accusativum
1550 1420 1669 1463 casum
1691 1393 1738 1484 ⁴⁶)
1760 1405 1894 1466 numeri
1998 1417 1999 1420 ’

419 1503 604 1586 singularia
625 1503 682 1566 vel
704 1504 809 1568 alium
834 1501 1026 1588 quemlibet
1046 1505 1184 1568 numeri
1205 1502 1349 1590 pluralis
1367 1495 1411 1585 ⁴5)
1434 1503 1478 1567 ad
1501 1501 1651 1566 lormam
1676 1501 1895 1568 Catilinae

420 1603 532 1668 lacero
564 1605 800 1691 reperiantur,
832 1618 916 1670 tnnc
945 1626 1011 1692 per
1036 1617 1170 1671 ceteros
1200 1625 1298 1670 casua
1321 1605 1375 1670 ad·
1388 1625 1512 1670 sonum
1544 1602 1768 1670 Catilinae
1790 1607 1896 1671 ‹leeli-

419 1719 556 1772 uantur.

505 1813 580 1876 200.
612 1811 673 1874 De
699 1809 895 1876 ablativo
925 1799 1084 1893 casui')
1114 1809 1280 1874 numeri
1310 1807 1560 1894 singularis,
1594 1803 1728 1894 quiil)
1753 1807 1806 1873 ul·
1829 1809 1897 1874 lit-

419 1923 508 1974 tera
532 1924 630 1997 post
653 1923 958 1978 consonantem
982 1912 1241 1975 terminatur
1262 1905 1315 1994 ⁵⁰).
1348 1911 1600 1996 Quaecumque
1624 1911 1770 1974 nomina
1792 1931 1896 1994 gene-

420 2015 467 2078 ris
492 2015 674 2080 masculini
696 2015 848 2080 ablativo
872 2033 954 2079 caen
976 2014 1113 2076 numeri
1136 2013 1320 2098 singularis
1344 2012 1396 2077 ·A·
1419 2013 1533 2076 littera
1550 2025 1631 2098 post
1644 2025 1893 2076 consonantem

420 2117 668 2194 terminantur,
692 2129 727 2182 et
748 2131 867 2204 aptota
890 2139 963 2182 esse
985 2135 1058 2182 non
1080 2118 1301 2202 reperiuntur
1319 2105 1378 2198 ⁵¹),
1411 2117 1496 2178 haec
1526 2113 1685 2198 indigent
1708 2113 1786 2178 aliis
1810 2116 1895 2178 oasi-

418 2217 482 2282 bus
504 2211 546 2302 ³²)
573 2241 637 2306 per
666 2241 754 2306 qnos
786 2231 977 2308 appareant
1008 2218 1053 2283 ad
1079 2239 1183 2304 qnam
1208 2211 1251 2301 ⁵³)
1281 2217 1426 2283 lormam
1455 2215 1633 2303 pertinere
1656 2217 1895 2302 reperiantur3

419 2331 573 2384 ceterum
595 2323 758 2406 genetivo
787 2335 823 2386 et
849 2321 966 2386 dativo
989 2310 1033 2403 ⁵⁴)
1061 2341 1143 2384 casu
1166 2321 1302 2384 numeri
1324 2319 1509 2403 singularis
1539 2317 1755 2386 ad,lonnam
1781 2318 1896 2383 Cati·

417 2420 533 2486 linae
555 2441 621 2486 nec
643 2443 715 2488 non
738 2437 773 2488 et
792 2424 1007 2489 Anchisae
1030 2421 1268 2499 declinantur,
1293 2433 1327 2486 et
1349 2421 1428 2486 ideo
1452 2421 1593 2485 eosdem
1617 2441 1734 2495 maus,
1767 2419 1894 2506 quihus

419 2521 594 2608 indigent,
625 2523 834 2602 subicimus,
861 2538 901 2590 ut
928 2537 1118 2612 appareant
1143 2545 1209 2612 per
1237 2543 1326 2610 quos
1354 2545 1452 2590 casus
1488 2519 1660 2608 adquam
1684 2522 1835 2585 lcrmam
1853 2515 1897 2601 ⁵⁵)

419 2625 593 2709 pertinere
616 2627 841 2711 reperiantur.

504 2728 579 2790 not.
602 2726 719 2810 Quare
743 2747 984 2814 quaecumque
1005 2729 1150 2792 nomina
1171 2727 1309 2812 generis
1333 2727 1516 2792 masculini
1548 2725 1696 2790 ablativo
1720 2745 1806 2788 casu
1830 2745 1898 2787 nn·

421 2827 509 2890 meri
541 2828 725 2913 singularis
756 2830 807 2895 ·A·
836 2830 951 2895 littera
981 2831 1212 2894 terminantur
1241 2843 1277 2893 et
1304 2841 1422 2916 aptota
1449 2851 1524 2894 esse
1554 2847 1627 2892 uon
1654 2827 1898 2902 inveniuntur,

419 2931 506 2994 haec
528 2930 557 2994 si
579 2932 835 2996 nominativum
856 2931 912 2996 vel
934 2933 1169 2997 accusativum
1193 2951 1310 2996 casum
1327 2924 1371 3012 56)
1393 2931 1531 2996 numeri
1555 2929 1740 3014 singularis
1764 2927 1809 2992 ad
1827 2929 1899 2992 lor-

420 3051 511 3096 mam
534 3032 700 3098 Aeneae
724 3035 836 3100 lacere
859 3035 1096 3123 reperiuntur,
1128 3047 1212 3099 tunc
1240 3051 1305 3121 per
1325 3045 1461 3098 ceteros
1484 3052 1582 3098 casus
1605 3032 1650 3096 ad
1673 3050 1799 3096 sonum
1823 3031 1898 3094 Ae-

419 3152 522 3200 neae
545 3135 772 3201 declinantur.

504 3240 578 3304 202.
611 3235 862 3325 Quaecumque
888 3259 972 3302 vero
1002 3239 1140 3322 generis
1170 3237 1364 3302 masculini
1384 3237 1528 3300 nomina
1551 3230 1593 3318 ⁵⁷)
1628 3233 1781 3298 ablativo
1815 3253 1898 3296 casu

419 3339 557 3402 numeri
593 3341 778 3424 singularis
811 3341 863 3406 ·A·
899 3341 1015 3405 littera
1044 3353 1125 3426 post
1162 3351 1410 3404 consonantem
1446 3339 1678 3432 terminantur
1711 3349 1745 3400 et
1778 3347 1899 3422 aptota

420 3459 493 3502 esse
513 3433 557 3521 ⁵⁸)
580 3461 652 3505 uon
675 3443 916 3521 inveniuntur,
940 3445 1026 3506 haec
1048 3443 1077 3505 si
1099 3443 1352 3506 nominativum
1377 3452 1435 3504 aut
1457 3441 1690 3506 accusativum
1715 3458 1834 3503 casum
1851 3431 1900 3518 ⁵⁹)

420 3543 558 3634 numeri
586 3543 789 3628 singularis,
819 3543 876 3608 vel
904 3544 1010 3609 alium
1041 3543 1233 3631 quemlibet
1263 3565 1380 3608 casum
1407 3543 1544 3606 numeri
1578 3541 1724 3627 pluralis
1756 3540 1800 3603 ad
1824 3537 1900 3602 lor-

422 3663 514 3708 mam
534 3638 577 3726 6·)
602 3645 816 3711 Catilinae
838 3647 950 3712 iacere
974 3647 1210 3735 reperiuntur,
1235 3659 1318 3711 tunc
1338 3665 1403 3732 per
1425 3658 1558 3710 ceteros
1581 3663 1680 3708 casus
1702 3643 1747 3707 ad
1770 3661 1901 3708 sonum

422 3744 641 3813 Catilinae
664 3747 892 3814 declinantur.

506 3852 580 3914 203.
604 3851 663 3914 De
687 3849 831 3916 dativo
854 3861 894 3915 et
916 3851 1106 3916 ablativo
1131 3871 1231 3915 casu
1253 3851 1417 3914 numeri
1439 3847 1645 3934 pluralis,
1668 3846 1743 3932 qni
1761 3839 1805 3925 ⁶')
1831 3845 1902 3908 ·lS·

422 3947 591 4014 litteris
621 3964 715 4037 post
743 3965 1047 4018 consonantem
1081 3953 1355 4018 deliniuntur
1377 3945 1431 4035 61).
1471 3951 1722 4034 Quaecumque
1751 3943 1905 4011 uomin'a

466 4237 502 4304 ⁴¹)
526 4237 720 4290 nominativum
737 4273 815 4290 .....
832 4255 926 4290 casum
944 4239 977 4291 B.
994 4239 1029 4292 V.
1047 4269 1082 4280 -
1100 4237 1267 4291 nominativo
1286 4234 1329 4291 vel
1348 4235 1503 4289 accusativo
1523 4250 1587 4285 essu
1606 4233 1642 4286 A.
1669 4234 1704 4302 ⁴⁸)
1723 4233 1910 4372 repen'pfutur

528 4325 561 4377 B.
581 4341 663 4374 —re
686 4325 909 4380 criunturV.A.
930 4327 953 4363 ⁴⁵
984 4343 1049 4381 vcro
1068 4327 1100 4379 B.
1117 4326 1154 4380 V.
1172 4347 1209 4375 =
1227 4324 1263 4378 A.
1292 4325 1315 4361 ⁴⁵
1348 4323 1544 4376 nominativum
1553 4357 1633 4372 .....
1644 4337 1736 4371 rasum
1782 4359 1789 4372 .
1840 4358 1850 4373 .
1869 4351 1909 4360 --

529 4342 696 4462 constantio
716 4421 744 4463 et
761 4413 916 4466 accusativo
936 4327 1000 4464 cisu
1019 4413 1055 4468 A.
1080 4414 1116 4481 ⁴⁷)
1134 4411 1177 4466 vel
1196 4326 1350 4465 alium..)..
1367 4407 1481 4483 pluralis
1501 4411 1533 4465 V
1532 4455 1536 4461 .
1554 4410 1590 4462 A.
1607 4429 1643 4459 =
1657 4408 1689 4460 B.
1716 4407 1754 4478 ⁴⁸)
1773 4423 1842 4457 easu
1868 4407 1910 4460 V.

528 4521 565 4548 ε
583 4499 620 4550 A.
640 4500 675 4570 ⁴⁸)
695 4499 742 4570 qui
763 4499 798 4552 V.
815 4500 844 4552 Ρ.
863 4521 902 4550 =
918 4500 955 4552 A.
984 4501 1019 4564 ⁵⁰)
1038 4499 1199 4552 terminatur
1218 4500 1254 4554 V.
1271 4501 1302 4553 Ρ.
1321 4529 1354 4541 -
1376 4498 1537 4552 terminante
1555 4496 1591 4549 A.
1613 4497 1721 4550 Titulus
1741 4499 1770 4546 is
1787 4495 1822 4546 B.
1845 4507 1912 4545 est.-

532 4586 575 4639 De
594 4583 713 4639 ablativo
731 4585 871 4657 singulari.
899 4587 936 4655 5Ι)
955 4585 1129 4656 reperiuntur
1146 4589 1179 4641 B.
1196 4617 1229 4630 -
1249 4587 1425 4640 inveniuntur
1444 4587 1480 4640 V.
1496 4584 1533 4637 A.
1562 4584 1598 4655 ⁵¹)
1624 4578 1732 4635 ensibus
1754 4581 1791 4636 V.
1808 4583 1850 4634 A.
1873 4583 1912 4636 B.

529 4695 563 4728 er
577 4695 627 4728 cm.
643 4694 687 4745 pr.
703 4693 737 4726 m.
757 4703 792 4717 ·-
810 4671 951 4726 vocalibus
970 4675 1002 4727 B.
1023 4695 1041 4727 a
1057 4695 1099 4746 pr.
1116 4695 1150 4727 m.
1180 4677 1215 4744 ῃ)
1236 4691 1315 4746 quarn
1335 4675 1366 4726 B.
1386 4673 1421 4725 V.
1440 4673 1470 4725 P.
1485 4695 1520 4720 =
1535 4672 1571 4723 A.
1598 4671 1633 4738 ιι)
1653 4679 1681 4722 el
1700 4666 1794 4721 deliro
1815 4670 1854 4720 Β.
1871 4693 1914 4718 =

531 4766 566 4818 V.
584 4764 620 4815 A.
647 4764 683 4829 ⁵⁵)
703 4762 815 4816 formam
836 4765 866 4816 B.
886 4763 923 4817 V.
947 4783 984 4814 =
1001 4763 1039 4815 A.
1064 4763 1102 4836 ⁵⁶)
1120 4763 1316 4816 nominativum
1342 4757 1386 4812 vel
1404 4759 1588 4812 acerrsativum
1614 4775 1706 4810 casum
1726 4757 1762 4811 V.
1780 4757 1815 4810 Β.
1841 4759 1914 4826 (ει-ά

522 4873 564 4901 a:
578 4851 682 4920 casnm)
707 4883 742 4892 -
759 4851 927 4922 nominativo
954 4847 997 4905 rel
1015 4853 1170 4904 accusativo
1190 4867 1254 4901 casn
1273 4847 1308 4902 A.
1337 4849 1372 4915 ⁵⁷)
1392 4845 1501 4916 grueria
1519 4843 1663 4898 masculini
1683 4845 1793 4896 uomina
1816 4847 1859 4897 V.
1874 4875 1914 4889 -

530 4937 673 4991 nraacnlini
692 4941 799 5009 generis
819 4939 928 4992 nomina
947 4940 983 4993 A.
1004 4969 1038 4980 -
1056 4935 1200 4990 masculini
1219 4937 1326 5007 generis
1346 4936 1394 5008 (=
1412 4933 1533 5004 uomina)
1554 4936 1585 4988 ll.
1613 4936 1651 5005 ⁵⁸)
1670 4951 1731 4984 esse
1753 4933 1788 4984 V.
1806 4933 1848 4985 A.
1875 4965 1916 4972 -

532 5034 545 5077 t
565 5025 605 5094 lid
618 5038 672 5078 est:
692 5037 744 5096 est)
755 5029 788 5081 B.
799 5032 893 5081 vitiose
907 5047 958 5098 pro
977 5035 1007 5079 tt
1025 5029 1120 5097 (esse).
1138 5025 1394 5098 ⁵¹)uomiuativum.
1467 5039 1559 5073 usum
1577 5022 1654 5076 B.V
1669 5021 1697 5074 Ρ.
1717 5050 1753 5060 -
1771 5023 1919 5073 nomina-

532 5113 587 5165 tivo
607 5122 654 5164 aut
666 5115 821 5167 accusativo
842 5131 916 5170 casu
925 5115 962 5168 A.
982 5115 1020 5186 ο“)
1039 5113 1152 5166 lormsm
1173 5115 1207 5167 V.
1221 5112 1398 5166 ¹A.-lcnns
1417 5111 1448 5163 B.
1469 5111 1506 5178 ε·)
1526 5110 1572 5182 qui
1592 5110 1630 5164 V.
1647 5108 1767 5163 P.=A.
1788 5109 1830 5176 ⁸²)
1856 5109 1918 5162 de·

533 5199 663 5254 finiuntur
682 5200 717 5256 V.
738 5203 768 5256 Ρ.
788 5233 823 5245 --
842 5197 1038 5255 definientibus
1056 5203 1093 5256 A:
1112 5203 1144 5258 ln
1158 5203 1190 5256 B.
1207 5204 1301 5256 titulus
1317 5213 1372 5254 est:
1390 5200 1433 5252 Da
1453 5195 1546 5252 dativo
1565 5205 1592 5250 et
1611 5194 1730 5250 ablativo
1749 5193 1877 5268 plurali.
