4036 6068
572 531 1129 594 rnoeransurnon
1519 538 1589 614 aen

124 680 278 764 aliquo,
303 679 486 756 alicubi;
509 683 631 762 ᾳιιαὶίι,
659 681 864 766 quatiam
887 705 991 755 meur,
1023 683 1194 748 meatim
1218 696 1252 748 et
1274 683 1445 770 signifieat
1469 705 1586 751 more

115 803 201 860 ¹neo
217 785 282 866 99);
307 781 418 854 *tuuc
442 785 595 848 tuatim
618 797 652 848 et
674 785 845 870 siguificat
867 807 985 852 moro
1007 800 1079 852 tuo
1101 788 1172 869 '⁰⁰);
1195 807 1280 857 sune,
1305 789 1458 852 suatim
1483 803 1517 854 et
1540 785 1695 896 ⁸⁵⁸⁸id⁰'.''

125 885 255 968 gnificat
277 905 400 950 more
422 907 495 950 suo
517 889 557 970 ');
581 901 703 964 meter,
725 889 955 952 nostratim
979 903 1013 953 et
1035 889 1207 974 significat
1229 907 1344 954 more
1367 904 1520 956 nostro
1538 894 1586 975 ¹);
1652 881 1682 897 “’

127 1001 230 1066 vertar,
260 989 487 1053 vestratim
518 1001 552 1052 et
574 991 746 1074 significat
768 1011 883 1054 more
905 1003 1047 1054 vestro
1066 987 1104 1072 ³).
1140 991 1197 1054 Ex
1220 991 1345 1077 quibos
1368 993 1588 1079 pronomini·

125 1089 180 1154 bus
202 1083 232 1174 ⁴)
264 1104 398 1154 tantum
422 1087 471 1176 ⁵),
499 1093 793 1178 quemadmodum
825 1093 989 1158 adverbia
1018 1095 1163 1172 iaciant,
1194 1093 1296 1158 sicuti
1324 1095 1438 1158 Varro
1469 1093 1589 1160 docuit

128 1192 443 1262 demonstravimus.

200 1297 273 1361 721.
296 1297 356 1360 De
378 1296 509 1362 verbo
533 1289 576 1380 6).
608 1297 666 1361 Ex
686 1295 802 1362 verbis
826 1297 997 1361 eiusmodi
1019 1297 1184 1362 adverbia
1206 1299 1280 1364 fleri
1302 1301 1330 1382 ⁷)
1356 1299 1590 1386 reperiuntur,

130 1409 283 1483 utputa:
314 1413 464 1483 tango,
494 1400 640 1464 tactim
658 1394 686 1483 8)
706 1403 746 1486 ·).
778 1399 837 1464 Sic
859 1412 894 1464 et
915 1400 983 1464 alia
1005 1399 1169 1464 adverbia
1191 1421 1236 1466 ex
1257 1402 1373 1466 verbis
1394 1401 1513 1465 venire
1536 1421 1593 1464 re-

128 1501 309 1582 periuntur.
334 1499 522 1578 Scribere,
547 1523 636 1587 quae
664 1503 734 1566 sint
756 1501 882 1580 verba,
906 1522 995 1588 quae
1018 1503 1068 1568 sic
1091 1525 1136 1567 ex
1158 1525 1194 1571 se
1217 1503 1381 1570 adverbia
1403 1504 1531 1569 iaciant
1549 1505 1591 1587 ⁹),

130 1602 164 1664 in
185 1603 275 1666 sonis
300 1615 540 1688 competenter
561 1603 786 1668 tractabimus
804 1605 854 1686 ¹⁰).

206 1705 307 1768 Nunc
330 1705 513 1789 quoniam,
537 1706 830 1790 quemadmodum
854 1706 897 1770 ab
928 1704 1005 1770 aliis
1027 1707 1168 1772 veniant
1189 1707 1353 1772 adverbia
1376 1707 1592 1772 demonstra-

130 1807 250 1884 vimus,
274 1821 308 1872 et
331 1807 409 1871 ideo
433 1809 501 1870 iam
523 1808 881 1894 '⁸)·quemadmodum
900 1810 939 1892 ¹¹)
961 1829 1007 1872 ex
1029 1831 1065 1874 so
1088 1811 1170 1874 iiant
1192 1811 1389 1876 doceamus.

206 1913 277 1976 722.
301 1911 362 1974 De
385 1909 604 1973 adverbiis
625 1904 682 1994 ¹³),
707 1933 814 1996 quae
838 1931 951 1976 exse
974 1911 1086 1975 iiunt
1109 1905 1159 1994 ¹⁴).
1183 1913 1239 1976 Ex
1262 1934 1298 1976 se
1321 1913 1408 1974 fiunt
1429 1909 1595 1975 adverbia

132 2012 282 2095 quotiens
308 2006 349 2094 ¹⁵)
379 2012 553 2096 originem
582 2012 716 2077 scilicet
743 2013 882 2076 alterius
914 2014 1022 2098 partis
1051 2015 1218 2078 orationis
1249 2013 1376 2078 habere
1399 2033 1470 2076 non
1492 2033 1593 2097 repe-

132 2115 274 2190 riuntur,
297 2127 337 2178 nt
358 2125 459 2200 puta:
483 2135 651 2177 sursunt
671 2107 729 2195 ¹⁶),
753 2114 951 2178 deorsum
970 2119 1032 2197 ¹⁷),
1064 2116 1368 2200 pedetemptim
1388 2109 1448 2198 ¹⁸),
1474 2113 1594 2199 peni-

132 2227 190 2279 tus
209 2218 264 2299 ¹⁹),
288 2217 417 2292 unde,
449 2215 574 2280 illico
596 2219 655 2299 ²¹),
684 2235 783 2280 mox
808 2217 851 2298 ¹¹)
875 2229 908 2280 et
932 2228 1046 2280 cetera
1070 2215 1168 2292 talia;
1196 2235 1345 2301 quorum
1362 2219 1404 2299 ¹¹)
1428 2217 1594 2302 quoniam

133 2317 264 2402 longum
295 2331 346 2384 est
368 2337 573 2405 percurrere
596 2317 777 2396 vocabula,
802 2330 836 2381 et
866 2318 946 2382 ideo
970 2322 1038 2383 hoc
1070 2319 1304 2404 praecipimus
1329 2314 1372 2401 ¹³)
1401 2329 1456 2382 ute
1489 2337 1601 2402 quae·

135 2439 270 2505 cumque
299 2441 380 2506 pars
410 2421 577 2484 orationis
599 2440 713 2505 neque
741 2441 805 2505 per
827 2439 943 2497 casus,
973 2441 1088 2506 neque
1111 2439 1175 2506 per
1196 2421 1325 2484 modos·
1342 2418 1510 2484 declinari
1531 2437 1597 2504 po-

137 2533 207 2595 test,
227 2523 287 2587 sed
310 2543 377 2586 nec
400 2521 444 2585 ad
465 2519 744 2607 praepositiones
766 2520 822 2586 vel
846 2523 1110 2588 coniunctiones
1133 2523 1206 2586 sive
1237 2522 1495 2588 interiectiones
1517 2540 1598 2606 per·

137 2623 226 2700 tinet,
249 2624 423 2689 adverbiis
445 2638 622 2687 remaneat
644 2643 784 2688 necesse
808 2617 928 2708 est²⁴).
1012 2682 1017 2698 ,
1179 2622 1182 2630 ’
1487 2621 1490 2628 ’

208 2730 281 2792 723.
313 2727 402 2791 Sunt
430 2725 612 2802 adverbia,
644 2748 732 2811 quae
764 2739 799 2791 et
826 2727 972 2790 aliarum
1002 2727 1154 2813 partium
1184 2726 1352 2792 orationis
1380 2725 1530 2790 habeant
1552 2725 1598 2790 si·

137 2829 404 2910 minorationem,
434 2840 594 2914 utputa:
628 2848 709 2912 quo
734 2823 794 2910 ¹⁵),
826 2849 1014 2915 quoqne,
1042 2849 1214 2913 magne,
1246 2829 1436 2903 doctina,
1469 2830 1599 2913 quan-

139 2943 227 3010 tum,
258 2933 347 2996 cito
378 2945 412 2996 ot
434 2943 549 2995 cetera
572 2930 672 3006 talia;
704 2943 738 2994 et
761 2931 840 2994 ideo
864 2932 931 2994 boc
954 2951 1152 3007 monemus,
1184 2930 1280 3016 quod
1302 2943 1385 2994 tunc
1408 2931 1493 2992 baec
1514 2949 1598 3013 pro-

139 3035 330 3098 nuntiantur
359 3031 541 3109 adverbia‚
572 3033 712 3118 quando
744 3051 858 3116 neque
888 3032 932 3096 ad
960 3053 1078 3097 casnm
1108 3053 1226 3107 suurn,
1259 3051 1372 3116 neque
1403 3031 1446 3095 ad
1469 3049 1597 3116 genus,

139 3153 237 3220 neque
266 3155 346 3200 curn
377 3136 636 3220 praepositione
666 3133 906 3219 proferuntur,
935 3147 974 3198 ut
1004 3148 1103 3221 puta:
1144 3153 1224 3219 quo
1258 3133 1316 3196 is?
1352 3144 1394 3196 tu
1425 3151 1598 3218 quoque

140 3235 233 3301 ieris
249 3231 312 3320 ’⁶)?
335 3233 484 3321 magne
507 3237 639 3312 dixit;
663 3236 891 3318 doctius²⁷)
913 3236 1233 3321 pronuntiavit;
1266 3245 1474 3320 quantum
1497 3247 1598 3297 tem-

30 3339 31 3390 }
140 3339 261 3418 poris;
285 3339 370 3402 cito
393 3339 511 3403 venit
531 3333 583 3421 ²⁸).
608 3338 667 3403 Sic
690 3352 724 3402 et
747 3351 860 3404 cetera
882 3339 983 3415 talia,
1015 3360 1122 3424 quae,
1154 3350 1194 3401 nt
1216 3337 1386 3412 diximus,
1417 3355 1532 3422 neque
1554 3335 1637 3399 adv.
1652 3342 1704 3392 ato.

142 3457 243 3502 casnm
266 3461 366 3504 suum
387 3445 446 3524 ἐ’),
477 3461 591 3527 nequo
614 3441 658 3505 ad
681 3461 808 3525 genus,
840 3460 954 3526 neque
978 3459 1056 3504 cum
1080 3441 1339 3526 praepositione
1361 3436 1596 3523 proferuntur,

143 3539 291 3606 adverbia
320 3543 579 3629 pronuntianda
602 3556 698 3620 sunt;
728 3556 763 3607 at
791 3563 873 3606 vero
897 3542 1037 3628 quaudo
1061 3544 1146 3605 baec
1172 3535 1214 3625 ³⁶)
1237 3541 1472 3627 suprascripta
1494 3557 1599 3604 voca-

182 3851 215 3922 ”)
231 3869 305 3906 more
323 3871 384 3906 mee
404 3853 438 3907 Β.
458 3854 493 3910 V.
512 3883 549 3896 -
565 3870 627 3907 meo
646 3870 722 3906 more
739 3853 776 3907 A.
799 3853 845 3924 ¹⁰¹)
865 3870 940 3906 more
958 3859 1006 3906 tuo
1024 3854 1058 3908 B.
1079 3853 1114 3908 V.
1133 3883 1170 3898 -
1187 3858 1235 3904 tuo
1254 3867 1330 3904 mors
1348 3849 1386 3904 A.
1415 3851 1437 3918 ¹)
1455 3863 1531 3900 more
1548 3862 1600 3898 aua

238 3941 267 3994 Β.
287 3941 324 3996 V.
349 3971 385 3981 -
402 3956 453 3992 eoo
471 3959 546 3994 more
564 3942 600 3997 A.
628 3945 651 4012 ¹)
678 3959 753 3994 more
772 3951 869 3994 nostro
888 3943 922 3995 B.
942 3942 978 3998 V.
997 3971 1033 3984 -
1051 3947 1146 3992 nostro
1165 3955 1240 3990 more
1263 3939 1296 3990 A.
1325 3940 1347 4006 ¹)
1367 3951 1441 3988 more
1459 3941 1550 3988 restro
1570 3933 1601 3986 Β.

239 4027 274 4084 V·
293 4057 327 4070 -
346 4035 437 4080 restro
456 4045 531 4080 more
549 4029 587 4084 A.
613 4031 637 4102 ι)
657 4025 868 4102 pronominibus
886 4029 918 4080 B.
940 4029 976 4082 V.
998 4029 1027 4080 Ρ.
1046 4058 1081 4068 —
1100 4021 1259 4078 nominibus
1277 4023 1314 4078 A.
1340 4025 1364 4096 ⁵)
1389 4031 1494 4074 tantum
1512 4021 1544 4074 B.
1565 4021 1601 4075 V·

238 4137 273 4164 =
290 4114 327 4169 A·
347 4117 372 4188 ⁸)
391 4112 426 4166 de
445 4113 529 4168 verbo
548 4117 580 4171 Β.
601 4118 636 4171 V.
656 4146 692 4158 -
710 4134 744 4168 ex
761 4112 846 4170 verbo
865 4115 901 4170 A.
922 4117 946 4188 ²)
966 4111 1094 4168 adverbia
1113 4114 1173 4166 fieri
1190 4115 1222 4166 Β.
1244 4113 1280 4166 V.
1299 4141 1335 4154 -
1353 4109 1411 4161 fieri
1429 4106 1557 4160 adverbia
1565 4107 1603 4161 A.

240 4205 264 4273 ¹)
283 4195 375 4270 tango,
395 4203 489 4254 tactim
509 4203 545 4256 V.
555 4205 591 4256 A.
610 4233 646 4245 -
664 4212 765 4274 tempo,
783 4201 893 4272 tamgim
912 4203 944 4256 B.
963 4205 986 4273 θ)
1006 4202 1108 4256 iaciant
1126 4203 1157 4255 Β.
1170 4201 1249 4257 V.P.
1264 4231 1300 4241 —
1317 4198 1421 4250 iaciunt
1440 4197 1476 4250 A.
1499 4200 1533 4267 ¹⁰)
1549 4205 1605 4248 tra·

238 4288 372 4344 ciebimus
393 4289 429 4343 V.
449 4289 485 4344 A.
506 4319 542 4331 -
560 4293 733 4345 tractavimus
753 4291 783 4345 B.
805 4292 837 4343 Ρ.
859 4293 893 4361 ¹¹)
913 4290 967 4342 iam
985 4289 1017 4344 B.
1038 4291 1074 4346 V.
1093 4293 1125 4344 Ρ.
1144 4312 1180 4340 =
1197 4289 1234 4342 A.
1263 4291 1298 4358 ¹¹)
1323 4282 1553 4358 quemadmodum
1567 4283 1606 4338 V.

239 4379 274 4433 A.
292 4408 330 4423 —
349 4385 377 4429 ot
395 4373 625 4450 quemadmodum
644 4380 677 4432 B.
710 4381 743 4449 ¹¹)
772 4380 815 4432 Do
834 4377 972 4433 adverbiis
990 4380 1023 4434 Β.
1045 4379 1081 4434 V.
1100 4409 1136 4422 -
1155 4396 1188 4429 ex
1205 4373 1344 4430 adverbiis
1361 4375 1397 4428 A.
1429 4373 1464 4446 ¹¹)
1484 4389 1553 4444 quae
1572 4387 1606 4422 ex

238 4483 268 4517 ’θ
285 4465 356 4520 flunt
373 4468 405 4519 B·
427 4467 462 4520 V·
484 4468 512 4520 Ρ.
531 4489 568 4516 =
586 4466 620 4518 A·
652 4467 687 4536 ¹⁵)
707 4467 836 4537 quotiens
854 4469 886 4522 B·
908 4469 944 4522 V.
963 4497 998 4508 —
1016 4467 1125 4539 quoties
1144 4465 1179 4519 A.
1213 4467 1247 4536 ¹⁸)
1267 4481 1374 4516 sursum
1393 4461 1425 4515 Β.
1446 4487 1478 4501 -
1498 4474 1606 4510 rursum

241 4553 276 4608 V·
295 4555 332 4607 A·
362 4557 398 4626 Ι7)
419 4551 547 4607 ‘¹⁰⁰¹'5um
567 4556 602 4610 V·
620 4554 657 4608 A.
676 4583 712 4596 -
730 4572 857 4608 auersum
876 4557 907 4608 B.
938 4556 972 4625 ¹¹)
991 4551 1165 4626 pedetentim
1185 4553 1220 4606 V.
1244 4583 1280 4594 -
1297 4547 1498 4622 pedetemptim
1515 4545 1551 4600 A·
1570 4572 1606 4585 -

238 4639 409 4714 pedetempli
427 4643 461 4696 B.
479 4647 589 4713 punctis
606 4647 746 4714 impositis.
768 4642 804 4713 ¹⁹)
822 4641 934 4713 penitus
952 4643 985 4694 Β.
996 4642 1033 4697 V.
1052 4673 1087 4686 -
1105 4641 1232 4712 paenitus
1251 4637 1287 4690 A.
1308 4637 1346 4708 ¹⁰)
1366 4633 1442 4686 illico
1464 4635 1494 4685 B.
1514 4633 1550 4688 V.
1569 4661 1605 4672 -

238 4729 302 4782 ilico
328 4730 364 4784 A.
394 4733 429 4801 ¹¹)
456 4749 520 4782 mox
546 4731 578 4785 B.
599 4731 635 4786 V.
653 4753 689 4781 =
706 4730 743 4785 A.
772 4736 807 4800 ¹¹)
837 4746 953 4801 quorum
973 4728 1009 4783 V.
1029 4728 1065 4781 A.
1084 4751 1121 4778 =
1137 4728 1169 4779 B.
1198 4729 1233 4794 ¹¹)
1254 4723 1439 4795 praecipimus
1458 4718 1495 4776 V.
1514 4717 1551 4771 A.
1571 4749 1605 4758 -

204 4883 207 4894 1
238 4817 428 4890 praecepimus
447 4819 478 4870 Β.
500 4819 536 4890 ¹⁴)
556 4815 692 4872 adverbiis
712 4825 851 4871 remaneat
867 4833 982 4868 neeesse
1003 4824 1045 4869 est
1065 4817 1094 4867 B.
1116 4846 1151 4856 -
1169 4808 1329 4864 adverbium
1341 4813 1478 4860 remaneat
1491 4823 1605 4858 necesse
1650 4807 1654 4814 '

239 4917 281 4960 est
299 4905 336 4960 V.
354 4935 391 4948 -
409 4922 524 4957 necesse
543 4913 586 4959 eat
604 4903 762 4984 adrerbium
782 4913 919 4957 remaneat
936 4905 973 4958 A.
994 4905 1030 4972 ²⁵)
1050 4921 1104 4975 quo
1123 4903 1156 4956 B.
1178 4901 1214 4956 V.
1233 4922 1270 4950 =
1286 4899 1323 4954 A.
1344 4898 1379 4967 ¹¹)
1395 4893 1460 4947 ieria
1480 4893 1607 4949 V.A.=
1703 4899 1712 4908 ·

238 4995 269 5047 Β.
290 4996 328 5064 ¹7)
350 4989 461 5045 doctius
481 4994 512 5048 13.
534 4995 571 5048 V.
590 5025 626 5038 -
645 4991 743 5048 doctua
762 4993 798 5048 A.
820 4995 860 5068 ¹¹)
878 4993 953 5050 veuit
970 4994 1001 5048 Β.
1024 4992 1059 5048 V.
1078 5019 1113 5034 ·-
1131 4987 1238 5044 venerit
1256 4985 1292 5042 A.
1313 4985 1348 5056 ¹⁹)
1368 5001 1447 5038 suom
1466 4982 1502 5039 V.
1521 5005 1558 5034 =
1572 4982 1604 5036 B.

239 5083 275 5135 A.
295 5083 333 5154 ¹¹⁵)
352 5077 421 5134 baec
438 5081 472 5138 B.
492 5081 528 5136 V.
548 5083 584 5136 A.
603 5104 639 5131 =
657 5083 686 5134 Ρ.

191 5205 218 5273 a)
244 5187 361 5268 Turrim,
386 5203 472 5259 forma
490 5203 587 5259 lexicis
607 5201 741 5256 addenda.
