<?xml version="1.0" encoding="UTF-8"?>
<!DOCTYPE html PUBLIC "-//W3C//DTD XHTML 1.0 Transitional//EN"
    "http://www.w3.org/TR/xhtml1/DTD/xhtml1-transitional.dtd">
<html xmlns="http://www.w3.org/1999/xhtml" xml:lang="en" lang="en">
 <head>
  <title>
</title>
<meta http-equiv="Content-Type" content="text/html;charset=utf-8" />
  <meta name='ocr-system' content='tesseract 3.04.00' />
  <meta name='ocr-capabilities' content='ocr_page ocr_carea ocr_par ocr_line ocrx_word'/>
</head>
<body>
  <div class='ocr_page' id='page_1' title='image "./analectagrammat00eichgoog_0351.png"; bbox 0 0 4032 6070; ppageno 0'>
   <div class='ocr_carea' id='block_1_1' title="bbox 414 529 1428 610">
    <p class='ocr_par' dir='ltr' id='par_1_1' title="bbox 414 529 1428 610">
     <span class='ocr_line' id='line_1_1' title="bbox 414 529 1428 610; baseline 0.002 -24"><span class='ocrx_word' id='word_1_1' title='bbox 414 535 482 610; x_wconf 64' lang='lat' dir='ltr'><strong>m</strong></span> <span class='ocrx_word' id='word_1_2' title='bbox 619 579 624 588; x_wconf 86' lang='lat'><em>.</em></span> <span class='ocrx_word' id='word_1_3' title='bbox 869 529 1428 590; x_wconf 76' lang='lat' dir='ltr'><strong>recessusnruon.</strong></span> 
     </span>
    </p>
   </div>
   <div class='ocr_carea' id='block_1_2' title="bbox 234 677 1891 3413">
    <p class='ocr_par' dir='ltr' id='par_1_2' title="bbox 234 677 1885 870">
     <span class='ocr_line' id='line_1_2' title="bbox 234 677 1885 788; baseline 0.005 -46"><span class='ocrx_word' id='word_1_4' title='bbox 234 703 239 718; x_wconf 87' lang='lat'><strong>·</strong></span> <span class='ocrx_word' id='word_1_5' title='bbox 308 725 334 770; x_wconf 27' lang='lat' dir='ltr'><strong>v·</strong></span> <span class='ocrx_word' id='word_1_6' title='bbox 353 725 401 788; x_wconf 68' lang='lat' dir='ltr'><strong>ast.</strong></span> <span class='ocrx_word' id='word_1_7' title='bbox 500 679 553 743; x_wconf 89' lang='lat' dir='ltr'><strong>De</strong></span> <span class='ocrx_word' id='word_1_8' title='bbox 577 677 687 744; x_wconf 74' lang='lat' dir='ltr'><strong>forma</strong></span> <span class='ocrx_word' id='word_1_9' title='bbox 704 680 840 764; x_wconf 83' lang='lat' dir='ltr'><strong>generis</strong></span> <span class='ocrx_word' id='word_1_10' title='bbox 856 681 981 760; x_wconf 80' lang='lat' dir='ltr'><strong>omnis,</strong></span> <span class='ocrx_word' id='word_1_11' title='bbox 999 703 1068 768; x_wconf 90' lang='lat' dir='ltr'><strong>qua</strong></span> <span class='ocrx_word' id='word_1_12' title='bbox 1090 681 1242 745; x_wconf 86' lang='lat' dir='ltr'><strong>diximus</strong></span> <span class='ocrx_word' id='word_1_13' title='bbox 1257 680 1410 746; x_wconf 87' lang='lat' dir='ltr'><strong>ablativo</strong></span> <span class='ocrx_word' id='word_1_14' title='bbox 1434 699 1515 746; x_wconf 85' lang='lat' dir='ltr'><strong>casu</strong></span> <span class='ocrx_word' id='word_1_15' title='bbox 1536 682 1674 745; x_wconf 91' lang='lat' dir='ltr'><strong>numeri</strong></span> <span class='ocrx_word' id='word_1_16' title='bbox 1697 683 1885 768; x_wconf 86' lang='lat' dir='ltr'><strong>singularia</strong></span> 
     </span>
     <span class='ocr_line' id='line_1_3' title="bbox 411 781 1820 870; baseline 0.004 -24"><span class='ocrx_word' id='word_1_17' title='bbox 411 781 555 846; x_wconf 88' lang='lat' dir='ltr'><strong>norniua</strong></span> <span class='ocrx_word' id='word_1_18' title='bbox 578 782 633 844; x_wconf 91' lang='lat' dir='ltr'><strong>·U·</strong></span> <span class='ocrx_word' id='word_1_19' title='bbox 656 781 770 847; x_wconf 90' lang='lat' dir='ltr'><strong>littera</strong></span> <span class='ocrx_word' id='word_1_20' title='bbox 791 784 987 863; x_wconf 82' lang='lat' dir='ltr'><strong>terminari,</strong></span> <span class='ocrx_word' id='word_1_21' title='bbox 1011 787 1179 870; x_wconf 84' lang='lat' dir='ltr'><strong>quantum</strong></span> <span class='ocrx_word' id='word_1_22' title='bbox 1204 786 1292 848; x_wconf 86' lang='lat' dir='ltr'><strong>ratio</strong></span> <span class='ocrx_word' id='word_1_23' title='bbox 1316 782 1499 870; x_wconf 87' lang='lat' dir='ltr'><strong>poscebat,</strong></span> <span class='ocrx_word' id='word_1_24' title='bbox 1521 785 1747 849; x_wconf 72' lang='lat' dir='ltr'><strong>tractavimus</strong></span> <span class='ocrx_word' id='word_1_25' title='bbox 1764 781 1820 870; x_wconf 78' lang='lat'><em>⁰⁵).</em></span> 
     </span>
    </p>

    <p class='ocr_par' dir='ltr' id='par_1_3' title="bbox 411 877 1884 1586">
     <span class='ocr_line' id='line_1_4' title="bbox 496 877 1879 974; baseline 0.003 -26"><span class='ocrx_word' id='word_1_26' title='bbox 496 887 569 951; x_wconf 72' lang='lat'><em>421.</em></span> <span class='ocrx_word' id='word_1_27' title='bbox 594 883 684 948; x_wconf 88' lang='lat' dir='ltr'><strong>Sane</strong></span> <span class='ocrx_word' id='word_1_28' title='bbox 701 886 738 948; x_wconf 92' lang='lat' dir='ltr'><strong>in</strong></span> <span class='ocrx_word' id='word_1_29' title='bbox 751 877 796 967; x_wconf 78' lang='grc'><strong>99)</strong></span> <span class='ocrx_word' id='word_1_30' title='bbox 818 887 884 950; x_wconf 91' lang='lat' dir='ltr'><strong>hac</strong></span> <span class='ocrx_word' id='word_1_31' title='bbox 906 885 1017 951; x_wconf 77' lang='lat' dir='ltr'><strong>forma</strong></span> <span class='ocrx_word' id='word_1_32' title='bbox 1033 887 1268 974; x_wconf 84' lang='lat' dir='ltr'><strong>suprascripta</strong></span> <span class='ocrx_word' id='word_1_33' title='bbox 1281 879 1337 968; x_wconf 69' lang='grc' dir='ltr'><strong>6ἵ),</strong></span> <span class='ocrx_word' id='word_1_34' title='bbox 1361 905 1429 972; x_wconf 89' lang='lat' dir='ltr'><strong>qua</strong></span> <span class='ocrx_word' id='word_1_35' title='bbox 1442 886 1595 951; x_wconf 82' lang='lat' dir='ltr'><strong>diximus</strong></span> <span class='ocrx_word' id='word_1_36' title='bbox 1618 886 1773 952; x_wconf 87' lang='lat' dir='ltr'><strong>ablativo</strong></span> <span class='ocrx_word' id='word_1_37' title='bbox 1797 909 1879 952; x_wconf 80' lang='lat' dir='ltr'><strong>caru</strong></span> 
     </span>
     <span class='ocr_line' id='line_1_5' title="bbox 411 985 1882 1076; baseline 0.005 -28"><span class='ocrx_word' id='word_1_38' title='bbox 411 987 547 1050; x_wconf 88' lang='lat' dir='ltr'><strong>numeri</strong></span> <span class='ocrx_word' id='word_1_39' title='bbox 569 985 753 1070; x_wconf 77' lang='lat' dir='ltr'><strong>singularis</strong></span> <span class='ocrx_word' id='word_1_40' title='bbox 775 988 917 1052; x_wconf 87' lang='lat' dir='ltr'><strong>nomina</strong></span> <span class='ocrx_word' id='word_1_41' title='bbox 940 989 994 1050; x_wconf 91' lang='lat' dir='ltr'><strong>·U·</strong></span> <span class='ocrx_word' id='word_1_42' title='bbox 1017 988 1132 1053; x_wconf 92' lang='lat' dir='ltr'><strong>littera</strong></span> <span class='ocrx_word' id='word_1_43' title='bbox 1154 989 1348 1064; x_wconf 84' lang='lat' dir='ltr'><strong>terminari,</strong></span> <span class='ocrx_word' id='word_1_44' title='bbox 1373 1002 1453 1052; x_wconf 89' lang='lat' dir='ltr'><strong>sunt</strong></span> <span class='ocrx_word' id='word_1_45' title='bbox 1475 989 1591 1076; x_wconf 93' lang='lat' dir='ltr'><strong>aliqua</strong></span> <span class='ocrx_word' id='word_1_46' title='bbox 1612 990 1769 1066; x_wconf 85' lang='lat' dir='ltr'><strong>nomina,</strong></span> <span class='ocrx_word' id='word_1_47' title='bbox 1793 1012 1882 1076; x_wconf 88' lang='lat' dir='ltr'><strong>quac</strong></span> 
     </span>
     <span class='ocr_line' id='line_1_6' title="bbox 411 1075 1882 1178; baseline 0.003 -25"><span class='ocrx_word' id='word_1_48' title='bbox 411 1075 446 1153; x_wconf 81' lang='lat' dir='ltr'><strong>et</strong></span> <span class='ocrx_word' id='word_1_49' title='bbox 460 1081 505 1169; x_wconf 72' lang='grc'><strong>99)</strong></span> <span class='ocrx_word' id='word_1_50' title='bbox 527 1088 792 1174; x_wconf 78' lang='lat' dir='ltr'><strong>participiorum</strong></span> <span class='ocrx_word' id='word_1_51' title='bbox 815 1089 1076 1154; x_wconf 89' lang='lat' dir='ltr'><strong>similitudinem</strong></span> <span class='ocrx_word' id='word_1_52' title='bbox 1100 1093 1239 1178; x_wconf 80' lang='lat' dir='ltr'><strong>capiant</strong></span> <span class='ocrx_word' id='word_1_53' title='bbox 1253 1085 1308 1171; x_wconf 77' lang='grc'>99),</span> <span class='ocrx_word' id='word_1_54' title='bbox 1330 1103 1370 1154; x_wconf 91' lang='lat' dir='ltr'><strong>ut</strong></span> <span class='ocrx_word' id='word_1_55' title='bbox 1391 1103 1494 1176; x_wconf 81' lang='lat' dir='ltr'><strong>puta:</strong></span> <span class='ocrx_word' id='word_1_56' title='bbox 1515 1093 1643 1156; x_wconf 86' lang='lat' dir='ltr'><strong>visus.</strong></span> <span class='ocrx_word' id='word_1_57' title='bbox 1673 1091 1793 1176; x_wconf 82' lang='lat' dir='ltr'><strong>Quare</strong></span> <span class='ocrx_word' id='word_1_58' title='bbox 1816 1096 1882 1157; x_wconf 90' lang='lat' dir='ltr'><strong>hoc</strong></span> 
     </span>
     <span class='ocr_line' id='line_1_7' title="bbox 412 1189 1882 1280; baseline 0.005 -28"><span class='ocrx_word' id='word_1_59' title='bbox 412 1208 613 1266; x_wconf 87' lang='lat' dir='ltr'><strong>monemus,</strong></span> <span class='ocrx_word' id='word_1_60' title='bbox 636 1189 749 1274; x_wconf 83' lang='lat' dir='ltr'><strong>quod,</strong></span> <span class='ocrx_word' id='word_1_61' title='bbox 772 1191 803 1253; x_wconf 82' lang='lat' dir='ltr'><strong>si</strong></span> <span class='ocrx_word' id='word_1_62' title='bbox 825 1191 940 1254; x_wconf 88' lang='lat' dir='ltr'><strong>visus</strong></span> <span class='ocrx_word' id='word_1_63' title='bbox 962 1190 1006 1256; x_wconf 93' lang='lat' dir='ltr'><strong>ab</strong></span> <span class='ocrx_word' id='word_1_64' title='bbox 1029 1213 1090 1271; x_wconf 83' lang='lat' dir='ltr'><strong>eo,</strong></span> <span class='ocrx_word' id='word_1_65' title='bbox 1120 1194 1216 1279; x_wconf 92' lang='lat' dir='ltr'><strong>quod</strong></span> <span class='ocrx_word' id='word_1_66' title='bbox 1238 1205 1290 1258; x_wconf 87' lang='lat' dir='ltr'><strong>est</strong></span> <span class='ocrx_word' id='word_1_67' title='bbox 1306 1193 1462 1257; x_wconf 85' lang='lat' dir='ltr'><strong>videor</strong></span> <span class='ocrx_word' id='word_1_68' title='bbox 1482 1193 1709 1280; x_wconf 86' lang='lat' dir='ltr'><strong>participium</strong></span> <span class='ocrx_word' id='word_1_69' title='bbox 1732 1217 1808 1259; x_wconf 86' lang='lat' dir='ltr'><strong>esse</strong></span> <span class='ocrx_word' id='word_1_70' title='bbox 1830 1216 1882 1258; x_wconf 86' lang='lat' dir='ltr'><strong>re·</strong></span> 
     </span>
     <span class='ocr_line' id='line_1_8' title="bbox 412 1290 1884 1382; baseline 0.005 -29"><span class='ocrx_word' id='word_1_71' title='bbox 412 1293 563 1378; x_wconf 86' lang='lat' dir='ltr'><strong>peritur,</strong></span> <span class='ocrx_word' id='word_1_72' title='bbox 586 1290 630 1354; x_wconf 90' lang='lat' dir='ltr'><strong>ad</strong></span> <span class='ocrx_word' id='word_1_73' title='bbox 652 1291 798 1355; x_wconf 79' lang='lat' dir='ltr'><strong>formam</strong></span> <span class='ocrx_word' id='word_1_74' title='bbox 821 1291 954 1358; x_wconf 86' lang='lat' dir='ltr'><strong>scilicet</strong></span> <span class='ocrx_word' id='word_1_75' title='bbox 976 1294 1112 1373; x_wconf 86' lang='lat' dir='ltr'><strong>docti,</strong></span> <span class='ocrx_word' id='word_1_76' title='bbox 1135 1312 1200 1382; x_wconf 90' lang='lat' dir='ltr'><strong>per</strong></span> <span class='ocrx_word' id='word_1_77' title='bbox 1222 1315 1342 1360; x_wconf 88' lang='lat' dir='ltr'><strong>omnes</strong></span> <span class='ocrx_word' id='word_1_78' title='bbox 1360 1297 1401 1376; x_wconf 81' lang='lat'><strong>⁷⁰)</strong></span> <span class='ocrx_word' id='word_1_79' title='bbox 1434 1315 1532 1360; x_wconf 83' lang='lat' dir='ltr'><strong>casus</strong></span> <span class='ocrx_word' id='word_1_80' title='bbox 1555 1296 1752 1361; x_wconf 88' lang='lat' dir='ltr'><strong>declinetur</strong></span> <span class='ocrx_word' id='word_1_81' title='bbox 1765 1299 1827 1382; x_wconf 82' lang='lat'><strong>⁷¹),</strong></span> <span class='ocrx_word' id='word_1_82' title='bbox 1850 1308 1884 1361; x_wconf 90' lang='lat' dir='ltr'><strong>at</strong></span> 
     </span>
     <span class='ocr_line' id='line_1_9' title="bbox 411 1392 1882 1482; baseline 0.004 -24"><span class='ocrx_word' id='word_1_83' title='bbox 411 1413 496 1458; x_wconf 89' lang='lat' dir='ltr'><strong>vero</strong></span> <span class='ocrx_word' id='word_1_84' title='bbox 518 1393 655 1468; x_wconf 78' lang='lat' dir='ltr'><strong>visus,</strong></span> <span class='ocrx_word' id='word_1_85' title='bbox 678 1392 709 1456; x_wconf 84' lang='lat' dir='ltr'><strong>si</strong></span> <span class='ocrx_word' id='word_1_86' title='bbox 729 1407 929 1479; x_wconf 88' lang='lat' dir='ltr'><strong>aspectus</strong></span> <span class='ocrx_word' id='word_1_87' title='bbox 951 1397 1175 1462; x_wconf 89' lang='lat' dir='ltr'><strong>oculorum</strong></span> <span class='ocrx_word' id='word_1_88' title='bbox 1199 1419 1272 1462; x_wconf 87' lang='lat' dir='ltr'><strong>esse</strong></span> <span class='ocrx_word' id='word_1_89' title='bbox 1296 1398 1520 1482; x_wconf 80' lang='lat' dir='ltr'><strong>cognoscitur</strong></span> <span class='ocrx_word' id='word_1_90' title='bbox 1541 1397 1605 1480; x_wconf 75' lang='lat'><strong>7¹),</strong></span> <span class='ocrx_word' id='word_1_91' title='bbox 1632 1399 1701 1464; x_wconf 87' lang='lat' dir='ltr'><strong>hoo</strong></span> <span class='ocrx_word' id='word_1_92' title='bbox 1724 1412 1794 1477; x_wconf 83' lang='lat' dir='ltr'><strong>eet,</strong></span> <span class='ocrx_word' id='word_1_93' title='bbox 1818 1420 1882 1464; x_wconf 93' lang='lat' dir='ltr'><strong>uo-</strong></span> 
     </span>
     <span class='ocr_line' id='line_1_10' title="bbox 411 1493 1841 1586; baseline 0.004 -28"><span class='ocrx_word' id='word_1_94' title='bbox 411 1515 492 1559; x_wconf 91' lang='lat' dir='ltr'><strong>rnen</strong></span> <span class='ocrx_word' id='word_1_95' title='bbox 515 1493 723 1580; x_wconf 83' lang='lat' dir='ltr'><strong>appellatur,</strong></span> <span class='ocrx_word' id='word_1_96' title='bbox 747 1495 792 1560; x_wconf 85' lang='lat' dir='ltr'><strong>ad</strong></span> <span class='ocrx_word' id='word_1_97' title='bbox 813 1497 960 1561; x_wconf 79' lang='lat' dir='ltr'><strong>formam</strong></span> <span class='ocrx_word' id='word_1_98' title='bbox 984 1498 1146 1562; x_wconf 82' lang='lat' dir='ltr'><strong>fluctus</strong></span> <span class='ocrx_word' id='word_1_99' title='bbox 1168 1520 1233 1586; x_wconf 88' lang='lat' dir='ltr'><strong>per</strong></span> <span class='ocrx_word' id='word_1_100' title='bbox 1254 1520 1374 1564; x_wconf 85' lang='lat' dir='ltr'><strong>omues</strong></span> <span class='ocrx_word' id='word_1_101' title='bbox 1392 1493 1437 1584; x_wconf 76' lang='grc'><strong>93)</strong></span> <span class='ocrx_word' id='word_1_102' title='bbox 1461 1519 1560 1564; x_wconf 84' lang='lat' dir='ltr'><strong>casus</strong></span> <span class='ocrx_word' id='word_1_103' title='bbox 1582 1501 1841 1586; x_wconf 86' lang='lat' dir='ltr'><strong>pronuntiatur.</strong></span> 
     </span>
    </p>

    <p class='ocr_par' dir='ltr' id='par_1_4' title="bbox 411 1596 1886 2392">
     <span class='ocr_line' id='line_1_11' title="bbox 496 1596 1882 1688; baseline 0.001 -26"><span class='ocrx_word' id='word_1_104' title='bbox 496 1600 570 1662; x_wconf 70' lang='lat'><em>⁴22.</em></span> <span class='ocrx_word' id='word_1_105' title='bbox 594 1596 679 1660; x_wconf 89' lang='lat' dir='ltr'><strong>ltem</strong></span> <span class='ocrx_word' id='word_1_106' title='bbox 704 1599 740 1660; x_wconf 91' lang='lat' dir='ltr'><strong>iu</strong></span> <span class='ocrx_word' id='word_1_107' title='bbox 762 1600 827 1662; x_wconf 88' lang='lat' dir='ltr'><strong>hac</strong></span> <span class='ocrx_word' id='word_1_108' title='bbox 849 1601 1082 1686; x_wconf 74' lang='lat' dir='ltr'><strong>suprascripta</strong></span> <span class='ocrx_word' id='word_1_109' title='bbox 1104 1601 1215 1666; x_wconf 85' lang='lat' dir='ltr'><strong>iorma</strong></span> <span class='ocrx_word' id='word_1_110' title='bbox 1229 1597 1272 1684; x_wconf 80' lang='lat'><strong>⁷⁴)</strong></span> <span class='ocrx_word' id='word_1_111' title='bbox 1302 1615 1380 1666; x_wconf 86' lang='lat' dir='ltr'><strong>suut</strong></span> <span class='ocrx_word' id='word_1_112' title='bbox 1402 1602 1519 1687; x_wconf 89' lang='lat' dir='ltr'><strong>aliqua</strong></span> <span class='ocrx_word' id='word_1_113' title='bbox 1541 1602 1703 1678; x_wconf 80' lang='lat' dir='ltr'><strong>nomina,</strong></span> <span class='ocrx_word' id='word_1_114' title='bbox 1732 1623 1824 1688; x_wconf 87' lang='lat' dir='ltr'><strong>quae</strong></span> <span class='ocrx_word' id='word_1_115' title='bbox 1848 1615 1882 1665; x_wconf 91' lang='lat' dir='ltr'><strong>et</strong></span> 
     </span>
     <span class='ocr_line' id='line_1_12' title="bbox 412 1699 1884 1790; baseline 0.005 -30"><span class='ocrx_word' id='word_1_116' title='bbox 412 1699 635 1784; x_wconf 87' lang='lat' dir='ltr'><strong>propriorum</strong></span> <span class='ocrx_word' id='word_1_117' title='bbox 664 1701 845 1762; x_wconf 88' lang='lat' dir='ltr'><strong>nominum</strong></span> <span class='ocrx_word' id='word_1_118' title='bbox 878 1702 1022 1785; x_wconf 88' lang='lat' dir='ltr'><strong>figuram</strong></span> <span class='ocrx_word' id='word_1_119' title='bbox 1055 1705 1255 1768; x_wconf 86' lang='lat' dir='ltr'><strong>contineant</strong></span> <span class='ocrx_word' id='word_1_120' title='bbox 1275 1699 1334 1786; x_wconf 82' lang='lat'><strong>⁷⁵),</strong></span> <span class='ocrx_word' id='word_1_121' title='bbox 1364 1717 1402 1767; x_wconf 90' lang='lat' dir='ltr'><strong>ut</strong></span> <span class='ocrx_word' id='word_1_122' title='bbox 1433 1715 1533 1790; x_wconf 86' lang='lat' dir='ltr'><strong>puta:</strong></span> <span class='ocrx_word' id='word_1_123' title='bbox 1563 1703 1725 1770; x_wconf 86' lang='lat' dir='ltr'><strong>bassus.</strong></span> <span class='ocrx_word' id='word_1_124' title='bbox 1763 1704 1884 1788; x_wconf 82' lang='lat' dir='ltr'><strong>Quare</strong></span> 
     </span>
     <span class='ocr_line' id='line_1_13' title="bbox 412 1797 1884 1892; baseline 0.004 -30"><span class='ocrx_word' id='word_1_125' title='bbox 412 1803 480 1865; x_wconf 88' lang='lat' dir='ltr'><strong>hoc</strong></span> <span class='ocrx_word' id='word_1_126' title='bbox 503 1819 694 1878; x_wconf 85' lang='lat' dir='ltr'><strong>monemus,</strong></span> <span class='ocrx_word' id='word_1_127' title='bbox 719 1802 825 1887; x_wconf 88' lang='lat' dir='ltr'><strong>quod,</strong></span> <span class='ocrx_word' id='word_1_128' title='bbox 848 1803 878 1866; x_wconf 87' lang='lat' dir='ltr'><strong>si</strong></span> <span class='ocrx_word' id='word_1_129' title='bbox 895 1797 937 1887; x_wconf 74' lang='grc'><strong>99)</strong></span> <span class='ocrx_word' id='word_1_130' title='bbox 960 1803 1107 1870; x_wconf 87' lang='lat' dir='ltr'><strong>bassus</strong></span> <span class='ocrx_word' id='word_1_131' title='bbox 1129 1810 1258 1869; x_wconf 78' lang='lat' dir='ltr'><strong>norn‘eu</strong></span> <span class='ocrx_word' id='word_1_132' title='bbox 1272 1807 1455 1892; x_wconf 89' lang='lat' dir='ltr'><strong>proprium</strong></span> <span class='ocrx_word' id='word_1_133' title='bbox 1472 1807 1516 1888; x_wconf 86' lang='lat'><strong>⁷⁷)</strong></span> <span class='ocrx_word' id='word_1_134' title='bbox 1539 1826 1613 1869; x_wconf 88' lang='lat' dir='ltr'><strong>esee</strong></span> <span class='ocrx_word' id='word_1_135' title='bbox 1631 1807 1824 1892; x_wconf 82' lang='lat' dir='ltr'><strong>reperiatur</strong></span> <span class='ocrx_word' id='word_1_136' title='bbox 1840 1801 1884 1891; x_wconf 79' lang='lat'><strong>⁷⁸)</strong></span> 
     </span>
     <span class='ocr_line' id='line_1_14' title="bbox 412 1902 1882 1990; baseline 0.004 -26"><span class='ocrx_word' id='word_1_137' title='bbox 412 1903 456 1966; x_wconf 90' lang='lat' dir='ltr'><strong>ad</strong></span> <span class='ocrx_word' id='word_1_138' title='bbox 479 1902 625 1966; x_wconf 78' lang='lat' dir='ltr'><strong>formam</strong></span> <span class='ocrx_word' id='word_1_139' title='bbox 648 1902 764 1967; x_wconf 91' lang='lat' dir='ltr'><strong>docti</strong></span> <span class='ocrx_word' id='word_1_140' title='bbox 784 1925 849 1990; x_wconf 88' lang='lat' dir='ltr'><strong>per</strong></span> <span class='ocrx_word' id='word_1_141' title='bbox 870 1925 991 1971; x_wconf 88' lang='lat' dir='ltr'><strong>omnes</strong></span> <span class='ocrx_word' id='word_1_142' title='bbox 1012 1928 1110 1972; x_wconf 85' lang='lat' dir='ltr'><strong>casus</strong></span> <span class='ocrx_word' id='word_1_143' title='bbox 1132 1908 1340 1984; x_wconf 88' lang='lat' dir='ltr'><strong>declinetur;</strong></span> <span class='ocrx_word' id='word_1_144' title='bbox 1363 1910 1392 1971; x_wconf 82' lang='lat' dir='ltr'><strong>si</strong></span> <span class='ocrx_word' id='word_1_145' title='bbox 1408 1909 1449 1990; x_wconf 79' lang='lat'><strong>⁷⁹)</strong></span> <span class='ocrx_word' id='word_1_146' title='bbox 1472 1927 1555 1971; x_wconf 88' lang='lat' dir='ltr'><strong>vero</strong></span> <span class='ocrx_word' id='word_1_147' title='bbox 1578 1906 1731 1972; x_wconf 87' lang='lat' dir='ltr'><strong>bassus</strong></span> <span class='ocrx_word' id='word_1_148' title='bbox 1752 1928 1882 1972; x_wconf 86' lang='lat' dir='ltr'><strong>nomen</strong></span> 
     </span>
     <span class='ocr_line' id='line_1_15' title="bbox 413 1999 1884 2102; baseline 0.005 -34"><span class='ocrx_word' id='word_1_149' title='bbox 413 2003 658 2090; x_wconf 83' lang='lat' dir='ltr'><strong>appellativum</strong></span> <span class='ocrx_word' id='word_1_150' title='bbox 674 1999 717 2084; x_wconf 74' lang='grc' dir='ltr'><strong>9ο)</strong></span> <span class='ocrx_word' id='word_1_151' title='bbox 741 2025 814 2070; x_wconf 86' lang='lat' dir='ltr'><strong>esse</strong></span> <span class='ocrx_word' id='word_1_152' title='bbox 837 2007 1034 2073; x_wconf 86' lang='lat' dir='ltr'><strong>inveniatur</strong></span> <span class='ocrx_word' id='word_1_153' title='bbox 1049 2005 1110 2092; x_wconf 78' lang='lat'><strong>⁸¹),</strong></span> <span class='ocrx_word' id='word_1_154' title='bbox 1134 2011 1178 2073; x_wconf 90' lang='lat' dir='ltr'><strong>ad</strong></span> <span class='ocrx_word' id='word_1_155' title='bbox 1200 2010 1399 2096; x_wconf 83' lang='lat' dir='ltr'><strong>exemplum</strong></span> <span class='ocrx_word' id='word_1_156' title='bbox 1423 2009 1589 2073; x_wconf 77' lang='lat' dir='ltr'><strong>fluctus</strong></span> <span class='ocrx_word' id='word_1_157' title='bbox 1615 2031 1681 2095; x_wconf 88' lang='lat' dir='ltr'><strong>per</strong></span> <span class='ocrx_word' id='word_1_158' title='bbox 1702 2030 1824 2074; x_wconf 83' lang='lat' dir='ltr'><strong>omues</strong></span> <span class='ocrx_word' id='word_1_159' title='bbox 1842 2005 1884 2102; x_wconf 77' lang='grc'><strong>9’)</strong></span> 
     </span>
     <span class='ocr_line' id='line_1_16' title="bbox 413 2099 1886 2198; baseline 0.005 -29"><span class='ocrx_word' id='word_1_160' title='bbox 413 2127 510 2170; x_wconf 86' lang='lat' dir='ltr'><strong>casus</strong></span> <span class='ocrx_word' id='word_1_161' title='bbox 536 2099 580 2188; x_wconf 79' lang='lat'><strong>⁸³)</strong></span> <span class='ocrx_word' id='word_1_162' title='bbox 608 2107 772 2172; x_wconf 87' lang='lat' dir='ltr'><strong>flectatur.</strong></span> <span class='ocrx_word' id='word_1_163' title='bbox 808 2109 912 2174; x_wconf 85' lang='lat' dir='ltr'><strong>Nunc</strong></span> <span class='ocrx_word' id='word_1_164' title='bbox 939 2111 1107 2189; x_wconf 85' lang='lat' dir='ltr'><strong>bassus,</strong></span> <span class='ocrx_word' id='word_1_165' title='bbox 1136 2112 1276 2196; x_wconf 88' lang='lat' dir='ltr'><strong>quaudo</strong></span> <span class='ocrx_word' id='word_1_166' title='bbox 1304 2131 1433 2174; x_wconf 87' lang='lat' dir='ltr'><strong>nomeu</strong></span> <span class='ocrx_word' id='word_1_167' title='bbox 1458 2103 1501 2195; x_wconf 79' lang='grc'><strong>99)</strong></span> <span class='ocrx_word' id='word_1_168' title='bbox 1540 2113 1584 2175; x_wconf 87' lang='lat' dir='ltr'><strong>sit</strong></span> <span class='ocrx_word' id='word_1_169' title='bbox 1611 2113 1814 2198; x_wconf 85' lang='lat' dir='ltr'><strong>proprium,</strong></span> <span class='ocrx_word' id='word_1_170' title='bbox 1850 2125 1886 2176; x_wconf 90' lang='lat' dir='ltr'><strong>et</strong></span> 
     </span>
     <span class='ocr_line' id='line_1_17' title="bbox 412 2205 1884 2299; baseline 0.005 -29"><span class='ocrx_word' id='word_1_171' title='bbox 412 2208 553 2292; x_wconf 89' lang='lat' dir='ltr'><strong>quaudo</strong></span> <span class='ocrx_word' id='word_1_172' title='bbox 584 2207 831 2294; x_wconf 83' lang='lat' dir='ltr'><strong>appellativum</strong></span> <span class='ocrx_word' id='word_1_173' title='bbox 854 2205 918 2295; x_wconf 82' lang='lat'><strong>⁸⁵),</strong></span> <span class='ocrx_word' id='word_1_174' title='bbox 949 2213 1017 2278; x_wconf 90' lang='lat' dir='ltr'><strong>hoc</strong></span> <span class='ocrx_word' id='word_1_175' title='bbox 1048 2214 1084 2277; x_wconf 91' lang='lat' dir='ltr'><strong>in</strong></span> <span class='ocrx_word' id='word_1_176' title='bbox 1117 2214 1282 2299; x_wconf 87' lang='lat' dir='ltr'><strong>qualitate</strong></span> <span class='ocrx_word' id='word_1_177' title='bbox 1321 2213 1503 2277; x_wconf 90' lang='lat' dir='ltr'><strong>nominum</strong></span> <span class='ocrx_word' id='word_1_178' title='bbox 1531 2213 1601 2277; x_wconf 88' lang='lat' dir='ltr'><strong>iam</strong></span> <span class='ocrx_word' id='word_1_179' title='bbox 1640 2214 1723 2278; x_wconf 88' lang='lat' dir='ltr'><strong>satis</strong></span> <span class='ocrx_word' id='word_1_180' title='bbox 1757 2225 1884 2278; x_wconf 88' lang='lat' dir='ltr'><strong>tracta-</strong></span> 
     </span>
     <span class='ocr_line' id='line_1_18' title="bbox 411 2309 585 2392; baseline 0.006 -20"><span class='ocrx_word' id='word_1_181' title='bbox 411 2309 585 2392; x_wconf 74' lang='lat' dir='ltr'><strong>vimus-⁸).</strong></span> 
     </span>
    </p>

    <p class='ocr_par' dir='ltr' id='par_1_5' title="bbox 414 2409 1886 2706">
     <span class='ocr_line' id='line_1_19' title="bbox 498 2409 1884 2503; baseline 0.004 -27"><span class='ocrx_word' id='word_1_182' title='bbox 498 2415 570 2476; x_wconf 72' lang='lat'><em>423.</em></span> <span class='ocrx_word' id='word_1_183' title='bbox 595 2410 684 2475; x_wconf 88' lang='lat' dir='ltr'><strong>Sane</strong></span> <span class='ocrx_word' id='word_1_184' title='bbox 708 2413 776 2476; x_wconf 90' lang='lat' dir='ltr'><strong>hoc</strong></span> <span class='ocrx_word' id='word_1_185' title='bbox 798 2432 979 2480; x_wconf 87' lang='lat' dir='ltr'><strong>monemus</strong></span> <span class='ocrx_word' id='word_1_186' title='bbox 1002 2419 1038 2480; x_wconf 91' lang='lat' dir='ltr'><strong>iu</strong></span> <span class='ocrx_word' id='word_1_187' title='bbox 1060 2419 1114 2482; x_wconf 80' lang='lat' dir='ltr'><strong>liis</strong></span> <span class='ocrx_word' id='word_1_188' title='bbox 1136 2415 1337 2482; x_wconf 88' lang='lat' dir='ltr'><strong>nominibus</strong></span> <span class='ocrx_word' id='word_1_189' title='bbox 1353 2409 1412 2500; x_wconf 67' lang='grc'><strong>9),</strong></span> <span class='ocrx_word' id='word_1_190' title='bbox 1441 2437 1530 2503; x_wconf 89' lang='lat' dir='ltr'><strong>quae</strong></span> <span class='ocrx_word' id='word_1_191' title='bbox 1553 2417 1708 2482; x_wconf 75' lang='lat' dir='ltr'><strong>diximus</strong></span> <span class='ocrx_word' id='word_1_192' title='bbox 1730 2414 1884 2481; x_wconf 84' lang='lat' dir='ltr'><strong>ablativo</strong></span> 
     </span>
     <span class='ocr_line' id='line_1_20' title="bbox 414 2511 1886 2605; baseline 0.004 -31"><span class='ocrx_word' id='word_1_193' title='bbox 414 2532 495 2575; x_wconf 85' lang='lat' dir='ltr'><strong>casu</strong></span> <span class='ocrx_word' id='word_1_194' title='bbox 515 2513 653 2576; x_wconf 89' lang='lat' dir='ltr'><strong>numeri</strong></span> <span class='ocrx_word' id='word_1_195' title='bbox 676 2514 859 2597; x_wconf 77' lang='lat' dir='ltr'><strong>singularis</strong></span> <span class='ocrx_word' id='word_1_196' title='bbox 883 2516 937 2579; x_wconf 90' lang='lat' dir='ltr'><strong>·U·</strong></span> <span class='ocrx_word' id='word_1_197' title='bbox 960 2517 1075 2583; x_wconf 90' lang='lat' dir='ltr'><strong>littera</strong></span> <span class='ocrx_word' id='word_1_198' title='bbox 1098 2521 1294 2596; x_wconf 85' lang='lat' dir='ltr'><strong>terminari,</strong></span> <span class='ocrx_word' id='word_1_199' title='bbox 1318 2520 1414 2604; x_wconf 92' lang='lat' dir='ltr'><strong>quod</strong></span> <span class='ocrx_word' id='word_1_200' title='bbox 1436 2521 1505 2582; x_wconf 84' lang='lat' dir='ltr'><strong>sint</strong></span> <span class='ocrx_word' id='word_1_201' title='bbox 1527 2520 1636 2605; x_wconf 90' lang='lat' dir='ltr'><strong>aliqui</strong></span> <span class='ocrx_word' id='word_1_202' title='bbox 1657 2517 1822 2581; x_wconf 87' lang='lat' dir='ltr'><strong>undecim</strong></span> <span class='ocrx_word' id='word_1_203' title='bbox 1842 2511 1886 2599; x_wconf 70' lang='grc' dir='ltr'><strong>9ἲ)</strong></span> 
     </span>
     <span class='ocr_line' id='line_1_21' title="bbox 414 2613 1885 2706; baseline 0.006 -32"><span class='ocrx_word' id='word_1_204' title='bbox 414 2613 502 2687; x_wconf 83' lang='lat' dir='ltr'><strong>soni,</strong></span> <span class='ocrx_word' id='word_1_205' title='bbox 526 2613 588 2696; x_wconf 87' lang='lat' dir='ltr'><strong>qui</strong></span> <span class='ocrx_word' id='word_1_206' title='bbox 610 2616 771 2698; x_wconf 82' lang='lat' dir='ltr'><strong>genetivo</strong></span> <span class='ocrx_word' id='word_1_207' title='bbox 786 2636 869 2680; x_wconf 84' lang='lat' dir='ltr'><strong>casu</strong></span> <span class='ocrx_word' id='word_1_208' title='bbox 885 2621 1022 2683; x_wconf 88' lang='lat' dir='ltr'><strong>numeri</strong></span> <span class='ocrx_word' id='word_1_209' title='bbox 1037 2613 1080 2702; x_wconf 72' lang='lat'><strong>⁰⁸)</strong></span> <span class='ocrx_word' id='word_1_210' title='bbox 1092 2621 1276 2706; x_wconf 80' lang='lat' dir='ltr'><strong>singularis</strong></span> <span class='ocrx_word' id='word_1_211' title='bbox 1290 2613 1332 2700; x_wconf 79' lang='grc' dir='ltr'><strong>ΙΙ9)</strong></span> <span class='ocrx_word' id='word_1_212' title='bbox 1348 2631 1382 2684; x_wconf 89' lang='lat' dir='ltr'><strong>et</strong></span> <span class='ocrx_word' id='word_1_213' title='bbox 1397 2620 1434 2684; x_wconf 92' lang='lat'><strong>·1·</strong></span> <span class='ocrx_word' id='word_1_214' title='bbox 1451 2619 1567 2685; x_wconf 90' lang='lat' dir='ltr'><strong>littera</strong></span> <span class='ocrx_word' id='word_1_215' title='bbox 1584 2621 1815 2686; x_wconf 83' lang='lat' dir='ltr'><strong>terminentur</strong></span> <span class='ocrx_word' id='word_1_216' title='bbox 1828 2622 1885 2702; x_wconf 69' lang='grc'>99),</span> 
     </span>
    </p>

    <p class='ocr_par' dir='ltr' id='par_1_6' title="bbox 322 2711 1886 2894">
     <span class='ocr_line' id='line_1_22' title="bbox 322 2711 1886 2807; baseline 0.006 -30"><span class='ocrx_word' id='word_1_217' title='bbox 322 2748 394 2798; x_wconf 54' lang='lat' dir='ltr'><strong>mm„</strong></span> <span class='ocrx_word' id='word_1_218' title='bbox 415 2711 476 2778; x_wconf 80' lang='lat' dir='ltr'><strong>&#39;ut</strong></span> <span class='ocrx_word' id='word_1_219' title='bbox 497 2712 545 2776; x_wconf 88' lang='lat' dir='ltr'><strong>ab</strong></span> <span class='ocrx_word' id='word_1_220' title='bbox 568 2713 649 2778; x_wconf 88' lang='lat' dir='ltr'><strong>hoc</strong></span> <span class='ocrx_word' id='word_1_221' title='bbox 671 2729 834 2794; x_wconf 87' lang='lat' dir='ltr'><strong>senatu,</strong></span> <span class='ocrx_word' id='word_1_222' title='bbox 857 2720 987 2785; x_wconf 91' lang='lat' dir='ltr'><strong>huius</strong></span> <span class='ocrx_word' id='word_1_223' title='bbox 1010 2723 1149 2787; x_wconf 84' lang='lat' dir='ltr'><strong>senati</strong></span> <span class='ocrx_word' id='word_1_224' title='bbox 1164 2726 1220 2807; x_wconf 83' lang='grc'><strong>9“).</strong></span> <span class='ocrx_word' id='word_1_225' title='bbox 1244 2722 1311 2788; x_wconf 88' lang='lat' dir='ltr'><strong>Sed</strong></span> <span class='ocrx_word' id='word_1_226' title='bbox 1327 2726 1370 2804; x_wconf 69' lang='grc'><strong>99)</strong></span> <span class='ocrx_word' id='word_1_227' title='bbox 1392 2723 1687 2788; x_wconf 85' lang='lat' dir='ltr'><strong>haecnomiuaiu</strong></span> <span class='ocrx_word' id='word_1_228' title='bbox 1709 2722 1886 2787; x_wconf 85' lang='lat' dir='ltr'><strong>souistra-</strong></span> 
     </span>
     <span class='ocr_line' id='line_1_23' title="bbox 414 2809 654 2894; baseline 0.008 -16"><span class='ocrx_word' id='word_1_229' title='bbox 414 2813 584 2878; x_wconf 82' lang='lat' dir='ltr'><strong>elabimus</strong></span> <span class='ocrx_word' id='word_1_230' title='bbox 599 2809 654 2894; x_wconf 78' lang='lat'><em>⁰³).</em></span> 
     </span>
    </p>

    <p class='ocr_par' dir='ltr' id='par_1_7' title="bbox 412 2917 1891 3413">
     <span class='ocr_line' id='line_1_24' title="bbox 499 2917 1885 3013; baseline 0.006 -33"><span class='ocrx_word' id='word_1_231' title='bbox 499 2920 571 2982; x_wconf 68' lang='lat' dir='ltr'><strong>tut.</strong></span> <span class='ocrx_word' id='word_1_232' title='bbox 603 2917 689 2980; x_wconf 91' lang='lat' dir='ltr'><strong>ltem</strong></span> <span class='ocrx_word' id='word_1_233' title='bbox 719 2921 756 2982; x_wconf 90' lang='lat' dir='ltr'><strong>iu</strong></span> <span class='ocrx_word' id='word_1_234' title='bbox 779 2921 978 3007; x_wconf 88' lang='lat' dir='ltr'><strong>supradicta</strong></span> <span class='ocrx_word' id='word_1_235' title='bbox 1001 2923 1112 2988; x_wconf 79' lang='lat' dir='ltr'><strong>forma</strong></span> <span class='ocrx_word' id='word_1_236' title='bbox 1135 2939 1216 2990; x_wconf 84' lang='lat' dir='ltr'><strong>suut</strong></span> <span class='ocrx_word' id='word_1_237' title='bbox 1241 2927 1361 3013; x_wconf 90' lang='lat' dir='ltr'><strong>aliqua</strong></span> <span class='ocrx_word' id='word_1_238' title='bbox 1382 2928 1544 3004; x_wconf 82' lang='lat' dir='ltr'><strong>nomina,</strong></span> <span class='ocrx_word' id='word_1_239' title='bbox 1568 2947 1658 3012; x_wconf 88' lang='lat' dir='ltr'><strong>quae</strong></span> <span class='ocrx_word' id='word_1_240' title='bbox 1680 2939 1714 2990; x_wconf 91' lang='lat' dir='ltr'><strong>et</strong></span> <span class='ocrx_word' id='word_1_241' title='bbox 1728 2917 1775 3011; x_wconf 86' lang='grc'><strong>99)</strong></span> <span class='ocrx_word' id='word_1_242' title='bbox 1798 2927 1885 3010; x_wconf 85' lang='lat' dir='ltr'><strong>ligu-</strong></span> 
     </span>
     <span class='ocr_line' id='line_1_25' title="bbox 412 3022 1887 3114; baseline 0.006 -32"><span class='ocrx_word' id='word_1_243' title='bbox 412 3031 568 3083; x_wconf 89' lang='lat' dir='ltr'><strong>ratorum</strong></span> <span class='ocrx_word' id='word_1_244' title='bbox 590 3022 773 3085; x_wconf 89' lang='lat' dir='ltr'><strong>nominum</strong></span> <span class='ocrx_word' id='word_1_245' title='bbox 797 3025 947 3109; x_wconf 90' lang='lat' dir='ltr'><strong>speciem</strong></span> <span class='ocrx_word' id='word_1_246' title='bbox 971 3027 1138 3102; x_wconf 78' lang='lat' dir='ltr'><strong>habeant,</strong></span> <span class='ocrx_word' id='word_1_247' title='bbox 1162 3042 1200 3092; x_wconf 93' lang='lat' dir='ltr'><strong>ut</strong></span> <span class='ocrx_word' id='word_1_248' title='bbox 1221 3041 1304 3114; x_wconf 91' lang='lat' dir='ltr'><strong>puta</strong></span> <span class='ocrx_word' id='word_1_249' title='bbox 1321 3023 1386 3112; x_wconf 81' lang='lat'>⁹⁵)=</span> <span class='ocrx_word' id='word_1_250' title='bbox 1410 3031 1643 3094; x_wconf 86' lang='lat' dir='ltr'><strong>exercitus.</strong></span> <span class='ocrx_word' id='word_1_251' title='bbox 1674 3027 1794 3112; x_wconf 86' lang='lat' dir='ltr'><strong>Quare</strong></span> <span class='ocrx_word' id='word_1_252' title='bbox 1816 3029 1887 3091; x_wconf 89' lang='lat' dir='ltr'><strong>hoc</strong></span> 
     </span>
     <span class='ocr_line' id='line_1_26' title="bbox 413 3125 1890 3217; baseline 0.006 -33"><span class='ocrx_word' id='word_1_253' title='bbox 413 3141 615 3199; x_wconf 81' lang='lat' dir='ltr'><strong>monemus,</strong></span> <span class='ocrx_word' id='word_1_254' title='bbox 639 3127 754 3208; x_wconf 88' lang='lat' dir='ltr'><strong>quod,</strong></span> <span class='ocrx_word' id='word_1_255' title='bbox 778 3125 807 3188; x_wconf 87' lang='lat' dir='ltr'><strong>si</strong></span> <span class='ocrx_word' id='word_1_256' title='bbox 831 3128 1048 3191; x_wconf 84' lang='lat' dir='ltr'><strong>exercitus</strong></span> <span class='ocrx_word' id='word_1_257' title='bbox 1071 3130 1254 3213; x_wconf 82' lang='lat' dir='ltr'><strong>figuratum</strong></span> <span class='ocrx_word' id='word_1_258' title='bbox 1277 3149 1407 3193; x_wconf 90' lang='lat' dir='ltr'><strong>nornen</strong></span> <span class='ocrx_word' id='word_1_259' title='bbox 1431 3152 1505 3194; x_wconf 85' lang='lat' dir='ltr'><strong>esse</strong></span> <span class='ocrx_word' id='word_1_260' title='bbox 1528 3133 1716 3217; x_wconf 83' lang='lat' dir='ltr'><strong>reperitur,</strong></span> <span class='ocrx_word' id='word_1_261' title='bbox 1740 3133 1890 3206; x_wconf 78' lang='lat' dir='ltr'><strong>honest,</strong></span> 
     </span>
     <span class='ocr_line' id='line_1_27' title="bbox 412 3222 1891 3319; baseline 0.007 -35"><span class='ocrx_word' id='word_1_262' title='bbox 412 3236 451 3286; x_wconf 88' lang='lat' dir='ltr'><strong>ut</strong></span> <span class='ocrx_word' id='word_1_263' title='bbox 473 3222 704 3307; x_wconf 83' lang='lat' dir='ltr'><strong>fatigatum</strong></span> <span class='ocrx_word' id='word_1_264' title='bbox 735 3227 932 3311; x_wconf 81' lang='lat' dir='ltr'><strong>significans</strong></span> <span class='ocrx_word' id='word_1_265' title='bbox 965 3230 1203 3315; x_wconf 78' lang='lat' dir='ltr'><strong>intellegatur,</strong></span> <span class='ocrx_word' id='word_1_266' title='bbox 1236 3233 1280 3295; x_wconf 89' lang='lat' dir='ltr'><strong>ad</strong></span> <span class='ocrx_word' id='word_1_267' title='bbox 1303 3233 1423 3296; x_wconf 91' lang='lat' dir='ltr'><strong>docti</strong></span> <span class='ocrx_word' id='word_1_268' title='bbox 1447 3233 1595 3296; x_wconf 87' lang='lat' dir='ltr'><strong>lormam</strong></span> <span class='ocrx_word' id='word_1_269' title='bbox 1612 3227 1658 3317; x_wconf 75' lang='grc'><strong>99)</strong></span> <span class='ocrx_word' id='word_1_270' title='bbox 1680 3255 1743 3319; x_wconf 91' lang='lat' dir='ltr'><strong>per</strong></span> <span class='ocrx_word' id='word_1_271' title='bbox 1766 3253 1891 3298; x_wconf 84' lang='lat' dir='ltr'><strong>omues</strong></span> 
     </span>
     <span class='ocr_line' id='line_1_28' title="bbox 413 3325 1890 3413; baseline 0.006 -26"><span class='ocrx_word' id='word_1_272' title='bbox 413 3344 511 3388; x_wconf 84' lang='lat' dir='ltr'><strong>casus</strong></span> <span class='ocrx_word' id='word_1_273' title='bbox 535 3325 782 3403; x_wconf 88' lang='lat' dir='ltr'><strong>declinabitur;</strong></span> <span class='ocrx_word' id='word_1_274' title='bbox 812 3329 840 3392; x_wconf 83' lang='lat' dir='ltr'><strong>si</strong></span> <span class='ocrx_word' id='word_1_275' title='bbox 856 3332 900 3413; x_wconf 75' lang='lat'><strong>⁹5)</strong></span> <span class='ocrx_word' id='word_1_276' title='bbox 929 3352 1013 3396; x_wconf 88' lang='lat' dir='ltr'><strong>vero</strong></span> <span class='ocrx_word' id='word_1_277' title='bbox 1037 3335 1255 3398; x_wconf 86' lang='lat' dir='ltr'><strong>exercitus</strong></span> <span class='ocrx_word' id='word_1_278' title='bbox 1285 3335 1544 3398; x_wconf 85' lang='lat' dir='ltr'><strong>multitudinem</strong></span> <span class='ocrx_word' id='word_1_279' title='bbox 1567 3336 1749 3398; x_wconf 87' lang='lat' dir='ltr'><strong>hominum</strong></span> <span class='ocrx_word' id='word_1_280' title='bbox 1775 3333 1890 3398; x_wconf 85' lang='lat' dir='ltr'><strong>iacere</strong></span> 
     </span>
    </p>
   </div>
   <div class='ocr_carea' id='block_1_3' title="bbox 412 3426 1587 3522">
    <p class='ocr_par' dir='ltr' id='par_1_8' title="bbox 412 3426 1587 3522">
     <span class='ocr_line' id='line_1_29' title="bbox 412 3426 1587 3522; baseline 0.01 -33"><span class='ocrx_word' id='word_1_281' title='bbox 412 3426 687 3506; x_wconf 81' lang='lat' dir='ltr'><strong>demonstratur,</strong></span> <span class='ocrx_word' id='word_1_282' title='bbox 711 3429 755 3493; x_wconf 90' lang='lat' dir='ltr'><strong>ad</strong></span> <span class='ocrx_word' id='word_1_283' title='bbox 778 3428 925 3494; x_wconf 90' lang='lat' dir='ltr'><strong>lormam</strong></span> <span class='ocrx_word' id='word_1_284' title='bbox 948 3433 964 3494; x_wconf 88' lang='lat' dir='ltr'><strong>l</strong></span> <span class='ocrx_word' id='word_1_285' title='bbox 969 3434 1117 3498; x_wconf 84' lang='lat' dir='ltr'><strong>luctus</strong></span> <span class='ocrx_word' id='word_1_286' title='bbox 1140 3433 1308 3499; x_wconf 88' lang='lat' dir='ltr'><strong>declinari</strong></span> <span class='ocrx_word' id='word_1_287' title='bbox 1329 3437 1587 3522; x_wconf 88' lang='lat' dir='ltr'><strong>pronuntiatur.</strong></span> 
     </span>
    </p>
   </div>
   <div class='ocr_carea' id='block_1_4' title="bbox 454 3699 1907 5260">
    <p class='ocr_par' dir='ltr' id='par_1_9' title="bbox 454 3699 1906 5087">
     <span class='ocr_line' id='line_1_30' title="bbox 454 3699 1895 3780; baseline 0.009 -31"><span class='ocrx_word' id='word_1_288' title='bbox 454 3700 490 3768; x_wconf 78' lang='grc'><strong>99)</strong></span> <span class='ocrx_word' id='word_1_289' title='bbox 517 3700 560 3750; x_wconf 86' lang='lat' dir='ltr'><strong>lle</strong></span> <span class='ocrx_word' id='word_1_290' title='bbox 579 3699 665 3750; x_wconf 84' lang='lat' dir='ltr'><strong>sermo</strong></span> <span class='ocrx_word' id='word_1_291' title='bbox 677 3737 759 3754; x_wconf 92' lang='grc'><strong>.....</strong></span> <span class='ocrx_word' id='word_1_292' title='bbox 778 3703 956 3757; x_wconf 81' lang='lat' dir='ltr'><strong>tractavimus</strong></span> <span class='ocrx_word' id='word_1_293' title='bbox 975 3707 1011 3760; x_wconf 88' lang='lat' dir='ltr'><strong>V.</strong></span> <span class='ocrx_word' id='word_1_294' title='bbox 1030 3707 1067 3760; x_wconf 98' lang='lat' dir='ltr'><strong>A.</strong></span> <span class='ocrx_word' id='word_1_295' title='bbox 1085 3735 1122 3748; x_wconf 91' lang='lat'><em>-</em></span> <span class='ocrx_word' id='word_1_296' title='bbox 1139 3705 1184 3759; x_wconf 81' lang='lat' dir='ltr'><strong>De</strong></span> <span class='ocrx_word' id='word_1_297' title='bbox 1202 3707 1388 3779; x_wconf 80' lang='lat' dir='ltr'><strong>suprascripta</strong></span> <span class='ocrx_word' id='word_1_298' title='bbox 1406 3708 1493 3761; x_wconf 80' lang='lat' dir='ltr'><strong>loma</strong></span> <span class='ocrx_word' id='word_1_299' title='bbox 1512 3715 1646 3780; x_wconf 84' lang='lat' dir='ltr'><strong>quantum</strong></span> <span class='ocrx_word' id='word_1_300' title='bbox 1663 3707 1734 3761; x_wconf 87' lang='lat' dir='ltr'><strong>ratio</strong></span> <span class='ocrx_word' id='word_1_301' title='bbox 1751 3704 1895 3779; x_wconf 81' lang='lat' dir='ltr'><strong>poscebat</strong></span> 
     </span>
     <span class='ocr_line' id='line_1_31' title="bbox 519 3786 1893 3868; baseline 0.009 -28"><span class='ocrx_word' id='word_1_302' title='bbox 519 3786 693 3840; x_wconf 82' lang='lat' dir='ltr'><strong>tractavimus</strong></span> <span class='ocrx_word' id='word_1_303' title='bbox 711 3787 744 3840; x_wconf 86' lang='lat' dir='ltr'><strong>B.</strong></span> <span class='ocrx_word' id='word_1_304' title='bbox 770 3789 806 3860; x_wconf 90' lang='grc'><strong>99)</strong></span> <span class='ocrx_word' id='word_1_305' title='bbox 825 3807 891 3843; x_wconf 84' lang='lat' dir='ltr'><strong>aune</strong></span> <span class='ocrx_word' id='word_1_306' title='bbox 909 3791 938 3842; x_wconf 90' lang='lat' dir='ltr'><strong>iu</strong></span> <span class='ocrx_word' id='word_1_307' title='bbox 956 3793 990 3846; x_wconf 87' lang='lat' dir='ltr'><strong>B.</strong></span> <span class='ocrx_word' id='word_1_308' title='bbox 1012 3794 1047 3846; x_wconf 88' lang='lat' dir='ltr'><strong>V.</strong></span> <span class='ocrx_word' id='word_1_309' title='bbox 1067 3824 1103 3836; x_wconf 95' lang='lat'><em>-</em></span> <span class='ocrx_word' id='word_1_310' title='bbox 1121 3793 1187 3848; x_wconf 66' lang='lat' dir='ltr'><strong>a‘aue</strong></span> <span class='ocrx_word' id='word_1_311' title='bbox 1206 3804 1235 3846; x_wconf 91' lang='lat' dir='ltr'><strong>et</strong></span> <span class='ocrx_word' id='word_1_312' title='bbox 1251 3796 1280 3846; x_wconf 93' lang='lat' dir='ltr'><strong>iu</strong></span> <span class='ocrx_word' id='word_1_313' title='bbox 1304 3796 1341 3849; x_wconf 92' lang='lat' dir='ltr'><strong>A.</strong></span> <span class='ocrx_word' id='word_1_314' title='bbox 1368 3797 1403 3866; x_wconf 87' lang='grc'><strong>97)</strong></span> <span class='ocrx_word' id='word_1_315' title='bbox 1423 3796 1510 3849; x_wconf 75' lang='lat' dir='ltr'><strong>forma</strong></span> <span class='ocrx_word' id='word_1_316' title='bbox 1532 3795 1722 3868; x_wconf 81' lang='lat' dir='ltr'><strong>suprascripta</strong></span> <span class='ocrx_word' id='word_1_317' title='bbox 1738 3797 1773 3850; x_wconf 83' lang='lat' dir='ltr'><strong>B.</strong></span> <span class='ocrx_word' id='word_1_318' title='bbox 1794 3796 1834 3852; x_wconf 85' lang='lat' dir='ltr'><strong>V.</strong></span> <span class='ocrx_word' id='word_1_319' title='bbox 1852 3826 1893 3838; x_wconf 95' lang='lat'>-</span> 
     </span>
     <span class='ocr_line' id='line_1_32' title="bbox 520 3873 1893 3955; baseline 0.007 -28"><span class='ocrx_word' id='word_1_320' title='bbox 520 3873 708 3945; x_wconf 76' lang='lat' dir='ltr'><strong>suprascripta</strong></span> <span class='ocrx_word' id='word_1_321' title='bbox 733 3874 820 3928; x_wconf 83' lang='lat' dir='ltr'><strong>forma</strong></span> <span class='ocrx_word' id='word_1_322' title='bbox 844 3877 880 3932; x_wconf 89' lang='lat' dir='ltr'><strong>A.</strong></span> <span class='ocrx_word' id='word_1_323' title='bbox 910 3879 946 3950; x_wconf 85' lang='grc'><strong>99)</strong></span> <span class='ocrx_word' id='word_1_324' title='bbox 976 3888 1004 3931; x_wconf 89' lang='lat' dir='ltr'><strong>ot</strong></span> <span class='ocrx_word' id='word_1_325' title='bbox 1022 3881 1144 3934; x_wconf 86' lang='lat' dir='ltr'><em>B.V.P.</em></span> <span class='ocrx_word' id='word_1_326' title='bbox 1162 3905 1199 3930; x_wconf 94' lang='lat'>=</span> <span class='ocrx_word' id='word_1_327' title='bbox 1216 3884 1252 3935; x_wconf 86' lang='lat' dir='ltr'><strong>A.</strong></span> <span class='ocrx_word' id='word_1_328' title='bbox 1279 3883 1317 3954; x_wconf 82' lang='grc'><strong>99)</strong></span> <span class='ocrx_word' id='word_1_329' title='bbox 1337 3883 1447 3954; x_wconf 83' lang='lat' dir='ltr'><strong>capiant</strong></span> <span class='ocrx_word' id='word_1_330' title='bbox 1465 3885 1497 3936; x_wconf 87' lang='lat' dir='ltr'><strong>B.</strong></span> <span class='ocrx_word' id='word_1_331' title='bbox 1515 3913 1552 3926; x_wconf 92' lang='lat'><strong>·-</strong></span> <span class='ocrx_word' id='word_1_332' title='bbox 1571 3885 1684 3955; x_wconf 86' lang='lat' dir='ltr'><strong>capiunt</strong></span> <span class='ocrx_word' id='word_1_333' title='bbox 1702 3883 1739 3938; x_wconf 88' lang='lat' dir='ltr'><strong>V.</strong></span> <span class='ocrx_word' id='word_1_334' title='bbox 1758 3911 1796 3924; x_wconf 91' lang='lat'>—</span> <span class='ocrx_word' id='word_1_335' title='bbox 1814 3883 1893 3936; x_wconf 82' lang='lat' dir='ltr'><strong>acci-</strong></span> 
     </span>
     <span class='ocr_line' id='line_1_33' title="bbox 519 3961 1894 4044; baseline 0.01 -34"><span class='ocrx_word' id='word_1_336' title='bbox 519 3961 601 4030; x_wconf 89' lang='lat' dir='ltr'><strong>piunt</strong></span> <span class='ocrx_word' id='word_1_337' title='bbox 618 3963 654 4016; x_wconf 86' lang='lat' dir='ltr'><strong>A.</strong></span> <span class='ocrx_word' id='word_1_338' title='bbox 675 3963 711 4033; x_wconf 78' lang='grc'><strong>99)</strong></span> <span class='ocrx_word' id='word_1_339' title='bbox 731 3979 826 4016; x_wconf 85' lang='lat' dir='ltr'><strong>omnes</strong></span> <span class='ocrx_word' id='word_1_340' title='bbox 847 3965 884 4019; x_wconf 89' lang='lat' dir='ltr'><strong>V.</strong></span> <span class='ocrx_word' id='word_1_341' title='bbox 903 3966 940 4018; x_wconf 86' lang='lat' dir='ltr'><strong>A.</strong></span> <span class='ocrx_word' id='word_1_342' title='bbox 958 3998 994 4008; x_wconf 91' lang='lat'><em>-</em></span> <span class='ocrx_word' id='word_1_343' title='bbox 1013 3968 1102 4020; x_wconf 85' lang='lat' dir='ltr'><strong>omuis</strong></span> <span class='ocrx_word' id='word_1_344' title='bbox 1121 3970 1153 4023; x_wconf 83' lang='lat' dir='ltr'><strong>B.</strong></span> <span class='ocrx_word' id='word_1_345' title='bbox 1174 3972 1211 4044; x_wconf 85' lang='lat'><strong>⁷¹)</strong></span> <span class='ocrx_word' id='word_1_346' title='bbox 1232 3966 1386 4023; x_wconf 85' lang='lat' dir='ltr'><strong>declinetur</strong></span> <span class='ocrx_word' id='word_1_347' title='bbox 1404 3971 1437 4024; x_wconf 83' lang='lat' dir='ltr'><strong>B.</strong></span> <span class='ocrx_word' id='word_1_348' title='bbox 1446 3971 1484 4025; x_wconf 92' lang='lat' dir='ltr'><strong>A.</strong></span> <span class='ocrx_word' id='word_1_349' title='bbox 1498 4001 1535 4012; x_wconf 90' lang='lat'>-</span> <span class='ocrx_word' id='word_1_350' title='bbox 1554 3967 1708 4024; x_wconf 82' lang='lat' dir='ltr'><strong>declinatur</strong></span> <span class='ocrx_word' id='word_1_351' title='bbox 1726 3971 1766 4027; x_wconf 90' lang='lat' dir='ltr'><strong>V.</strong></span> <span class='ocrx_word' id='word_1_352' title='bbox 1785 3973 1825 4043; x_wconf 75' lang='grc'><strong>99)</strong></span> <span class='ocrx_word' id='word_1_353' title='bbox 1843 3990 1894 4024; x_wconf 86' lang='lat' dir='ltr'><strong>eo-</strong></span> 
     </span>
     <span class='ocr_line' id='line_1_34' title="bbox 520 4047 1895 4129; baseline 0.007 -28"><span class='ocrx_word' id='word_1_354' title='bbox 520 4047 663 4116; x_wconf 78' lang='lat' dir='ltr'><strong>gnotcitur</strong></span> <span class='ocrx_word' id='word_1_355' title='bbox 681 4049 718 4104; x_wconf 85' lang='lat' dir='ltr'><strong>V.</strong></span> <span class='ocrx_word' id='word_1_356' title='bbox 745 4050 783 4104; x_wconf 89' lang='lat' dir='ltr'><strong>A.</strong></span> <span class='ocrx_word' id='word_1_357' title='bbox 803 4080 837 4094; x_wconf 90' lang='lat'><em>-</em></span> <span class='ocrx_word' id='word_1_358' title='bbox 855 4056 1035 4124; x_wconf 70' lang='lat' dir='ltr'><strong>cognoscitur</strong></span> <span class='ocrx_word' id='word_1_359' title='bbox 1060 4057 1092 4110; x_wconf 89' lang='lat' dir='ltr'><strong>B.</strong></span> <span class='ocrx_word' id='word_1_360' title='bbox 1122 4059 1159 4128; x_wconf 84' lang='grc'><strong>99)</strong></span> <span class='ocrx_word' id='word_1_361' title='bbox 1178 4075 1273 4110; x_wconf 82' lang='lat' dir='ltr'><strong>omues</strong></span> <span class='ocrx_word' id='word_1_362' title='bbox 1300 4059 1336 4113; x_wconf 95' lang='lat' dir='ltr'><strong>V.</strong></span> <span class='ocrx_word' id='word_1_363' title='bbox 1355 4060 1391 4110; x_wconf 81' lang='lat' dir='ltr'><strong>A.</strong></span> <span class='ocrx_word' id='word_1_364' title='bbox 1410 4089 1446 4103; x_wconf 90' lang='lat'><em>-</em></span> <span class='ocrx_word' id='word_1_365' title='bbox 1473 4057 1562 4110; x_wconf 84' lang='lat' dir='ltr'><strong>omnis</strong></span> <span class='ocrx_word' id='word_1_366' title='bbox 1580 4058 1613 4111; x_wconf 85' lang='lat' dir='ltr'><strong>B.</strong></span> <span class='ocrx_word' id='word_1_367' title='bbox 1642 4059 1679 4128; x_wconf 79' lang='lat'><strong>⁷⁴)</strong></span> <span class='ocrx_word' id='word_1_368' title='bbox 1697 4059 1895 4129; x_wconf 85' lang='lat' dir='ltr'><strong>suprascripta</strong></span> 
     </span>
     <span class='ocr_line' id='line_1_35' title="bbox 520 4134 1895 4216; baseline 0.007 -30"><span class='ocrx_word' id='word_1_369' title='bbox 520 4135 607 4186; x_wconf 78' lang='lat' dir='ltr'><strong>forms</strong></span> <span class='ocrx_word' id='word_1_370' title='bbox 631 4134 664 4187; x_wconf 83' lang='lat' dir='ltr'><strong>B.</strong></span> <span class='ocrx_word' id='word_1_371' title='bbox 689 4165 725 4180; x_wconf 91' lang='lat'><em>-</em></span> <span class='ocrx_word' id='word_1_372' title='bbox 749 4138 836 4191; x_wconf 75' lang='lat' dir='ltr'><strong>tom·</strong></span> <span class='ocrx_word' id='word_1_373' title='bbox 861 4143 1048 4214; x_wconf 83' lang='lat' dir='ltr'><strong>suprascripta</strong></span> <span class='ocrx_word' id='word_1_374' title='bbox 1075 4145 1111 4199; x_wconf 87' lang='lat' dir='ltr'><strong>V.</strong></span> <span class='ocrx_word' id='word_1_375' title='bbox 1130 4146 1166 4199; x_wconf 90' lang='lat' dir='ltr'><strong>A.</strong></span> <span class='ocrx_word' id='word_1_376' title='bbox 1193 4147 1229 4216; x_wconf 84' lang='grc'><strong>79)</strong></span> <span class='ocrx_word' id='word_1_377' title='bbox 1249 4145 1410 4198; x_wconf 82' lang='lat' dir='ltr'><strong>contineant</strong></span> <span class='ocrx_word' id='word_1_378' title='bbox 1429 4146 1465 4200; x_wconf 93' lang='lat' dir='ltr'><strong>V.</strong></span> <span class='ocrx_word' id='word_1_379' title='bbox 1483 4146 1520 4200; x_wconf 89' lang='lat' dir='ltr'><strong>A.</strong></span> <span class='ocrx_word' id='word_1_380' title='bbox 1538 4177 1575 4186; x_wconf 90' lang='lat'>—</span> <span class='ocrx_word' id='word_1_381' title='bbox 1594 4145 1735 4197; x_wconf 84' lang='lat' dir='ltr'><strong>contiueat</strong></span> <span class='ocrx_word' id='word_1_382' title='bbox 1752 4145 1785 4198; x_wconf 77' lang='grc' dir='ltr'><strong>Β.</strong></span> <span class='ocrx_word' id='word_1_383' title='bbox 1806 4145 1845 4213; x_wconf 69' lang='grc'><strong>99)</strong></span> <span class='ocrx_word' id='word_1_384' title='bbox 1867 4147 1895 4196; x_wconf 82' lang='lat' dir='ltr'><strong>si</strong></span> 
     </span>
     <span class='ocr_line' id='line_1_36' title="bbox 523 4221 1898 4304; baseline 0.007 -28"><span class='ocrx_word' id='word_1_385' title='bbox 523 4222 559 4276; x_wconf 85' lang='lat' dir='ltr'><strong>V.</strong></span> <span class='ocrx_word' id='word_1_386' title='bbox 577 4221 614 4274; x_wconf 84' lang='lat' dir='ltr'><strong>A.</strong></span> <span class='ocrx_word' id='word_1_387' title='bbox 632 4243 669 4270; x_wconf 90' lang='lat'>=</span> <span class='ocrx_word' id='word_1_388' title='bbox 686 4224 719 4276; x_wconf 90' lang='lat' dir='ltr'><strong>B.</strong></span> <span class='ocrx_word' id='word_1_389' title='bbox 739 4230 775 4294; x_wconf 81' lang='lat'><strong>⁷⁷)</strong></span> <span class='ocrx_word' id='word_1_390' title='bbox 793 4229 937 4298; x_wconf 84' lang='lat' dir='ltr'><strong>proprium</strong></span> <span class='ocrx_word' id='word_1_391' title='bbox 955 4224 986 4282; x_wconf 83' lang='lat' dir='ltr'><strong>B.</strong></span> <span class='ocrx_word' id='word_1_392' title='bbox 1001 4231 1038 4285; x_wconf 90' lang='lat' dir='ltr'><em>V.</em></span> <span class='ocrx_word' id='word_1_393' title='bbox 1051 4232 1081 4284; x_wconf 91' lang='grc' dir='ltr'><strong>Ρ.</strong></span> <span class='ocrx_word' id='word_1_394' title='bbox 1100 4261 1136 4272; x_wconf 87' lang='lat'><strong>-·</strong></span> <span class='ocrx_word' id='word_1_395' title='bbox 1154 4230 1349 4303; x_wconf 87' lang='lat' dir='ltr'><strong>appellativum</strong></span> <span class='ocrx_word' id='word_1_396' title='bbox 1367 4233 1405 4286; x_wconf 92' lang='lat' dir='ltr'><strong>A.</strong></span> <span class='ocrx_word' id='word_1_397' title='bbox 1425 4233 1460 4303; x_wconf 81' lang='grc'><strong>79)</strong></span> <span class='ocrx_word' id='word_1_398' title='bbox 1480 4233 1633 4304; x_wconf 84' lang='lat' dir='ltr'><strong>reperiatur</strong></span> <span class='ocrx_word' id='word_1_399' title='bbox 1650 4232 1681 4285; x_wconf 90' lang='lat' dir='ltr'><strong>B.</strong></span> <span class='ocrx_word' id='word_1_400' title='bbox 1701 4265 1736 4277; x_wconf 96' lang='lat'>-</span> <span class='ocrx_word' id='word_1_401' title='bbox 1750 4234 1898 4303; x_wconf 83' lang='lat' dir='ltr'><strong>reperitur</strong></span> 
     </span>
     <span class='ocr_line' id='line_1_37' title="bbox 521 4307 1898 4392; baseline 0.007 -30"><span class='ocrx_word' id='word_1_402' title='bbox 521 4309 559 4362; x_wconf 92' lang='lat' dir='ltr'><strong>V.</strong></span> <span class='ocrx_word' id='word_1_403' title='bbox 576 4337 613 4350; x_wconf 89' lang='lat'><em>—</em></span> <span class='ocrx_word' id='word_1_404' title='bbox 630 4307 768 4364; x_wconf 79' lang='lat' dir='ltr'><strong>iuvenitur</strong></span> <span class='ocrx_word' id='word_1_405' title='bbox 784 4313 822 4367; x_wconf 84' lang='lat' dir='ltr'><strong>A.</strong></span> <span class='ocrx_word' id='word_1_406' title='bbox 848 4315 883 4385; x_wconf 69' lang='grc'><strong>99)</strong></span> <span class='ocrx_word' id='word_1_407' title='bbox 903 4315 926 4367; x_wconf 87' lang='lat' dir='ltr'><strong>si</strong></span> <span class='ocrx_word' id='word_1_408' title='bbox 948 4318 977 4370; x_wconf 87' lang='lat' dir='ltr'><strong>B.</strong></span> <span class='ocrx_word' id='word_1_409' title='bbox 996 4345 1031 4360; x_wconf 90' lang='lat'><em>-</em></span> <span class='ocrx_word' id='word_1_410' title='bbox 1050 4317 1093 4369; x_wconf 84' lang='lat' dir='ltr'><strong>siu</strong></span> <span class='ocrx_word' id='word_1_411' title='bbox 1114 4318 1149 4372; x_wconf 92' lang='lat' dir='ltr'><strong>V.</strong></span> <span class='ocrx_word' id='word_1_412' title='bbox 1169 4319 1205 4372; x_wconf 89' lang='lat' dir='ltr'><strong>A.</strong></span> <span class='ocrx_word' id='word_1_413' title='bbox 1234 4322 1270 4391; x_wconf 75' lang='grc'><strong>99)</strong></span> <span class='ocrx_word' id='word_1_414' title='bbox 1288 4337 1388 4374; x_wconf 86' lang='lat' dir='ltr'><strong>nomeu</strong></span> <span class='ocrx_word' id='word_1_415' title='bbox 1407 4317 1601 4392; x_wconf 84' lang='lat' dir='ltr'><strong>appellstiruru</strong></span> <span class='ocrx_word' id='word_1_416' title='bbox 1621 4320 1653 4373; x_wconf 89' lang='lat' dir='ltr'><strong>B.</strong></span> <span class='ocrx_word' id='word_1_417' title='bbox 1675 4321 1735 4386; x_wconf 80' lang='lat' dir='ltr'><strong>(red</strong></span> <span class='ocrx_word' id='word_1_418' title='bbox 1747 4323 1822 4374; x_wconf 73' lang='lat' dir='ltr'><strong>male</strong></span> <span class='ocrx_word' id='word_1_419' title='bbox 1842 4339 1898 4392; x_wconf 88' lang='lat' dir='ltr'><strong>ap-</strong></span> 
     </span>
     <span class='ocr_line' id='line_1_38' title="bbox 521 4393 1898 4480; baseline 0.009 -32"><span class='ocrx_word' id='word_1_420' title='bbox 521 4393 678 4468; x_wconf 73' lang='lat' dir='ltr'><strong>pellitium)</strong></span> <span class='ocrx_word' id='word_1_421' title='bbox 698 4399 734 4454; x_wconf 94' lang='lat' dir='ltr'><strong>V.</strong></span> <span class='ocrx_word' id='word_1_422' title='bbox 751 4429 789 4442; x_wconf 89' lang='lat'>-</span> <span class='ocrx_word' id='word_1_423' title='bbox 804 4399 1002 4474; x_wconf 79' lang='lat' dir='ltr'><strong>appellativum</strong></span> <span class='ocrx_word' id='word_1_424' title='bbox 1018 4422 1121 4458; x_wconf 81' lang='lat' dir='ltr'><strong>nomeu</strong></span> <span class='ocrx_word' id='word_1_425' title='bbox 1139 4407 1176 4460; x_wconf 93' lang='lat' dir='ltr'><strong>A.</strong></span> <span class='ocrx_word' id='word_1_426' title='bbox 1196 4408 1232 4480; x_wconf 77' lang='grc'><strong>99)</strong></span> <span class='ocrx_word' id='word_1_427' title='bbox 1251 4409 1407 4461; x_wconf 82' lang='lat' dir='ltr'><strong>inveniatur</strong></span> <span class='ocrx_word' id='word_1_428' title='bbox 1423 4411 1501 4462; x_wconf 86' lang='lat' dir='ltr'><strong>B.-</strong></span> <span class='ocrx_word' id='word_1_429' title='bbox 1513 4407 1652 4459; x_wconf 79' lang='lat' dir='ltr'><strong>iuvenitur</strong></span> <span class='ocrx_word' id='word_1_430' title='bbox 1671 4407 1755 4462; x_wconf 91' lang='lat' dir='ltr'><em>V.A.</em></span> <span class='ocrx_word' id='word_1_431' title='bbox 1774 4410 1816 4479; x_wconf 73' lang='grc'><strong>99)</strong></span> <span class='ocrx_word' id='word_1_432' title='bbox 1834 4426 1898 4461; x_wconf 85' lang='grc' dir='ltr'><strong>οιιι-</strong></span> 
     </span>
     <span class='ocr_line' id='line_1_39' title="bbox 522 4483 1897 4567; baseline 0.01 -31"><span class='ocrx_word' id='word_1_433' title='bbox 522 4500 573 4536; x_wconf 79' lang='lat' dir='ltr'><strong>uos</strong></span> <span class='ocrx_word' id='word_1_434' title='bbox 593 4483 629 4538; x_wconf 90' lang='lat' dir='ltr'><strong>V.</strong></span> <span class='ocrx_word' id='word_1_435' title='bbox 648 4483 684 4536; x_wconf 90' lang='lat' dir='ltr'><strong>A.</strong></span> <span class='ocrx_word' id='word_1_436' title='bbox 702 4513 739 4526; x_wconf 93' lang='lat'>—</span> <span class='ocrx_word' id='word_1_437' title='bbox 756 4488 845 4539; x_wconf 83' lang='lat' dir='ltr'><strong>omnia</strong></span> <span class='ocrx_word' id='word_1_438' title='bbox 863 4491 895 4542; x_wconf 89' lang='lat' dir='ltr'><strong>B.</strong></span> <span class='ocrx_word' id='word_1_439' title='bbox 916 4491 951 4560; x_wconf 82' lang='grc'><strong>99)</strong></span> <span class='ocrx_word' id='word_1_440' title='bbox 971 4505 1050 4544; x_wconf 82' lang='lat' dir='ltr'><strong>carus</strong></span> <span class='ocrx_word' id='word_1_441' title='bbox 1068 4494 1100 4547; x_wconf 90' lang='lat' dir='ltr'><strong>B.</strong></span> <span class='ocrx_word' id='word_1_442' title='bbox 1120 4495 1156 4552; x_wconf 78' lang='lat' dir='ltr'><strong>A.</strong></span> <span class='ocrx_word' id='word_1_443' title='bbox 1175 4523 1210 4538; x_wconf 92' lang='lat'><em>-</em></span> <span class='ocrx_word' id='word_1_444' title='bbox 1230 4513 1327 4548; x_wconf 75' lang='lat' dir='ltr'><strong>casum</strong></span> <span class='ocrx_word' id='word_1_445' title='bbox 1348 4497 1383 4550; x_wconf 93' lang='lat' dir='ltr'><strong>V.</strong></span> <span class='ocrx_word' id='word_1_446' title='bbox 1400 4498 1436 4566; x_wconf 90' lang='grc'><strong>99)</strong></span> <span class='ocrx_word' id='word_1_447' title='bbox 1454 4513 1556 4550; x_wconf 82' lang='lat' dir='ltr'><strong>nomeu</strong></span> <span class='ocrx_word' id='word_1_448' title='bbox 1574 4497 1606 4550; x_wconf 88' lang='lat' dir='ltr'><strong>B.</strong></span> <span class='ocrx_word' id='word_1_449' title='bbox 1624 4497 1705 4552; x_wconf 89' lang='lat' dir='ltr'><strong>V.=</strong></span> <span class='ocrx_word' id='word_1_450' title='bbox 1723 4495 1760 4548; x_wconf 92' lang='lat' dir='ltr'><strong>A.</strong></span> <span class='ocrx_word' id='word_1_451' title='bbox 1780 4495 1820 4566; x_wconf 82' lang='grc'><strong>99)</strong></span> <span class='ocrx_word' id='word_1_452' title='bbox 1841 4513 1897 4567; x_wconf 87' lang='lat' dir='ltr'><strong>ap-</strong></span> 
     </span>
     <span class='ocr_line' id='line_1_40' title="bbox 524 4567 1901 4656; baseline 0.014 -35"><span class='ocrx_word' id='word_1_453' title='bbox 524 4567 683 4642; x_wconf 72' lang='lat' dir='ltr'><strong>pellativum</strong></span> <span class='ocrx_word' id='word_1_454' title='bbox 702 4573 734 4630; x_wconf 90' lang='lat' dir='ltr'><em>V</em></span> <span class='ocrx_word' id='word_1_455' title='bbox 732 4611 738 4624; x_wconf 85' lang='lat'><em>·</em></span> <span class='ocrx_word' id='word_1_456' title='bbox 757 4574 794 4626; x_wconf 82' lang='lat' dir='ltr'><strong>A.</strong></span> <span class='ocrx_word' id='word_1_457' title='bbox 813 4603 849 4618; x_wconf 92' lang='lat'><strong>-··</strong></span> <span class='ocrx_word' id='word_1_458' title='bbox 868 4576 1046 4648; x_wconf 85' lang='lat' dir='ltr'><strong>appellatium</strong></span> <span class='ocrx_word' id='word_1_459' title='bbox 1063 4581 1095 4638; x_wconf 89' lang='lat' dir='ltr'><strong>B.</strong></span> <span class='ocrx_word' id='word_1_460' title='bbox 1115 4581 1150 4651; x_wconf 88' lang='grc'><strong>99)</strong></span> <span class='ocrx_word' id='word_1_461' title='bbox 1165 4581 1322 4636; x_wconf 83' lang='lat' dir='ltr'><strong>nominibus</strong></span> <span class='ocrx_word' id='word_1_462' title='bbox 1343 4585 1377 4638; x_wconf 93' lang='lat' dir='ltr'><strong>V.</strong></span> <span class='ocrx_word' id='word_1_463' title='bbox 1388 4584 1423 4637; x_wconf 90' lang='lat' dir='ltr'><strong>A.</strong></span> <span class='ocrx_word' id='word_1_464' title='bbox 1443 4616 1466 4626; x_wconf 89' lang='lat'>-</span> <span class='ocrx_word' id='word_1_465' title='bbox 1496 4581 1672 4637; x_wconf 86' lang='lat' dir='ltr'><strong>ouoruiuibus</strong></span> <span class='ocrx_word' id='word_1_466' title='bbox 1692 4585 1723 4638; x_wconf 86' lang='lat' dir='ltr'><em>ll.</em></span> <span class='ocrx_word' id='word_1_467' title='bbox 1743 4583 1781 4656; x_wconf 84' lang='grc'><strong>99)</strong></span> <span class='ocrx_word' id='word_1_468' title='bbox 1800 4579 1901 4634; x_wconf 73' lang='lat' dir='ltr'><strong>unde·</strong></span> 
     </span>
     <span class='ocr_line' id='line_1_41' title="bbox 525 4658 1904 4743; baseline 0.013 -33"><span class='ocrx_word' id='word_1_469' title='bbox 525 4661 578 4710; x_wconf 87' lang='lat' dir='ltr'><strong>eim</strong></span> <span class='ocrx_word' id='word_1_470' title='bbox 597 4659 635 4714; x_wconf 92' lang='lat' dir='ltr'><strong>V.</strong></span> <span class='ocrx_word' id='word_1_471' title='bbox 654 4691 691 4701; x_wconf 98' lang='lat'>-</span> <span class='ocrx_word' id='word_1_472' title='bbox 708 4658 747 4712; x_wconf 81' lang='lat' dir='ltr'><strong>xl</strong></span> <span class='ocrx_word' id='word_1_473' title='bbox 766 4661 845 4712; x_wconf 72' lang='lat' dir='ltr'><strong>A.-</strong></span> <span class='ocrx_word' id='word_1_474' title='bbox 857 4663 907 4715; x_wconf 78' lang='lat' dir='ltr'><em>lll..</em></span> <span class='ocrx_word' id='word_1_475' title='bbox 916 4668 949 4719; x_wconf 85' lang='lat' dir='ltr'><strong>B.</strong></span> <span class='ocrx_word' id='word_1_476' title='bbox 978 4669 1014 4736; x_wconf 93' lang='grc'><strong>99)</strong></span> <span class='ocrx_word' id='word_1_477' title='bbox 1035 4685 1099 4719; x_wconf 79' lang='lat' dir='ltr'><strong>cusu</strong></span> <span class='ocrx_word' id='word_1_478' title='bbox 1118 4670 1225 4722; x_wconf 84' lang='lat' dir='ltr'><strong>numeri</strong></span> <span class='ocrx_word' id='word_1_479' title='bbox 1243 4671 1279 4722; x_wconf 89' lang='lat' dir='ltr'><strong>A.</strong></span> <span class='ocrx_word' id='word_1_480' title='bbox 1297 4693 1333 4722; x_wconf 91' lang='lat'><em>=</em></span> <span class='ocrx_word' id='word_1_481' title='bbox 1350 4672 1383 4726; x_wconf 83' lang='lat' dir='ltr'><strong>B.</strong></span> <span class='ocrx_word' id='word_1_482' title='bbox 1401 4671 1437 4726; x_wconf 90' lang='lat' dir='ltr'><strong>V.</strong></span> <span class='ocrx_word' id='word_1_483' title='bbox 1464 4674 1501 4742; x_wconf 75' lang='grc'><strong>99)</strong></span> <span class='ocrx_word' id='word_1_484' title='bbox 1520 4669 1666 4743; x_wconf 78' lang='lat' dir='ltr'><strong>singularia</strong></span> <span class='ocrx_word' id='word_1_485' title='bbox 1684 4671 1721 4725; x_wconf 89' lang='lat' dir='ltr'><strong>A.</strong></span> <span class='ocrx_word' id='word_1_486' title='bbox 1740 4703 1776 4712; x_wconf 95' lang='lat'><em>-</em></span> <span class='ocrx_word' id='word_1_487' title='bbox 1795 4669 1904 4740; x_wconf 71' lang='lat' dir='ltr'><strong>singu·</strong></span> 
     </span>
     <span class='ocr_line' id='line_1_42' title="bbox 523 4745 1903 4828; baseline 0.012 -27"><span class='ocrx_word' id='word_1_488' title='bbox 523 4745 573 4801; x_wconf 88' lang='lat' dir='ltr'><strong>lari</strong></span> <span class='ocrx_word' id='word_1_489' title='bbox 592 4749 625 4800; x_wconf 81' lang='lat' dir='ltr'><strong>B.</strong></span> <span class='ocrx_word' id='word_1_490' title='bbox 646 4748 681 4802; x_wconf 89' lang='lat' dir='ltr'><strong>V.</strong></span> <span class='ocrx_word' id='word_1_491' title='bbox 700 4753 737 4818; x_wconf 83' lang='lat'><strong>⁹⁰)</strong></span> <span class='ocrx_word' id='word_1_492' title='bbox 757 4749 937 4804; x_wconf 81' lang='lat' dir='ltr'><strong>terminentur</strong></span> <span class='ocrx_word' id='word_1_493' title='bbox 955 4754 986 4808; x_wconf 89' lang='lat' dir='ltr'><strong>B.</strong></span> <span class='ocrx_word' id='word_1_494' title='bbox 997 4755 1033 4811; x_wconf 92' lang='lat' dir='ltr'><strong>V.</strong></span> <span class='ocrx_word' id='word_1_495' title='bbox 1044 4755 1308 4810; x_wconf 74' lang='lat' dir='ltr'><strong>R-terusiuautur</strong></span> <span class='ocrx_word' id='word_1_496' title='bbox 1326 4758 1362 4811; x_wconf 90' lang='lat' dir='ltr'><strong>A.</strong></span> <span class='ocrx_word' id='word_1_497' title='bbox 1381 4766 1417 4828; x_wconf 74' lang='grc'><strong>99)</strong></span> <span class='ocrx_word' id='word_1_498' title='bbox 1435 4755 1517 4811; x_wconf 74' lang='lat' dir='ltr'><strong>liuius</strong></span> <span class='ocrx_word' id='word_1_499' title='bbox 1536 4759 1625 4812; x_wconf 85' lang='lat' dir='ltr'><strong>senati</strong></span> <span class='ocrx_word' id='word_1_500' title='bbox 1643 4761 1676 4814; x_wconf 89' lang='lat' dir='ltr'><strong>B.</strong></span> <span class='ocrx_word' id='word_1_501' title='bbox 1695 4759 1732 4814; x_wconf 84' lang='lat' dir='ltr'><strong>A·</strong></span> <span class='ocrx_word' id='word_1_502' title='bbox 1751 4786 1787 4798; x_wconf 88' lang='grc'><strong>·-</strong></span> <span class='ocrx_word' id='word_1_503' title='bbox 1807 4753 1903 4810; x_wconf 66' lang='lat' dir='ltr'><strong>bitin!</strong></span> 
     </span>
     <span class='ocr_line' id='line_1_43' title="bbox 524 4835 1906 4916; baseline 0.007 -28"><span class='ocrx_word' id='word_1_504' title='bbox 524 4843 635 4888; x_wconf 83' lang='lat' dir='ltr'><strong>senatus</strong></span> <span class='ocrx_word' id='word_1_505' title='bbox 655 4837 691 4890; x_wconf 97' lang='lat' dir='ltr'><strong>V.</strong></span> <span class='ocrx_word' id='word_1_506' title='bbox 710 4838 749 4909; x_wconf 77' lang='grc'><strong>99)</strong></span> <span class='ocrx_word' id='word_1_507' title='bbox 767 4835 826 4891; x_wconf 86' lang='lat' dir='ltr'><strong>Sed</strong></span> <span class='ocrx_word' id='word_1_508' title='bbox 845 4839 877 4892; x_wconf 89' lang='lat' dir='ltr'><strong>B.</strong></span> <span class='ocrx_word' id='word_1_509' title='bbox 896 4840 979 4892; x_wconf 91' lang='lat' dir='ltr'><strong>A.-</strong></span> <span class='ocrx_word' id='word_1_510' title='bbox 997 4849 1024 4894; x_wconf 83' lang='lat' dir='ltr'><strong>et</strong></span> <span class='ocrx_word' id='word_1_511' title='bbox 1044 4844 1079 4896; x_wconf 88' lang='lat' dir='ltr'><strong>V.</strong></span> <span class='ocrx_word' id='word_1_512' title='bbox 1108 4843 1145 4916; x_wconf 73' lang='grc'><strong>99)</strong></span> <span class='ocrx_word' id='word_1_513' title='bbox 1165 4841 1343 4899; x_wconf 84' lang='lat' dir='ltr'><strong>tractabimus</strong></span> <span class='ocrx_word' id='word_1_514' title='bbox 1360 4849 1393 4900; x_wconf 92' lang='lat' dir='ltr'><strong>B.</strong></span> <span class='ocrx_word' id='word_1_515' title='bbox 1414 4848 1450 4903; x_wconf 92' lang='lat' dir='ltr'><strong>V.</strong></span> <span class='ocrx_word' id='word_1_516' title='bbox 1469 4877 1503 4892; x_wconf 92' lang='lat'><em>-</em></span> <span class='ocrx_word' id='word_1_517' title='bbox 1522 4847 1697 4902; x_wconf 85' lang='lat' dir='ltr'><strong>tractavimus</strong></span> <span class='ocrx_word' id='word_1_518' title='bbox 1717 4846 1748 4898; x_wconf 91' lang='grc' dir='ltr'><strong>Ρ.</strong></span> <span class='ocrx_word' id='word_1_519' title='bbox 1767 4873 1803 4895; x_wconf 65' lang='lat'><strong>2·—</strong></span> <span class='ocrx_word' id='word_1_520' title='bbox 1825 4845 1906 4897; x_wconf 79' lang='lat' dir='ltr'><strong>satis</strong></span> 
     </span>
     <span class='ocr_line' id='line_1_44' title="bbox 526 4917 1905 5008; baseline 0.009 -34"><span class='ocrx_word' id='word_1_521' title='bbox 526 4917 703 4977; x_wconf 82' lang='lat' dir='ltr'><strong>tractabimus</strong></span> <span class='ocrx_word' id='word_1_522' title='bbox 721 4925 758 4978; x_wconf 90' lang='lat' dir='ltr'><strong>A.</strong></span> <span class='ocrx_word' id='word_1_523' title='bbox 775 4927 811 4998; x_wconf 77' lang='grc'><strong>99)</strong></span> <span class='ocrx_word' id='word_1_524' title='bbox 830 4933 859 4980; x_wconf 84' lang='lat' dir='ltr'><strong>et</strong></span> <span class='ocrx_word' id='word_1_525' title='bbox 878 4927 913 4984; x_wconf 91' lang='lat' dir='ltr'><strong>V.</strong></span> <span class='ocrx_word' id='word_1_526' title='bbox 932 4929 969 4984; x_wconf 89' lang='lat' dir='ltr'><strong>A.</strong></span> <span class='ocrx_word' id='word_1_527' title='bbox 988 4953 1024 4980; x_wconf 69' lang='grc' dir='ltr'><strong><em>τ..-</em></strong></span> <span class='ocrx_word' id='word_1_528' title='bbox 1039 4932 1073 4986; x_wconf 84' lang='grc' dir='ltr'><strong>Β.</strong></span> <span class='ocrx_word' id='word_1_529' title='bbox 1092 4934 1128 5004; x_wconf 79' lang='grc'><strong>99)</strong></span> <span class='ocrx_word' id='word_1_530' title='bbox 1147 4943 1215 5008; x_wconf 81' lang='lat' dir='ltr'><strong>pots</strong></span> <span class='ocrx_word' id='word_1_531' title='bbox 1236 4935 1273 4991; x_wconf 87' lang='lat' dir='ltr'><strong>V.</strong></span> <span class='ocrx_word' id='word_1_532' title='bbox 1291 4935 1327 4989; x_wconf 92' lang='lat' dir='ltr'><strong>A.</strong></span> <span class='ocrx_word' id='word_1_533' title='bbox 1346 4957 1382 4985; x_wconf 87' lang='lat'><em>=</em></span> <span class='ocrx_word' id='word_1_534' title='bbox 1400 4936 1432 4989; x_wconf 90' lang='lat' dir='ltr'><strong>B.</strong></span> <span class='ocrx_word' id='word_1_535' title='bbox 1458 4935 1494 5006; x_wconf 76' lang='grc'><strong>99)</strong></span> <span class='ocrx_word' id='word_1_536' title='bbox 1513 4933 1550 4988; x_wconf 84' lang='lat' dir='ltr'><strong>ad</strong></span> <span class='ocrx_word' id='word_1_537' title='bbox 1569 4934 1646 4989; x_wconf 85' lang='lat' dir='ltr'><strong>docti</strong></span> <span class='ocrx_word' id='word_1_538' title='bbox 1664 4935 1779 4986; x_wconf 76' lang='lat' dir='ltr'><strong>formam</strong></span> <span class='ocrx_word' id='word_1_539' title='bbox 1798 4931 1835 4985; x_wconf 82' lang='lat' dir='ltr'><strong>B.</strong></span> <span class='ocrx_word' id='word_1_540' title='bbox 1858 4933 1905 4988; x_wconf 84' lang='lat' dir='ltr'><strong>V.</strong></span> 
     </span>
     <span class='ocr_line' id='line_1_45' title="bbox 525 5005 1743 5087; baseline 0.023 -31"><span class='ocrx_word' id='word_1_541' title='bbox 525 5038 560 5048; x_wconf 85' lang='lat'><em>-</em></span> <span class='ocrx_word' id='word_1_542' title='bbox 579 5005 613 5058; x_wconf 71' lang='grc' dir='ltr'><strong>..ι</strong></span> <span class='ocrx_word' id='word_1_543' title='bbox 633 5009 745 5063; x_wconf 72' lang='lat' dir='ltr'><em>rom...</em></span> <span class='ocrx_word' id='word_1_544' title='bbox 764 5010 842 5066; x_wconf 71' lang='grc' dir='ltr'><strong>ιοοιι</strong></span> <span class='ocrx_word' id='word_1_545' title='bbox 860 5015 897 5068; x_wconf 84' lang='lat' dir='ltr'><strong>A.</strong></span> <span class='ocrx_word' id='word_1_546' title='bbox 916 5021 951 5087; x_wconf 67' lang='grc' dir='ltr'><strong>ον)</strong></span> <span class='ocrx_word' id='word_1_547' title='bbox 971 5018 995 5071; x_wconf 71' lang='grc' dir='ltr'><strong>ιι</strong></span> <span class='ocrx_word' id='word_1_548' title='bbox 1013 5022 1046 5073; x_wconf 85' lang='grc' dir='ltr'><strong>ιι.</strong></span> <span class='ocrx_word' id='word_1_549' title='bbox 1066 5022 1102 5075; x_wconf 75' lang='grc' dir='ltr'><strong>Α.</strong></span> <span class='ocrx_word' id='word_1_550' title='bbox 1121 5053 1157 5066; x_wconf 94' lang='grc'>-</span> <span class='ocrx_word' id='word_1_551' title='bbox 1174 5022 1219 5076; x_wconf 69' lang='grc' dir='ltr'><strong>ιιι</strong></span> <span class='ocrx_word' id='word_1_552' title='bbox 1238 5023 1274 5078; x_wconf 75' lang='lat' dir='ltr'><strong>V.</strong></span> <span class='ocrx_word' id='word_1_553' title='bbox 1740 5009 1743 5014; x_wconf 83' lang='lat'>&#39;</span> 
     </span>
    </p>

    <p class='ocr_par' dir='ltr' id='par_1_10' title="bbox 454 5093 1907 5260">
     <span class='ocr_line' id='line_1_46' title="bbox 454 5093 1907 5183; baseline 0.009 -33"><span class='ocrx_word' id='word_1_554' title='bbox 454 5101 484 5165; x_wconf 83' lang='lat' dir='ltr'><strong>a)</strong></span> <span class='ocrx_word' id='word_1_555' title='bbox 505 5095 588 5150; x_wconf 87' lang='lat' dir='ltr'><strong>Certe</strong></span> <span class='ocrx_word' id='word_1_556' title='bbox 606 5093 634 5143; x_wconf 88' lang='lat' dir='ltr'><strong>ln</strong></span> <span class='ocrx_word' id='word_1_557' title='bbox 651 5094 685 5146; x_wconf 81' lang='lat' dir='ltr'><strong>iis</strong></span> <span class='ocrx_word' id='word_1_558' title='bbox 703 5114 773 5168; x_wconf 87' lang='lat' dir='ltr'><strong>quae</strong></span> <span class='ocrx_word' id='word_1_559' title='bbox 791 5100 820 5152; x_wconf 93' lang='lat' dir='ltr'><strong>iu</strong></span> <span class='ocrx_word' id='word_1_560' title='bbox 838 5098 890 5154; x_wconf 84' lang='lat' dir='ltr'><strong>hac</strong></span> <span class='ocrx_word' id='word_1_561' title='bbox 907 5113 964 5158; x_wconf 88' lang='lat' dir='ltr'><strong>arte</strong></span> <span class='ocrx_word' id='word_1_562' title='bbox 973 5107 1069 5162; x_wconf 83' lang='lat' dir='ltr'><strong>Nostri</strong></span> <span class='ocrx_word' id='word_1_563' title='bbox 1088 5106 1123 5162; x_wconf 86' lang='lat' dir='ltr'><strong>de</strong></span> <span class='ocrx_word' id='word_1_564' title='bbox 1142 5109 1272 5183; x_wconf 83' lang='lat' dir='ltr'><strong>qualitate</strong></span> <span class='ocrx_word' id='word_1_565' title='bbox 1290 5111 1430 5165; x_wconf 84' lang='lat' dir='ltr'><strong>nominum</strong></span> <span class='ocrx_word' id='word_1_566' title='bbox 1445 5108 1582 5183; x_wconf 77' lang='lat' dir='ltr'><strong>leguntur,</strong></span> <span class='ocrx_word' id='word_1_567' title='bbox 1600 5106 1669 5164; x_wconf 81' lang='lat' dir='ltr'><strong>nihil</strong></span> <span class='ocrx_word' id='word_1_568' title='bbox 1684 5105 1738 5164; x_wconf 84' lang='lat' dir='ltr'><strong>tale</strong></span> <span class='ocrx_word' id='word_1_569' title='bbox 1757 5103 1907 5174; x_wconf 82' lang='lat' dir='ltr'><strong>habetnr;</strong></span> 
     </span>
     <span class='ocr_line' id='line_1_47' title="bbox 524 5183 1568 5260; baseline 0.008 -17"><span class='ocrx_word' id='word_1_570' title='bbox 524 5183 561 5236; x_wconf 78' lang='lat' dir='ltr'><strong>ct·</strong></span> <span class='ocrx_word' id='word_1_571' title='bbox 582 5192 671 5234; x_wconf 69' lang='lat' dir='ltr'><strong>umen</strong></span> <span class='ocrx_word' id='word_1_572' title='bbox 689 5184 816 5255; x_wconf 74' lang='lat' dir='ltr'><strong>nppeud.</strong></span> <span class='ocrx_word' id='word_1_573' title='bbox 837 5189 859 5256; x_wconf 74' lang='lat' dir='ltr'><strong>t·</strong></span> <span class='ocrx_word' id='word_1_574' title='bbox 882 5195 897 5248; x_wconf 90' lang='lat'>1</span> <span class='ocrx_word' id='word_1_575' title='bbox 917 5199 943 5245; x_wconf 73' lang='lat' dir='ltr'><strong>et</strong></span> <span class='ocrx_word' id='word_1_576' title='bbox 961 5199 1005 5254; x_wconf 77' lang='lat'><em>98.</em></span> <span class='ocrx_word' id='word_1_577' title='bbox 1026 5205 1053 5250; x_wconf 76' lang='lat' dir='ltr'><strong>u</strong></span> <span class='ocrx_word' id='word_1_578' title='bbox 1072 5197 1172 5252; x_wconf 71' lang='grc' dir='ltr'><strong>ιιιιοιι</strong></span> <span class='ocrx_word' id='word_1_579' title='bbox 1192 5198 1251 5256; x_wconf 79' lang='lat' dir='ltr'><em>diff.</em></span> <span class='ocrx_word' id='word_1_580' title='bbox 1271 5200 1323 5256; x_wconf 79' lang='lat' dir='ltr'><strong>sub</strong></span> <span class='ocrx_word' id='word_1_581' title='bbox 1342 5200 1382 5256; x_wconf 78' lang='lat' dir='ltr'><strong>tie</strong></span> <span class='ocrx_word' id='word_1_582' title='bbox 1403 5201 1432 5257; x_wconf 80' lang='grc' dir='ltr'><strong>ιι.</strong></span> <span class='ocrx_word' id='word_1_583' title='bbox 1452 5197 1505 5254; x_wconf 81' lang='lat' dir='ltr'><strong>tto.</strong></span> <span class='ocrx_word' id='word_1_584' title='bbox 1525 5203 1568 5260; x_wconf 78' lang='lat' dir='ltr'><strong>so.</strong></span> 
     </span>
    </p>
   </div>
   <div class='ocr_carea' id='block_1_5' title="bbox 0 0 2034 6068">
    <p class='ocr_par' dir='ltr' id='par_1_11' title="bbox 0 0 2034 6068">
     <span class='ocr_line' id='line_1_48' title="bbox 0 0 2034 6068; baseline 0 0"><span class='ocrx_word' id='word_1_585' title='bbox 0 0 2034 6068; x_wconf 95' lang='lat' dir='ltr'><strong> </strong></span> 
     </span>
    </p>
   </div>
  </div>
 </body>
</html>
