4032 6070
373 507 440 578 818
830 495 1387 556 Pttoltlansntttou.

374 649 513 716 numeri
542 645 726 732 singularis
754 647 897 712 nomina
928 644 985 722 20·
1014 645 1129 710 littera
1160 645 1339 710 terminari
1367 655 1400 708 et
1430 642 1647 706 nominativo
1674 661 1757 708 casu
1778 663 1846 706 uu-

373 753 461 818 meri
490 749 674 834 singularis
705 747 800 810 ·UM·
831 748 961 830 syllaba
981 742 1024 834 7³)
1055 761 1135 834 post
1158 748 1196 810 ·l·
1221 748 1370 812 litteram
1394 746 1531 810 deliniri
1549 737 1608 828 7⁴),
1631 747 1845 812 boemone-

371 875 470 932 mus‚
499 852 596 938 quod
626 871 668 914 eo
690 850 840 936 ‘plurimi
870 853 963 930 soni,
992 853 1060 916 hcc
1082 864 1149 927 est,
1181 871 1222 914 ec
1245 850 1396 936 plurima
1416 839 1460 931 ⁷⁵)
1482 848 1626 912 nomina
1641 841 1684 930 ⁷⁶)
1706 849 1845 932 possint

371 955 541 1023 exbiberi.
1457 1025 1462 1032 ⁸

456 1060 511 1122 De
534 1057 647 1121 lorma
668 1055 806 1140 generis
828 1055 961 1132 neutri,
985 1075 1054 1142 qua
1076 1055 1228 1130 diximus
1252 1053 1405 1118 ablativo
1428 1073 1510 1118 casu
1531 1051 1668 1116 numeri
1691 1050 1847 1136 singula-

371 1165 419 1228 ris
441 1161 585 1226 nomina
610 1157 665 1222 ·0·
689 1157 805 1220 littera
828 1159 1007 1222 terminari
1034 1161 1076 1240 ⁷7)
1099 1171 1133 1221 et
1155 1158 1372 1221 nominativo
1396 1175 1478 1220 casn
1499 1155 1636 1218 numeri
1659 1153 1847 1238 singularis

209 1337 213 1344 ,
264 1304 295 1354 γ,
310 1264 467 1348 ...·UM·
500 1261 631 1344 syllaba
664 1273 744 1346 post
782 1260 817 1324 ·l·
859 1260 1011 1324 litteram
1052 1261 1188 1324 definiri
1215 1253 1282 1340 ⁷⁹),
1324 1270 1493 1352 quantum
1525 1257 1621 1336 ,ratio
1657 1255 1845 1343 poscebat,

371 1365 596 1434 tractavimus
613 1364 666 1445 ⁷⁹).

458 1471 530 1534 tot.
561 1465 625 1528 DE
656 1461 797 1528 ·VUM·.
828 1462 1078 1552 Quaecumque
1108 1464 1251 1530 nomina
1280 1465 1417 1548 generis
1444 1462 1560 1526 neutri
1586 1457 1742 1526 ablativo'
1762 1481 1845 1525 casu

372 1571 509 1636 numeri
540 1567 723 1652 singularis
755 1565 813 1630 Ὀ·
843 1567 958 1630 littera
988 1569 1236 1641 terminantur,
1275 1579 1308 1629 et
1342 1567 1559 1632 nominativo
1592 1585 1675 1628 casu
1706 1563 1845 1627 numeri
1904 1634 1907 1640 p

373 1673 557 1757 singularis
586 1669 715 1732 ·VUM·
744 1668 874 1751 syllaba
897 1664 941 1751 ὀ)
971 1669 1198 1745 deliniuntur,
1229 1681 1269 1732 ut
1301 1681 1402 1754 puta:
1435 1668 1484 1732 ab
1518 1669 1598 1731 hoc
1628 1687 1725 1743 ovo,
1763 1669 1845 1730 boc

373 1795 508 1848 ovum,
532 1774 618 1836 haec
640 1772 684 1834 ad
700 1773 774 1834 'hoc
797 1770 996 1856 exemplum
1020 1771 1255 1835 declinantur:

457 1875 604 1939 Numeri
627 1871 826 1958 singularis:
849 1875 928 1935 boc
951 1893 1087 1950 ovum,
1111 1874 1235 1936 huius
1258 1873 1340 1949 ovi,
1363 1872 1461 1936 huic
1484 1891 1582 1948 ovo,
1605 1874 1686 1936 boc
1709 1891 1845 1950 ovum,

374 2000 395 2043 o
419 1999 558 2053 ovum,
583 1975 632 2038 ab
656 1978 735 2039 hoc
758 1995 858 2050 ov03
882 1987 916 2038 et
937 1974 1135 2060 pluraliter:
1160 1978 1261 2040 haee
1283 1995 1371 2052 ova,
1395 1976 1543 2038 horum
1566 1995 1753 2054 ovorum,
1777 1975 1846 2039 bis

373 2067 482 2156 ovis,
507 2082 608 2142 haec
630 2099 729 2154 ova,
753 2099 774 2141 o
798 2097 895 2153 ova,
920 2076 969 2140 ab
992 2077 1057 2140 bis
1081 2078 1184 2143 ovis.
1377 2147 1381 2154 ,

460 2181 519 2246 Sic
542 2194 576 2244 et
598 2181 665 2242 alia
687 2181 824 2264 generis
847 2180 962 2243 neutri
984 2181 1144 2255 nomina,
1176 2200 1265 2266 qnae
1288 2178 1438 2244 ablativo
1462 2201 1544 2262 casn
1565 2181 1702 2244 numeri
1725 2181 1849 2265 singu-

372 2285 454 2348 laris
484 2282 542 2347 Ὀ·
572 2282 687 2346 littera
717 2283 962 2357 terminantur,
993 2294 1028 2346 et
1057 2283 1273 2354 nominativo
1299 2303 1383 2346 'casn
1419 2285 1556 2347 numeri
1588 2282 1772 2367 singularis
1801 2277 1849 2365 ⁸¹)

374 2383 504 2448 ·VUM·
529 2383 659 2464 syllaba
682 2379 725 2467 ⁸¹)
754 2384 966 2448 deliniuntur
987 2383 1031 2448 ad
1053 2384 1252 2472 exemplum
1277 2387 1344 2450 ovi
1373 2405 1438 2472 per
1460 2407 1580 2450 omnes
1603 2407 1702 2450 casus
1716 2379 1760 2470 ⁸³)
1784 2385 1849 2450 de-

374 2487 557 2551 clinantur.
616 2549 618 2552 .

378 2608 381 2622 ·
460 2591 533 2652 408.
556 2586 661 2652 Nunc
683 2588 721 2650 in
742 2590 808 2652 hae
831 2587 943 2652 lorma
966 2591 1201 2676 suprascripta
1216 2580 1260 2673 ”)
1283 2588 1471 2676 quaeritur,
1495 2611 1563 2676 qua
1580 2590 1624 2654 de
1641 2611 1744 2655 cansa
1766 2591 1850 2655 boc

320 2711 323 2718 ’
375 2709 500 2756 ovum
524 2701 557 2752 et
578 2709 650 2752 non
673 2690 751 2754 hoc
774 2710 867 2754 oum
891 2691 1049 2755 dicatur?
1070 2693 1144 2754 Hae
1167 2693 1209 2755 de
1227 2713 1340 2770 causa,
1364 2679 1529 2778 quoniam
1544 2713 1784 2779 quaecumque
1802 2685 1851 2776 ⁸⁵)

374 2793 519 2856 nomina
549 2791 685 2876 generis
710 2794 825 2856 neutri
855 2796 1017 2876 genetivo
1039 2787 1083 2877 ”)
1113 2815 1194 2858 casu
1224 2797 1361 2860 numeri
1391 2796 1574 2878 singularis
1604 2795 1676 2860 ·Vl·
1714 2795 1851 2877 syllaba

375 2897 622 2970 terminantur,
655 2896 740 2958 haec
762 2897 979 2959 nominativo
1003 2917 1084 2960 casn
1106 2899 1244 2961 numeri
1271 2897 1456 2982 singularis
1479 2895 1608 2960 ·VUM·
1632 2896 1763 2978 syllaba
1785 2897 1850 2962 de-

374 2997 558 3072 liniuntur,
583 3008 617 3058 et
639 2997 718 3060 ideo
742 2999 820 3061 hoc
843 3017 988 3075 ovum,
1011 3019 1083 3062 non
1106 3001 1187 3064 hoc
1210 3019 1307 3064 curn
1330 2999 1442 3064 lacere
1465 3001 1720 3085 pronuntiatur.

462 3102 535 3167 tos.
558 3098 661 3162 Nunc
684 3100 721 3162 in
743 3101 807 3164 bac
832 3098 942 3164 forma
961 3102 1097 3186 generis
1110 3103 1236 3177 neutri,
1261 3121 1329 3186 qua
1352 3102 1505 3165 diximus
1523 3097 1567 3185 ⁸⁷)
1589 3100 1741 3165 ablativo
1765 3119 1849 3164 casu

374 3202 512 3264 numeri
544 3200 728 3284 singularia
758 3204 902 3266 nomina
923 3197 966 3286 ⁸⁸)
990 3203 1047 3268 ·O·
1063 3199 1107 3286 ⁸⁹)
1131 3204 1245 3268 littera
1268 3205 1446 3267 terminari
1470 3217 1504 3268 et
1525 3204 1741 3267 nominativo
1766 3223 1849 3265 casn

338 3369 348 3388 .
376 3302 515 3366 numeri
538 3302 723 3386 singularis
745 3303 873 3368 ·VUM·
898 3307 941 3387 ⁹⁰)
971 3305 1095 3370 litteris
1123 3305 1259 3370 deliniri
1280 3307 1343 3389 9“),
1368 3308 1658 3382 heumanmus,
1683 3304 1780 3391 qnod
1803 3299 1850 3368 era

375 3422 417 3468 ea
441 3407 485 3487 9’)
513 3421 585 3466 uon
616 3389 860 3492 quamplures
879 3401 924 3492 1ξ’)
947 3407 1038 3488 soni,
1062 3411 1131 3473 boc
1154 3421 1221 3485 est,
1243 3427 1316 3472 non
1339 3402 1383 3493 9’)
1407 3408 1681 3495 quamplurima
1702 3408 1849 3472 nomina

320 3591 325 3598 Β
375 3507 512 3594 possint
527 3499 571 3588 θ’)
595 3505 763 3572 exbiberi.

462 3608 517 3670 De
541 3607 651 3672 lorma
674 3611 810 3694 generis
834 3612 960 3689 nentri,
985 3631 1054 3697 qua
1069 3611 1220 3676 ablativo
1236 3632 1316 3677 casu
1337 3613 1474 3676 numeri
1498 3611 1682 3697 singularis
1704 3612 1850 3675 uomina

378 3708 436 3776 Ὀ·
458 3709 575 3782 littera
597 3711 844 3789 terminantur,
869 3726 903 3777 et
924 3715 1141 3779 nominativo
1165 3735 1247 3780 casu
1268 3716 1405 3779 numeri
1428 3716 1613 3799 singularis
1636 3713 1767 3778 ·VUM·
1790 3713 1852 3778 lit-
1936 3716 1939 3726 '

378 3813 461 3876 teris
483 3812 715 3892 deliniuntur,
740 3828 908 3899 qnantum
932 3818 1019 3880 ratio
1042 3817 1224 3903 poscebat,
1249 3819 1472 3882 tractavimus
1490 3811 1544 3900 θ’).

421 4035 458 4104 ⁷³)
485 4029 589 4102 syllaba
608 4035 639 4086 B.
661 4033 696 4089 V.
715 4065 752 4076 -
768 4031 859 4086 littera
878 4035 915 4088 A.
941 4037 977 4105 θ’)
1001 4046 1067 4108 post
1087 4037 1117 4088 ·1·
1143 4035 1263 4090 litteram
1288 4035 1396 4090 definiri
1421 4039 1456 4094 V.
1476 4039 1507 4091 P.
1533 4034 1641 4090 definiri
1666 4045 1733 4108 post
1752 4035 1785 4088 ·l·
1805 4037 1856 4109 (=

483 4121 575 4193 reliq.)
593 4151 629 4162 -
648 4119 852 4178 ablativo.....
873 4121 981 4176 definiri
998 4149 1034 4174 =
1052 4127 1083 4178 B.
1112 4123 1149 4194 7’)
1177 4143 1209 4177 ec
1229 4123 1345 4196 plurima
1370 4127 1406 4182 V.
1423 4113 1460 4167 Ι--
1477 4123 1594 4197 plurima
1612 4125 1650 4180 A.
1677 4125 1712 4194 ²⁶)
1732 4120 1789 4176 laec
1809 4133 1857 4177 ast

485 4245 564 4262 .....
584 4207 693 4259 uomina
703 4209 738 4264 V.
749 4211 784 4262 A.
792 4233 828 4260 =
836 4212 867 4263 Β.
888 4213 925 4283 ⁷⁷)
934 4212 1073 4264 terminari
1086 4213 1121 4266 V.
1131 4213 1162 4266 P.
1172 4241 1206 4258 ·-
1215 4215 1396 4268 terminantur
1404 4214 1440 4267 A.
1461 4215 1498 4288 7’)
1519 4211 1626 4264 definiri
1635 4242 1670 4254 -··
1681 4209 1860 4264 deliniuntur

485 4295 517 4351 V
515 4334 521 4347 .
540 4296 576 4349 A.
596 4299 633 4366 ⁷⁹)
652 4296 696 4348 De
714 4295 800 4348 forma
810 4335 902 4350 ......
923 4301 1096 4352 tractavimus
1117 4297 1153 4354 V.
1173 4300 1208 4353 A.
1228 4331 1264 4342 -
1281 4303 1325 4353 De
1344 4303 1532 4373 suprascripta
1550 4301 1635 4354 forma
1655 4301 1765 4371 generis
1782 4317 1858 4351 neu-

485 4384 520 4437 tri
540 4391 670 4454 quantum
689 4385 758 4436 ratio
777 4381 912 4454 poscebat
930 4385 1103 4438 tractavimus
1121 4389 1155 4441 B.
1183 4391 1217 4456 ¹⁰)
1236 4385 1341 4458 syllaba
1359 4391 1390 4442 B.
1412 4391 1447 4444 V.
1466 4391 1498 4442 P.
1517 4421 1553 4430 -
1569 4385 1662 4442 littera
1680 4387 1717 4441 A.
1745 4388 1783 4459 '')
1807 4387 1858 4440 ·0·

484 4467 641 4525 lincam...
661 4469 807 4542 singularis
825 4474 858 4525 B.
879 4473 915 4528 V.
935 4473 966 4526 Ρ.
985 4497 1020 4523 =
1037 4476 1074 4527 A.
1095 4477 1129 4544 ¹¹)
1149 4473 1253 4544 syllaba
1272 4479 1303 4530 B.
1322 4508 1358 4519 -
1376 4475 1476 4529 littaris
1496 4477 1532 4532 V.
1551 4477 1587 4530 A.
1608 4480 1644 4548 ⁸³)
1665 4492 1744 4527 casus
1764 4475 1798 4528 B.
1815 4477 1862 4528 A.

479 4581 520 4601 ¹-
538 4576 636 4612 casuua
657 4561 693 4616 V.
722 4561 757 4628 ⁸⁴)
776 4559 863 4611 forma
881 4562 1068 4632 suprascripta
1086 4563 1118 4616 B.
1139 4563 1176 4618 V.
1195 4565 1227 4616 P.
1247 4593 1277 4608 -··
1300 4561 1458 4636 supradicta
1476 4565 1562 4618 scama
1580 4565 1616 4618 A.
1643 4565 1680 4634 ⁸⁵)
1700 4581 1860 4634 quaecum-

484 4665 537 4720 quc
557 4648 639 4703 V.A.
658 4679 694 4689 -
712 4665 885 4720 quacumque
904 4650 936 4701 B.
957 4651 993 4720 ⁸⁰)
1014 4652 1140 4719 genetivo
1159 4654 1191 4705 B.
1203 4652 1283 4706 V.A.
1303 4685 1338 4694 -
1363 4653 1483 4722 genitivo
1504 4662 1533 4705 ct
1550 4651 1673 4705 vocativo
1693 4651 1722 4704 Ρ.
1744 4651 1783 4722 ⁸⁷)
1804 4669 1860 4719 ge-

347 4751 348 4754 ’
406 4803 407 4806 ¹
483 4737 557 4788 naris
576 4735 667 4789 neutri
686 4755 739 4808 qua
759 4734 877 4788 diximus
895 4738 928 4790 B.
949 4737 1091 4810 V-qua
1110 4737 1229 4791 diximus
1242 4741 1349 4808 generis
1369 4741 1459 4794 neutri
1477 4740 1514 4793 A.
1535 4741 1571 4810 ”)
1591 4739 1700 4791 nomina
1718 4739 1806 4792 A.=
1818 4739 1864 4792 V.

484 4823 520 4894 ⁸⁹)
541 4821 585 4876 ·0·
607 4825 643 4879 V.
663 4825 746 4878 A.-
763 4823 807 4878 ·U·
828 4825 858 4877 Ρ.
878 4829 913 4896 ⁹⁰)
934 4825 1035 4880 ·VUM·
1055 4827 1091 4882 V.
1110 4828 1147 4881 A.
1166 4861 1201 4871 —
1220 4829 1343 4883 ·OVUM
1370 4831 1402 4882 Ρ.
1423 4832 1460 4899 ⁹¹)
1476 4825 1594 4880 ablativo
1614 4863 1731 4880 .....
1742 4823 1868 4880 definiri

485 4909 521 4965 V.
541 4912 577 4965 A.
595 4935 632 4961 =
648 4912 681 4965 Β.
707 4913 744 4982 ⁹²)
765 4929 796 4964 aa
814 4914 846 4966 B.
865 4945 902 4955 -
920 4931 951 4965 ea
969 4914 1055 4967 forma
1075 4915 1112 4972 V.
1131 4915 1168 4970 A.
1195 4914 1232 4988 θ’)
1251 4934 1308 4969 ucn
1327 4913 1519 4990 quamplures
1539 4916 1575 4971 V.
1593 4916 1624 4967 Ρ.
1643 4947 1680 4957 -
1697 4931 1755 4966 uon
1775 4931 1869 4968 com-

484 4994 578 5066 plures
597 4999 632 5049 A.
651 4996 799 5069 —plures
818 5003 864 5071 (ε
882 5003 970 5074 reliq.)
989 5003 1022 5056 B.
1049 5005 1086 5075 θ’)
1105 5019 1162 5056 nou
1181 5005 1217 5062 V.
1237 5007 1273 5060 A.
1292 5027 1328 5055 =
1345 5005 1378 5058 B.
1402 5007 1441 5078 θ’)
1460 5005 1569 5076 possint
1588 5003 1623 5058 V.
1643 5002 1679 5057 A.
1698 5033 1735 5044 -
1753 5003 1870 5074 possin

485 5082 518 5136 B.
544 5085 582 5156 θ’)
607 5083 651 5137 Da
678 5085 764 5145 forma
779 5126 885 5142 .....
906 5091 1079 5145 tractavimus
1107 5093 1142 5147 V.
1161 5093 1198 5148 A.
1218 5125 1252 5136 -
1280 5093 1323 5148 Dc
1341 5091 1500 5165 supradicta
1526 5092 1612 5146 ferma
1630 5091 1739 5162 generis
1758 5093 1869 5145 neutri

486 5177 616 5242 quantum
637 5173 705 5226 ratic
724 5171 858 5246 poscebat
876 5179 1049 5233 tractavimus
1068 5181 1099 5236 B.
