4020 6068
566 518 712 577 anrruu
740 519 1069 582 omnnsrrcsnnn
1090 523 1198 582 noua
1219 526 1240 578 1.

147 682 364 744 tascevan,
375 703 416 716 -
432 685 511 731 eum
526 667 695 732 mediocri
713 671 870 734 oratione
888 691 942 734 res
960 673 1132 736 maximae
1149 666 1193 756 44)
1205 673 1445 757 deponuntur;
1461 708 1502 720 -
1521 691 1617 738 aua-

147 793 241 837 seev
251 793 272 836 a
289 792 369 836 cum
385 791 439 834 res
452 770 600 834 humiles
615 769 838 836 sublevantur
853 764 897 858 ⁴⁵)
913 785 1048 837 tumore
1064 775 1180 860 aliquo
1197 775 1359 839 dictionis
1385 777 1425 860 ¹).

234 877 308 940 123.
330 874 395 937 DE
413 869 719 938 POLYPTOTO.
764 875 976 960 Polyptoton
997 889 1048 941 est
1070 878 1180 942 oratio
1199 875 1394 963 perplures
1413 876 1543 940 variata
1559 897 1616 940 oa-

146 997 217 1052 sus,
241 989 283 1038 ut
312 1011 354 1023 —
380 975 534 1038 Litora
559 974 764 1042 litoribus
791 979 1037 1056 contraria,
1069 977 1284 1042 fluctibus
1303 978 1436 1042 undas
1456 979 1616 1066 Depre-

147 1099 235 1154 cor,
262 1097 380 1141 arma
404 1077 535 1140 armis
556 1092 754 1164 pugnent
774 1080 951 1166 ipsique
975 1093 1305 1166 nepotesque-
1326 1081 1365 1162 4).
1565 1161 1567 1167 s

234 1183 307 1246 124.
330 1179 394 1242 DE
416 1173 678 1264 llElRMO.⁴⁶)
703 1184 728 1262 ‘)
773 1181 934 1246 Heirmos
960 1195 1011 1246 est
1033 1184 1144 1246 oratio
1171 1185 1272 1247 unius
1295 1183 1443 1261 tenoris,
1475 1183 1614 1246 eosdem

146 1303 243 1345 casus
266 1283 310 1346 ad
331 1281 521 1346 clausulam
542 1303 653 1369 usque
674 1302 901 1360 conservans,
925 1297 960 1348 et
981 1285 1221 1348 rationabilem
1239 1285 1420 1348 continens
1438 1285 1614 1360 ordinem,

145 1397 246 1448 ut-
271 1384 501 1470 Principio
525 1385 691 1448 caelum
719 1407 767 1450 ae
790 1398 957 1462 terras,
992 1406 1256 1473 camposque
1278 1387 1516 1470 liquentes,
1541 1385 1616 1449 Lu-

149 1500 410 1572 centemque
442 1485 619 1570 globum
650 1487 798 1563 lunae,
838 1487 1087 1572 titaniaque
1118 1501 1235 1551 astra
1282 1487 1470 1574 Spiritus
1500 1487 1616 1551 intus

148 1589 224 1652 alit
242 1627 286 1637 -
308 1586 359 1672 ‘);
383 1589 439 1652 hic
456 1590 549 1652 enim
569 1588 811 1675 philosophice
827 1580 871 1672 47)
886 1607 951 1675 pro
969 1591 1093 1653 merito
1109 1589 1279 1654 elementa
1297 1591 1470 1653 ordinavit
1485 1581 1539 1672 ⁴⁸).

230 1693 304 1754 125.
333 1689 397 1752 DE
422 1689 786 1757 POLYSYNDETO.
846 1691 1104 1772 Polysyndeton
1128 1705 1179 1756 est
1205 1692 1315 1756 oratio
1349 1693 1508 1777 plurimis
1533 1711 1617 1756 con·

151 1790 388 1856 iunctionibus
412 1792 588 1878 copulata,
614 1807 711 1856 ut—
734 1794 1044 1878 Athamasque,
1069 1794 1317 1878 Thoasque,
1356 1794 1617 1880 Pelidesque

149 1893 485 1980 Neoptolemus,
507 1895 1004 1982 primusqueMachaon,
1028 1895 1080 1960 Et
1097 1895 1335 1973 Menelaus,
1359 1909 1399 1960 et
1417 1895 1510 1982 ipse
1528 1895 1617 1960 doli

149 1994 392 2058 fabricator
413 1995 552 2080 Epeos
583 1999 621 2079 ‘).

232 2098 304 2162 126.
319 2097 383 2160 DE
393 2097 616 2163 DlALY'l'O.
634 2096 800 2179 Dialyton
818 2099 873 2162 vel
888 2099 1078 2180 asyndeton
1093 2111 1144 2160 est
1159 2097 1266 2162 dictio
1278 2099 1352 2162 sine
1369 2099 1617 2163 coniunctione

149 2197 299 2283 prolata,
329 2211 369 2262 ut
392 2237 434 2248 -
459 2198 724 2264 aliinavali?
755 2203 833 2277 ite,
864 2200 992 2264 Ferte
1018 2200 1095 2264 citi
1123 2198 1339 2272 flammas,
1373 2199 1474 2264 date
1495 2199 1615 2276 uela,
1665 2235 1669 2246 ι

148 2299 373 2386 impellite
395 2321 593 2365 remos-
614 2301 662 2385 s).
857 2288 864 2303 ¹

236 2405 307 2466 127.
332 2403 396 2466 DE
421 2400 706 2469 PROLEMPSl.
732 2405 767 2487 ὅ)
823 2401 1034 2488 Prolempsis
1060 2414 1130 2479 est,
1171 2401 1249 2466 cuni
1277 2415 1462 2488 antequam
1484 2423 1538 2468 res
1561 2403 1616 2467 vel

149 2505 501 2588 personaeliniuntur,
512 2505 900 2570 numerusterminatur.
923 2505 1147 2567 —luterea
1161 2523 1300 2588 reges,
1315 2505 1491 2590 ingenti
1507 2505 1618 2568 mole

149 2604 619 2691 LatinusQuadriiugo
646 2609 823 2672 vehitur
843 2626 972 2670 curru
998 2595 1061 2690 ⁴·),
1093 2607 1162 2670 cui
1181 2619 1375 2692 tempora
1400 2603 1618 2690 circumi)

149 2719 327 2784 etcetera3
352 2711 528 2772 etiterum
558 2746 603 2760 -
623 2710 677 2772 Et
697 2710 819 2773 iuxta
836 2708 1060 2785 Ascanius,
1077 2727 1252 2792 magnae
1270 2729 1368 2796 spes
1385 2707 1521 2772 altera
1538 2707 1618 2771 Ro·

150 2829 249 2886 mae,
273 2810 591 2891 Proceduntl).

230 2915 303 2976 128.
327 2911 344 2942 ⁴
367 2913 431 2975 DE
451 2911 711 2976 ZEUGMATE
730 2911 773 2995 ¹).
798 2913 952 2996 Zeugma
970 2924 1031 2987 est,
1050 2930 1129 2974 cum
1152 2909 1254 2974 rebus
1272 2911 1417 2994 singulis
1434 2908 1539 2974 verba
1555 2921 1725 2974 nes-Fam.

151 3015 294 3077 cessaria
309 3013 544 3100 applicantur,
568 3027 662 3077 ut-
680 3014 832 3100 Regem
851 3013 955 3087 adit,
979 3025 1017 3076 et
1034 3012 1130 3096 regi
1148 3024 1349 3076 memorat
1364 3010 1410 3094 4).

231 3119 303 3184 129.
334 3116 400 3179 DE
423 3115 712 3182 MESOZEUXl.
756 3115 976 3180 Mesozeuxis
1001 3127 1061 3188 est,
1086 3133 1164 3178 eum
1192 3115 1406 3198 superiorem
1426 3126 1459 3177 et
1476 3111 1619 3176 inferio-

153 3233 221 3279 rem
238 3208 283 3300 ⁵⁰)
307 3219 501 3282 orationem
516 3219 660 3284 verbum
671 3220 708 3282 in
724 3219 840 3283 medio
857 3219 1011 3304 positum
1028 3216 1177 3292 ordinat,
1192 3213 1464 3279 ut-multum
1485 3214 1563 3278 ille
1579 3229 1618 3279 et

153 3320 283 3382 terris
305 3321 492 3384 iactatus
517 3333 559 3383 et
584 3321 687 3397 alto,
711 3324 801 3400 -*‘)
835 3322 974 3404 utrique
1001 3317 1198 3403 respoudit,
1232 3329 1266 3380 et
1291 3317 1422 3380 terris
1449 3328 1483 3379 et
1505 3315 1617 3392 alto,

149 3419 292 3484 verbum
324 3422 534 3496 iactatus,
559 3421 594 3484 iu
608 3422 723 3486 medio
740 3423 903 3506 positum.

236 3525 307 3587 130.
330 3522 394 3588 DE
416 3520 702 3602 HYPOZEUXI.
747 3523 970 3608 llypozeunis
994 3532 1063 3596 est,
1097 3519 1257 3604 quotiens
1279 3535 1387 3580 unum
1411 3516 1554 3580 verbum
1581 3519 1618 3580 in

150 3621 280 3708 duplici
305 3623 560 3709 multiplicique
590 3626 759 3689 sententia
776 3636 895 3710 postea
916 3621 1111 3708 applicatur
1127 3619 1288 3684 omnibus
1310 3617 1545 3703 superioribus
1563 3639 1618 3680 re-

150 3725 343 3808 spondens,
380 3737 419 3787 ut
442 3738 494 3788 est
531 3761 573 3774 ·-
599 3727 671 3809 qui
704 3727 878 3789 numina
915 3721 1100 3797 Phoebi,
1137 3721 1222 3804 Qui
1251 3719 1464 3806 tripodas,
1496 3717 1618 3784 Clari

150 3823 316 3901 laurus,
342 3828 418 3910 qui
442 3827 588 3892 sidera
611 3827 810 3907 sentis.·)
949 3819 951 3822 ’

234 3931 308 3992 131.
332 3928 395 3991 DE
421 3927 674 3993 PROZEUXI.
720 3927 910 3991 Prozeuxis
935 3938 1002 4002 est,
1033 3945 1121 4009 quae
1142 3922 1315 3994 contraria
1335 3924 1552 4009 hypozeuxi,
1582 3924 1619 3985 lit

150 4029 215 4092 hoe
237 4030 357 4106 modo,
383 4049 461 4092 cum
485 4042 586 4093 antea
603 4028 748 4092 verbum
770 4030 929 4115 ponitur,
961 4026 1056 4112 quod
1071 4025 1189 4088 omnia
1205 4025 1400 4109 posteriora
1420 4026 1618 4110 coniungat,

185 4291 219 4360 44)
239 4291 371 4342 maximae
383 4321 420 4333 -
434 4293 548 4344 maxims
565 4294 631 4347 cod.
652 4283 689 4364 44)
699 4289 918 4346 sublevantur-
929 4287 1112 4342 sublebrntur
1130 4287 1197 4342 ced.
1218 4287 1253 4352 44)
1271 4284 1305 4339 de
1320 4283 1424 4340 beirmc
1435 4314 1468 4328 -
1484 4283 1518 4338 de
1533 4283 1619 4338 hirmo
1636 4289 1641 4300 '

257 4378 326 4430 ced.
341 4392 442 4442 etmox
456 4383 531 4448 iufra
547 4380 665 4434 Eirmos.
684 4381 722 4451 47)
739 4375 931 4450 philosophice
946 4409 983 4421 -
997 4373 1207 4449 philosophicae
1228 4375 1295 4428 ced.
1323 4376 1359 4445 44)
1375 4371 1563 4426 ordinarit-
1577 4391 1621 4424 or·

255 4461 364 4516 dicabit
386 4467 453 4519 cod.
480 4461 520 4538 ⁴⁸)
537 4484 618 4518 curru
634 4498 670 4510 -
686 4485 765 4519 cumo
785 4467 854 4520 ced.
882 4467 918 4537 ⁵⁰)
934 4466 1092 4518 interiorem
1107 4493 1143 4506 -
1158 4463 1317 4514 interiorem
1338 4462 1406 4514 Ueri.

183 4571 213 4632 al
232 4565 427 4621 Totusloeus:
446 4571 527 4624 Hane
543 4573 831 4644 quidam-dictionis
846 4572 883 4624 ita
899 4571 952 4623 erit
967 4565 1154 4640 refingeudus:
1176 4563 1393 4635 ,Haecqudam
1410 4581 1565 4616 auareevan
1580 4563 1623 4616 di-

255 4669 323 4708 cunt
342 4659 385 4709 vel
405 4671 576 4711 catascevae.
608 4660 777 4713 Cataeeevorr
798 4679 858 4712 cum
881 4661 1011 4711 mediocri
1032 4671 1133 4710 ete...
1160 4672 1314 4706 anascevae
1339 4671 1400 4702 cunr
1423 4671 1466 4706 rer
1488 4665 1537 4703 etc.
1552 4663 1620 4702 ...Ψ

254 4743 284 4814 ὁ)
311 4743 387 4814 Virg.
411 4747 478 4797 hen.
498 4745 546 4800 lv.
570 4751 632 4809 628,
655 4751 715 4807 629.
744 4749 772 4819 a)
794 4746 851 4799 cfr.
874 4743 979 4799 Charis.
1000 4751 1061 4802 251.
1082 4744 1113 4796 P.
1133 4735 1262 4792 Diomed.
1277 4744 1337 4796 449-
1358 4737 1388 4790 P.
1400 4739 1495 4808 Pomp·
1508 4741 1569 4796 462.
1588 4735 1620 4793 L.

254 4831 284 4897 d)
298 4831 376 4902 Virg.
385 4834 453 4884 Aen·
464 4833 514 4888 VI.
528 4839 680 4893 tta-726.
699 4835 725 4907 e)
744 4835 821 4904 Virg.
832 4837 899 4886 Aen.
915 4833 951 4886 11.
961 4835 1111 4891 Qut-264.
1123 4827 1252 4882 Ceterum
1262 4823 1334 4880 cod.
1344 4825 1492 4895 Acamasq.
1499 4826 1530 4892 s)
1545 4823 1621 4894 Virg.

252 4919 323 4977 Aen·
331 4919 380 4972 IV·
388 4925 451 4980 593·
462 4925 516 4979 ast
526 4923 559 4994 ς)
568 4923 738 4992 Prolempsir,
747 4923 785 4976 ita
793 4920 863 4976 cod.
872 4918 991 4973 dialecto
1004 4916 1138 4987 aegyptia.
1153 4914 1209 4966 cn».
1225 4915 1306 4968 Stura
1320 4909 1354 4964 de
1364 4910 1473 4964 dialect.
1483 4909 1620 4964 alexandr.

255 5022 284 5076 p.
308 5010 368 5064 130-
389 5011 416 5064 5.
433 5037 470 5048 -
484 5005 581 5060 charis
602 5013 664 5066 250.
687 5011 717 5062 P.
743 5010 773 5081 lt)
801 5011 876 5079 Virg.
895 5009 961 5064 Aen.
984 5005 1047 5058 XII.
1072 5007 1132 5060 161.
1159 5007 1217 5061 162.
1245 5003 1268 5072 i)
1289 5001 1365 5070 Virg.
1388 5001 1454 5051 Aen.
1477 5003 1536 5058 168·
1560 5005 1620 5058 169.

255 5093 285 5162 Ιι)
308 5091 396 5166 Quod
417 5105 513 5148 uestro
533 5095 651 5166 Zeugma
664 5093 827 5169 appellatur,
837 5095 972 5156 Charisia,
980 5087 1122 5154 Diomedi,
1134 5090 1246 5142 Donato
1260 5099 1289 5143 et
1297 5087 1430 5160 Pompeio
1447 5087 1622 5158 Hypoaeuxis

256 5189 308 5244 ert,
327 5181 423 5236 etriee
440 5199 526 5240 reme.
546 5185 569 5255 l)
585 5183 662 5252 Virg.
678 5185 744 5236 heu.
760 5183 794 5238 X.
808 5189 868 5246 1219.
887 5184 927 5255 m)
944 5181 1020 5250 Virg.
1031 5183 1099 5234 Aen.
1114 5177 1136 5230 1.
1149 5182 1177 5236 3.
1196 5178 1228 5249 η)
1244 5177 1319 5245 Virg.
1333 5179 1400 5228 Aen.
1417 5175 1468 5228 lll.
1485 5180 1545 5233 359.
1561 5181 1622 5234 350.
