4032 6070
580 519 897 576 enontnns
934 517 1135 574 MINOll.
1526 521 1595 592 819

205 663 278 726 tio.
303 661 368 728 DE
393 662 485 730 ·US·.
510 663 762 752 Quaecumque
784 667 929 732 uomina
950 668 1088 752 generis
1109 665 1224 730 nentri
1246 663 1398 730 ablativo
1424 685 1505 730 casu
1527 685 1594 732 nu-

26 751 27 756 *
131 763 208 828 meri
240 765 426 850 singularis
457 765 514 832 Ὀ·
544 768 658 831 littera
680 771 929 846 terminantur,
959 783 992 833 et
1013 769 1230 833 nominativo
1259 787 1341 830 casu
1362 769 1498 832 numeri
1522 770 1594 834 sin-

131 864 251 954 gularis
275 866 356 932 ·US·
379 868 503 932 litteris
525 883 605 956 post
629 882 877 934 consonantem
901 871 1129 946 definiuntur,
1161 882 1321 954 utputa:
1350 868 1399 932 ab
1422 872 1503 935 hoc
1525 892 1594 956 pe-

131 966 219 1051 lago
236 970 301 1050 ⁰⁷),
324 971 403 1034 hoc
425 971 629 1056 pelagus,
654 975 739 1036 haec
762 973 812 1036 ad·
828 975 896 1036 hoc
918 972 1118 1058 exemplum
1143 971 1377 1035 declinantur:

147 1078 149 1082 ’
204 1069 353 1135 Numeri
381 1073 584 1158 singularis:
616 1075 695 1138 hoc
722 1075 920 1160 pelagus,
951 1074 1080 1136 huius
1103 1072 1265 1158 pelagi,
1297 1073 1399 1138 huic
1420 1072 1592 1158 pelago,

132 1171 202 1236 ltoc
224 1171 479 1257 pelagus⁹”)‚
504 1195 525 1237 o
548 1175 729 1260 pelagus
751 1178 813 1256 99),
838 1175 887 1238 ab
911 1176 991 1237 hoc
1012 1175 1183 1260 pelago.

204 1271 303 1336 Haec
325 1294 508 1338 nnmerum
531 1276 701 1362 pluralem
726 1278 838 1340 facere
860 1275 1092 1361 prohibentur
1109 1278 1172 1357 ¹⁰⁰).

204 1377 278 1440 tn.
302 1375 406 1440 Nunc
429 1378 465 1440 in
488 1379 553 1440 hac
577 1377 687 1443 torma
711 1380 847 1463 generis
861 1377 987 1454 nentri,
1011 1399 1079 1462 qna
1097 1378 1249 1441 diximus
1264 1376 1415 1442 ablativo
1434 1395 1517 1440 casn
1530 1396 1594 1441 nu-

132 1475 207 1540 meri
230 1477 417 1562 singularis
439 1481 582 1544 nomina
600 1481 624 1560 Ι)
649 1480 706 1545 Ὀ·
730 1481 844 1544 littera
862 1480 1042 1543 terminari
1065 1492 1099 1543 et
1113 1481 1329 1544 nominativo
1354 1500 1435 1544 casn
1457 1481 1595 1544 numeri

130 1577 307 1662 singularis
324 1585 352 1664 ²)
375 1581 457 1645 ·US·
473 1582 598 1645 litteris
612 1596 693 1668 post
709 1595 957 1646 consonantem
981 1581 1117 1645 definiri
1134 1573 1172 1664 ³),
1197 1584 1263 1646 hoe
1280 1601 1473 1657 monemus,
1498 1582 1594 1666 quod
1668 1653 1674 1658 ,

131 1700 168 1742 ex
192 1702 233 1744 ea
261 1682 339 1767 plus
369 1702 472 1767 quam
502 1696 634 1770 septem
657 1686 759 1766 soni,
789 1687 856 1748 hoc
886 1696 955 1758 est,
987 1682 1065 1768 plus
1089 1703 1193 1767 quam
1217 1682 1285 1746 Vll
1307 1684 1452 1748 nentina
1469 1674 1499 1764 4)
1521 1701 1593 1746 non

130 1783 257 1866 possint
280 1784 447 1847 exhiberi.

204 1885 261 1948 De
284 1885 396 1949 torma
418 1887 554 1970 generis
577 1889 703 1965 nentri,
728 1909 794 1974 qua
812 1887 963 1952 ablativo
987 1909 1069 1952 casn
1083 1887 1220 1950 numeri
1243 1887 1426 1971 singularis
1449 1888 1594 1952 nomina

130 1983 316 2050 ·O¹·littera
340 1989 580 2064 terminantur,
605 2003 639 2053 et
661 1990 876 2053 nominativo
901 2009 982 2052 casn
996 1990 1133 2052 numeri
1156 1988 1340 2073 singularis
1365 1988 1444 2052 ·Us·
1468 1988 1592 2054 litteris

128 2100 199 2172 post
222 2103 472 2154 consonantem
502 2091 729 2169 deliniuntur,
759 2104 926 2178 quantum
950 2092 1038 2156 ratio
1061 2089 1243 2176 poscebat,
1269 2092 1490 2153 tractavimus
1507 2085 1547 2172 ⁵).
1606 2120 1632 2168 v,
1648 2121 1700 2171 23„

202 2191 259 2254 De
282 2181 433 2256 ablativo
458 2213 538 2256 casn
560 2196 697 2258 numeri
716 2194 912 2278 singularis,
936 2194 997 2279 qui
1021 2192 1077 2257 ·O·
1102 2193 1219 2256 littera
1240 2193 1456 2269 terminatur,
1482 2209 1593 2277 quan·

130 2302 194 2353 tum
217 2294 307 2357 ratio
329 2295 513 2380 poscebat,
538 2297 771 2360 tractavimus.

204 2397 279 2460 tto.
302 2397 367 2460 DE
392 2397 458 2461 ·U·.
481 2396 661 2461 Ablativus
686 2419 784 2462 casus
807 2398 944 2461 numeri
966 2395 1150 2480 singularis
1174 2395 1229 2460 ·U·
1251 2395 1366 2460 littera
1388 2393 1593 2460 terminatus

129 2512 248 2576 genera
261 2497 347 2561 haec
363 2499 518 2564 continet
534 2511 700 2584 quattuor
714 2491 759 2580 ⁶):
782 2500 1025 2576 masculinnm,
1044 2498 1260 2573 femininum,
1278 2509 1453 2573 neutrum,
1477 2515 1591 2560 omne.

204 2599 279 2662 tl3.
309 2599 370 2662 De
397 2621 553 2686 genere
585 2603 825 2667 masculino
850 2605 888 2684 7).
918 2600 1105 2666 Masculini
1140 2587 1277 2683 generis
1306 2599 1467 2672 nomina,
1504 2616 1593 2681 quae

130 2694 273 2763 ablativo
297 2719 377 2764 casn
400 2704 536 2765 numeri
560 2703 745 2788 singularis
769 2705 823 2768 ·U·
847 2705 962 2767 littera
984 2703 1230 2778 terminantur,
1259 2703 1345 2764 haec
1373 2699 1592 2766 nominativo

130 2817 203 2863 casu
229 2802 367 2866 numeri
397 2804 581 2888 singularis
610 2827 678 2870 nna
706 2809 771 2870 hac
802 2806 913 2870 lorma
940 2806 1151 2870 definiuntur
1174 2798 1205 2887 ⁸)
1228 2814 1362 2866 tantum
1387 2799 1467 2863 ·US·
1484 2802 1530 2882 ⁹),
1554 2812 1593 2864 ut

130 2913 219 2984 puta:
250 2902 299 2966 ab
329 2905 412 2968 hoc
442 2905 597 2985 fluctu,
622 2910 691 2972 hic
714 2909 888 2983 flnctus,
919 2921 953 2972 et
976 2908 1019 2970 ad
1042 2909 1109 2970 hoc
1132 2903 1331 2988 exemplum
1356 2902 1590 2966 declinanturt

209 3001 225 3034 ⁴
246 3005 393 3070 Numeri
423 3008 621 3094 singularis:
646 3010 913 3088 tristiumue,
938 3010 1066 3073 huius
1090 3007 1267 3080 fluctus,
1291 3005 1391 3068 huic
1419 3004 1592 3082 fluctui,
1609 3021 1684 3076 soth.

130 3103 231 3170 hunc
262 3106 459 3185 fluctum,
492 3131 512 3174 o
542 3111 720 3194 fluctus,
756 3112 804 3176 ab
838 3114 917 3175 hoc
948 3111 1102 3184 fluctu3
1140 3123 1174 3171 et
1200 3106 1398 3193 pluraliter:
1439 3106 1483 3168 hi
1514 3105 1593 3168 llu-

132 3217 248 3270 ttutts
276 3211 318 3292 Ιο)
343 3214 393 3294 ·),
424 3213 571 3277 horum
603 3215 830 3292 fluctuum,
860 3214 926 3278 his
956 3209 1182 3287 fluctibus,
1214 3211 1289 3272 hos
1322 3207 1514 3272 llnotnus
1534 3210 1592 3290 ¹¹),

132 3307 360 3376 olluctuus
382 3314 440 3396 ¹²),
464 3313 514 3378 ab
538 3317 600 3380 his
623 3315 841 3380 fluctibns.

209 3411 265 3476 Sic
288 3428 323 3479 ct
345 3413 412 3478 alia
433 3419 570 3502 generis
594 3416 775 3483 masculini
798 3418 958 3494 nomina,
983 3435 1071 3501 quae
1094 3413 1244 3478 ablativo
1268 3431 1350 3475 casu
1371 3410 1510 3474 numeri
1521 3410 1594 3474 sin·

167 3749 206 3818 ’⁷)
230 3748 325 3906 231¹&
347 3753 379 3892 ξ·
407 3755 563 3898 ΚγΗΑ-
587 3755 696 3896 pellagp
723 3755 758 3808 A.
786 3756 933 3911 {pnsum
959 3751 1013 3806 lioc
1038 3749 1263 3890 pelagup'hffltd.
1282 3744 1396 3890 {11:00
1414 3744 1591 3904 pessgupnB.

283 3857 433 3912 ⁰P⁰¹8¹¹⁸
480 3865 623 3898 ·.-o
663 3863 768 3896 caum
811 3852 876 3895 ,Μ
934 3857 982 3894 reo
991 3877 1069 3894 .....
1082 3855 1264 3910 proteuor
1306 3875 1313 3888 .
1363 3855 1424 3886 .=
1472 3843 1507 3886 .¹
1561 3854 1593 3884 n·

230 3925 301 3978 mina
320 3929 356 3982 V.
375 3953 412 3980 =
428 3932 465 3985 A.
486 3935 508 4002 ¹)
530 3933 576 3986 ·0·
595 3863 928 4001 littEre.g....singularis
948 3931 979 3984 V
977 3969 984 3982 .
1003 3929 1039 3982 A·
1058 3951 1094 3976 =
1114 3928 1144 3980 Ρ,
1163 3929 1186 3997 ⁸)
1207 3921 1537 3977 ablativo.....dclsniri
1555 3922 1591 3977 V.

230 4014 266 4066 Ᾱ·
284 4038 320 4063 =
338 4017 370 4069 B·
391 4019 413 4086 4)
433 4028 540 4092 septem
558 4023 636 4075 noui.
648 4060 654 4073 .
668 4059 692 4076 ..
712 4029 817 4092 septem
837 4019 948 4072 nomina
967 4017 1003 4071 V.
1022 4017 1053 4068 Ρ.
1073 4045 1109 4056 -
1127 4021 1234 4084 septem
1252 4011 1315 4064 soni
1332 4012 1364 4064 B.
1385 4013 1432 4080 (=
1450 4014 1540 4082 reliq.)
1557 4039 1593 4052 -

231 4111 335 4172 ⁸⁰le
353 4105 463 4157 ”wius
481 4108 518 4163 A.
539 4109 588 4180 (=
605 4113 695 4182 reliq.)
716 4111 738 4180 ⁵)
760 4109 802 4160 De
821 4108 906 4158 forma
919 4143 995 4160 .....
1012 4101 1184 4156 tractavimus
1196 4101 1231 4156 V.
1241 4099 1277 4155 A.
1296 4130 1332 4140 —
1349 4098 1393 4150 De
1406 4097 1593 4169 suprascripte

231 4187 313 4241 forma
340 4202 470 4266 quantum
495 4197 564 4250 ratio
591 4193 725 4270 poscebat
750 4195 923 4247 tractavimus
942 4195 974 4248 B.
993 4224 1030 4233 —
1056 4191 1122 4244 cod.
1142 4189 1179 4242 A.
1198 4201 1260 4260 poet
1287 4205 1377 4240 vocem
1397 4194 1593 4238 consonantem

231 4280 321 4332 eloco
346 4284 526 4349 praecedente
557 4289 647 4355 inepte
679 4289 791 4355 repetit:
820 4281 945 4344 deliniri,
970 4277 1025 4332 hoc
1043 4294 1202 4340 monemus,
1230 4273 1305 4348 quod
1325 4293 1358 4326 ex
1377 4291 1409 4324 eo
1428 4271 1491 4344 plus
1512 4290 1593 4345 qnam

230 4373 334 4436 septem
359 4369 438 4434 soni,
457 4366 509 4423 hoc
528 4382 579 4436 est,
599 4391 679 4446 quem
697 4380 803 4443 septem
822 4371 932 4422 nomina
951 4387 1007 4421 non
1026 4367 1136 4440 possint
1154 4361 1285 4416 exhiberi.
1311 4363 1354 4416 De
1380 4361 1464 4413 forma
1485 4359 1591 4430 generis

229 4453 327 4518 Μή»
353 4473 407 4528 que
431 4455 550 4512 ablativo
571 4478 633 4512 casn
653 4460 759 4512 numeri
777 4457 922 4529 singularis
951 4455 1017 4510 ·U8·
1036 4453 1136 4507 litteris
1155 4462 1221 4526 post
1240 4457 1437 4503 consonantem
1456 4445 1592 4500 definiun-

230 4548 288 4606 tur,
316 4553 448 4613 qnantum
473 4547 541 4600 ratio
566 4544 700 4618 poscebat
727 4547 908 4601 tractavimus.
937 4547 959 4616 6)
979 4541 1047 4595 liaeo
1066 4541 1191 4594 continet
1217 4547 1345 4612 quattuor
1365 4537 1400 4590 V.
1420 4538 1452 4589 B.
1471 4565 1507 4575 -
1524 4531 1593 4585 haec

230 4639 358 4700 quattuor
377 4633 502 4686 continet
520 4637 552 4696 Ρ,
571 4666 605 4678 -
625 4644 753 4709 quattuor
773 4635 895 4686 continet
917 4637 963 4704 (ε
982 4631 1060 4702 liaeo)
1080 4631 1114 4683 A.
1144 4633 1167 4698 ²)
1195 4625 1239 4680 De
1264 4641 1362 4696 genere
1388 4619 1539 4675 masculino
1557 4621 1591 4674 B.

230 4715 309 4770 V.—
330 4715 365 4770 tle
383 4719 534 4776 masculino
554 4740 652 4792 genere
670 4723 706 4776 A.
727 4725 753 4794 ⁸)
774 4719 940 4772 definiuntur
958 4719 990 4772 B.
1009 4718 1045 4771 A.
1065 4746 1100 4758 —
1119 4715 1250 4767 finiuntur
1268 4713 1304 4766 V.
1323 4714 1348 4782 ⁸)
1369 4709 1435 4764 ·US·
1456 4709 1487 4761 B·
1505 4708 1541 4761 A.
1556 4729 1592 4758 =

229 4803 264 4859 V.
294 4808 330 4877 ¹⁰)
350 4804 381 4859 hi
405 4805 523 4863 fluctuas
542 4812 574 4863 B.
596 4811 630 4866 V.
649 4808 733 4862 -hi
752 4809 852 4862 fluctus
871 4805 905 4862 Α.
938 4807 974 4880 ΙΙ)
992 4801 1044 4858 hos
1063 4803 1184 4855 fluctuas
1201 4803 1233 4856 B.
1256 4799 1292 4854 V.
1310 4827 1346 4841 ·-
1365 4795 1416 4850 laos
1435 4795 1535 4849 [luctus
1553 4797 1589 4848 A.

230 4893 263 4962 ¹¹)
282 4911 299 4946 o
319 4893 440 4950 fluctum
457 4898 489 4951 B.
511 4899 546 4953 V.
565 4930 601 4941 -
619 4919 635 4954 o
656 4899 757 4982 linctus
775 4897 811 4950 A.

180 4997 208 5064 ⁶)
228 4999 265 5054 W
279 5003 419 5068 fluctum.
445 5001 536 5056 codd.
561 5005 592 5059 B.
617 5015 646 5059 et
670 5005 704 5058 V.
724 5001 873 5056 lectionem
892 4999 1035 5070 genuinam
1053 4995 1221 5068 exprimere,
1248 5000 1324 5066 patet
1344 5008 1358 5043 e
1376 4987 1439 5044 loco
1458 4989 1528 5042 inlra
1545 5003 1590 5042 te-

228 5096 344 5157 quente,
370 5087 419 5142 ubi
437 5093 576 5162 quaeritur
594 5111 648 5167 qua
666 5090 702 5145 de
722 5109 802 5144 cansa
820 5091 930 5144 uomina
949 5094 1062 5161 quartae
1081 5082 1276 5138 declinationis
1295 5078 1482 5142 nominativo,
1508 5093 1589 5128 accu-

227 5175 310 5229 sativo
330 5185 358 5230 et
377 5179 501 5234 vocativo
520 5181 625 5234 numeri
644 5179 758 5254 pluralis
776 5177 914 5234 interdurn
933 5186 961 5232 et
977 5194 1030 5250 per
1048 5189 1130 5228 nuent
1150 5171 1195 5228 ·U·
1215 5169 1334 5226 litteram
1353 5163 1517 5222 scribantur.
