4032 6070
397 559 466 634 tlt
851 560 1411 618 rnonraasuinoa.

306 722 377 776 eote.
483 711 556 777 300.
580 705 675 772 *DE
704 697 775 774 ·’0·.
807 707 1058 795 Quaecumque
1085 709 1230 776 nomina
1258 711 1396 795 generis
1418 707 1578 774 seminini
1609 709 1763 774 ablativo
1785 731 1872 774 casu

397 811 534 874 numeri
563 811 747 896 singularia
777 808 835 875 ·0·
867 811 982 876 littera
1012 813 1261 890 terminantur,
1290 825 1326 876 et
1358 812 1575 878 nominativo
1611 831 1694 876 casu
1728 814 1871 876 numeri

397 913 581 998 singularia
611 913 669 978 Ὀ·
699 912 815 978 littera
844 911 1057 978 deliniuntur
1077 906 1138 999 ⁸⁵),
1168 927 1208 978 ut
1237 927 1338 1000 puta:
1377 914 1427 978 ab
1455 915 1533 978 hac
1568 912 1728 995 Gyaro,
1762 916 1873 978 haec

398 1014 555 1096 Gyaro,
586 1017 673 1078 haec
702 1015 836 1080 scilicet
864 1009 1050 1102 aptota‚⁸‘⁵)
1073 1036 1146 1082 esee
1169 1017 1405 1103 reperiuntur,
1429 1029 1464 1080 et
1485 1016 1564 1080 ideo
1587 1016 1722 1080 adhoc
1745 1036 1870 1080 exem-

396 1116 492 1203 plum
517 1117 755 1182 declinantur:
992 1119 1000 1130 '

481 1219 629 1282 Numeri
658 1219 860 1303 singularia:
892 1222 997 1285 haec
1026 1221 1187 1302 Gyaro,
1217 1221 1343 1284 huius
1375 1219 1534 1302 Gyaro,
1572 1220 1672 1282 huic
1702 1219 1869 1301 Gyaro,

397 1322 504 1384 hanc
528 1319 690 1402 Gyaro,
714 1342 736 1386 c
761 1321 921 1404 Gyaro,
945 1321 995 1387 ab
1018 1323 1097 1386 hac
1120 1321 1272 1404 Gyaro.

292 1421 296 1432 '
482 1422 577 1486 Haec
599 1443 782 1486 numerum
805 1424 975 1509 pluralem
990 1419 1033 1506 ⁸⁷)
1057 1424 1170 1488 iacere
1193 1423 1424 1510 prohibentur
1443 1431 1486 1508 ·).

481 1523 540 1587 Sic
569 1538 603 1587 et
623 1517 666 1608 ⁸⁸)
697 1523 764 1588 alia
795 1527 931 1610 generis
963 1525 1121 1590 feminini
1144 1526 1305 1603 nomina,
1335 1547 1423 1611 quae
1451 1526 1602 1590 ablativo
1626 1546 1706 1590 caru
1729 1527 1870 1589 numeri

394 1625 579 1709 singularia
611 1626 669 1691 ·0·
701 1627 818 1690 littera
846 1628 1091 1703 terminantur,
1121 1641 1155 1691 et
1176 1629 1395 1693 nominativo
1417 1649 1498 1693 caau
1519 1631 1656 1692 numeri
1680 1627 1868 1712 singularia

394 1723 452 1790 ·0·
479 1726 595 1792 littera
618 1729 840 1806 definiuntur,
870 1729 914 1794 ad
945 1730 1145 1816 exemplum
1171 1729 1327 1812 Gyaro,
1356 1743 1473 1816 aptcte
1503 1725 1637 1795 scilicet
1661 1724 1723 1814 ⁸⁹),
1756 1729 1868 1793 deeli-

394 1841 531 1894 uantur.

477 1932 581 1996 Nunc
607 1933 645 1996 iu
673 1935 738 1996 hac
768 1932 879 1997 lorma
899 1935 1036 2016 generis
1059 1933 1228 2012 feminini,
1253 1955 1322 2020 qua
1344 1935 1497 1999 diximus
1520 1934 1672 2000 ablativo
1694 1953 1777 2000 caan
1797 1953 1865 1995 uu-

393 2034 480 2098 meri
508 2035 692 2120 singularia
720 2035 863 2098 uomina
893 2034 951 2099 ·0·
981 2036 1096 2100 littera
1124 2039 1303 2100 terminari
1323 2040 1384 2119 ⁹⁰),
1417 2049 1451 2100 et
1474 2039 1518 2121 91)
1540 2037 1757 2101 nominativo
1780 2055 1865 2100 casu

393 2138 530 2200 numeri
553 2135 738 2220 singularis
762 2136 819 2201 ·0·
842 2137 957 2202 littera
979 2138 1115 2202 deliniri
1132 2141 1195 2222 ⁹²),
1224 2141 1292 2202 hoc
1314 2159 1512 2216 monemus,
1537 2139 1634 2224 quod
1655 2160 1701 2202 ex
1723 2161 1763 2204 ea
1785 2141 1867 2226 plue

392 2255 496 2320 quam
519 2238 635 2304 xxvl
658 2240 754 2319 roni,
776 2242 845 2304 hoc
868 2254 936 2316 eat,
964 2240 1044 2327 plue
1063 2234 1109 2325 93)
1138 2261 1243 2326 quam
1264 2241 1380 2304 XXVI
1402 2243 1545 2305 nomina
1561 2235 1605 2326 9²)
1627 2260 1699 2305 non
1716 2237 1761 2326 95)
1781 2263 1868 2328 pos-

293 2327 295 2336 ’
393 2339 461 2402 sint
485 2340 643 2405 exhiberi
660 2333 715 2425 ⁹⁶).

477 2441 531 2504 De
559 2442 671 2505 torma
696 2444 835 2526 generis
861 2442 1037 2522 feminini,
1062 2465 1132 2531 qua
1153 2444 1304 2508 ablativo
1328 2465 1409 2510 casu
1431 2447 1568 2510 numeri
1591 2446 1775 2530 singularia
1796 2465 1866 2511 nc-

392 2542 486 2605 mina
515 2542 572 2607 ·0·
602 2542 717 2606 littera
743 2545 989 2621 terminantur,
1022 2561 1056 2611 et
1084 2548 1300 2612 nominativo
1324 2569 1405 2612 casu
1434 2549 1571 2612 numeri
1593 2550 1777 2634 singularis
1799 2549 1861 2614 Ὀ·

287 2655 314 2701 v.
331 2653 381 2704 πε.
391 2642 506 2706 littera
529 2643 755 2721 deliniuntur,
780 2660 947 2730 quantum
972 2650 1060 2712 ratio
1082 2648 1264 2734 poscebat,
1289 2651 1513 2714 tractavimus
1532 2653 1585 2731 ⁹⁷).
1938 2649 1942 2654 ’

476 2747 549 2812 391.
572 2745 636 2808 DE
662 2746 852 2811 GENERE
875 2749 1086 2815 NEUTRO.
1109 2752 1232 2815 Neutri
1254 2753 1390 2836 generis
1413 2753 1572 2828 nomina,
1596 2772 1684 2836 quae
1707 2753 1861 2818 ablativo

293 2863 301 2876 ·
391 2865 473 2909 caan
495 2848 633 2910 numeri
655 2847 840 2932 singularis
861 2851 920 2916 ·0·
941 2852 1057 2916 littera
1075 2855 1321 2931 terminantur,
1352 2857 1438 2919 haee
1461 2855 1676 2918 nominativo
1694 2875 1776 2918 casu
1791 2875 1860 2918 nu-

389 2948 478 3010 meri
497 2949 682 3032 singularis
699 2951 854 3037 quinque
875 2953 928 3016 his
950 2953 1070 3017 formis
1086 2953 1297 3020 deliniuntur
1310 2967 1458 3020 tantum:
1483 2956 1578 3021 ·UM·
1600 2956 1724 3020 ·EUnt·
1746 2956 1864 3021 ·lUM·

390 3049 519 3113 ·UUM·
545 3049 627 3114 ·US·
640 3043 695 3135 ⁹⁸).

474 3155 547 3220 392.
570 3153 635 3216 DE
659 3153 766 3221 ·UM·.
799 3154 1050 3243 Quaecumque
1068 3159 1212 3222 nomina
1233 3161 1370 3244 generis
1391 3162 1505 3225 neutri
1524 3160 1673 3225 ablativo
1694 3179 1775 3224 casu
1793 3181 1865 3226 nu-

388 3253 476 3316 meri
499 3255 685 3338 aingularis
705 3256 766 3321 ³0·
790 3256 905 3322 littera
921 3261 1151 3324 terminantur
1165 3263 1227 3342 ⁹⁹),
1252 3276 1287 3326 et
1303 3263 1519 3327 nominativo
1538 3283 1620 3326 casu
1635 3262 1774 3326 numeri
1787 3263 1864 3326 aiu-

388 3354 518 3438 gularia
553 3355 647 3418 ·Um·
679 3357 803 3421 litteris
837 3373 916 3444 post
945 3375 1194 3426 consonantem
1224 3363 1449 3441 definiuntur,
1484 3378 1523 3429 ut
1558 3379 1660 3450 puta:
1695 3363 1744 3426 ab
1781 3365 1862 3428 hcc

388 3456 568 3542 templo,
592 3459 671 3545 hoc
694 3461 919 3546 templum,
943 3465 1028 3527 haec
1049 3467 1104 3547 ¹⁰⁰)
1128 3465 1172 3528 ad
1192 3467 1261 3528 hoc
1284 3466 1484 3551 exemplum
1505 3466 1742 3532 declinantur:

470 3559 617 3624 Numeri
640 3561 841 3645 singularis:
865 3566 946 3628 hoe
969 3566 1191 3650 templum,
1214 3566 1337 3630 huius
1359 3567 1528 3653 templi,
1552 3570 1652 3632 huie
1674 3569 1858 3655 templo,

387 3662 464 3724 hcc
497 3663 720 3747 templum,
757 3685 779 3728 ο
810 3665 1027 3750 templum,
1057 3666 1107 3730 ah
1137 3669 1215 3730 hoc
1248 3669 1424 3754 templo;
1454 3683 1488 3732 et
1517 3670 1714 3756 pluraliter:
1753 3672 1860 3734 haec

387 3764 563 3849 templa,
587 3766 734 3828 horum
760 3766 1033 3852 templorum,
1061 3769 1127 3832 hia
1150 3769 1343 3856 templis,
1372 3773 1473 3835 haec
1502 3771 1677 3858 templa,
1711 3792 1732 3836 c
1759 3785 1860 3836 tem-

387 3863 473 3947 pla,
496 3865 546 3928 ab
569 3866 634 3929 hia
657 3867 844 3953 templis.
1638 3871 1652 3884 “

1423 4048 1864 4064 ψ

428 4149 468 4219 ⁸⁵)
495 4146 662 4206 deliniuntur
678 4153 710 4206 B.
731 4151 818 4222 VJ.
839 4187 873 4198 —
892 4156 1072 4211 terminantur
1088 4157 1125 4212 A.
1151 4159 1186 4229 ”)
1207 4167 1301 4231 aptota
1329 4159 1364 4215 V.
1384 4161 1421 4214 A.
1441 4189 1473 4202 -
1493 4156 1588 4212 abtota
1604 4161 1637 4216 B.
1665 4164 1702 4235 ⁸⁷)
1722 4161 1860 4234 pluralem

492 4237 524 4290 Β.
540 4233 582 4292 ¹V.
601 4269 637 4280 -
654 4239 817 4310 singularem
836 4243 872 4302 A.
892 4246 927 4312 ”)
947 4245 996 4298 sie
1015 4252 1042 4298 et
1062 4246 1098 4301 V.
1117 4246 1153 4300 A.
1172 4269 1208 4295 =
1228 4249 1258 4300 Β.
1284 4249 1319 4319 ’9)
1339 4256 1434 4318 aptota
1452 4245 1561 4300 scilicet
1580 4249 1616 4303 V.
1634 4279 1670 4292 -
1688 4259 1784 4320 aptota
1803 4252 1862 4304 aci-

492 4321 561 4378 licct
577 4327 609 4378 B.
628 4349 665 4375 =
682 4328 718 4382 A.
738 4332 775 4401 θ’)
796 4331 935 4386 terminari
953 4334 990 4388 V.
1008 4363 1045 4375 -
1063 4333 1242 4388 terminantur
1260 4335 1295 4388 A.
1315 4338 1353 4407 θ’)
1374 4343 1402 4387 at
1420 4336 1457 4390 V.
1469 4337 1502 4388 P.
1521 4365 1558 4378 -·
1576 4345 1604 4388 et
1621 4336 1649 4388 in
1667 4337 1706 4390 A.
1724 4341 1762 4408 θ’)
1782 4335 1863 4390 abla-

494 4411 550 4464 tivo
569 4449 713 4473 ......
733 4415 842 4472 deliniri
861 4420 898 4474 V.
917 4422 954 4473 A.
973 4421 1003 4472 Β.
1022 4442 1059 4470 =
1076 4422 1108 4473 B.
1135 4424 1172 4493 θ’)
1192 4420 1254 4492 plus
1274 4425 1311 4479 V.
1330 4425 1361 4476 P.
1380 4446 1417 4473 =
1440 4423 1476 4476 A.
1503 4424 1541 4496 θ’)
1560 4421 1614 4476 ltoc
1632 4432 1677 4476 eat
1694 4462 1702 4477 .
1722 4462 1730 4477 .
1751 4463 1758 4476 .
1779 4463 1786 4476 .
1807 4442 1863 4477 no-

493 4500 566 4552 mina
587 4501 622 4556 V.
642 4503 679 4556 A.
697 4506 729 4557 P.
747 4528 784 4554 =
801 4507 833 4560 Β.
853 4507 889 4576 θ’)
908 4523 965 4559 uon
983 4509 1016 4560 B.
1037 4509 1073 4562 V.
1092 4509 1214 4564 A.=P.
1234 4514 1269 4581 θ’)
1290 4509 1412 4565 exhiberi
1432 4513 1468 4566 V.
1478 4511 1515 4564 A.
1534 4543 1568 4552 —
1586 4510 1689 4564 exiberi
1708 4513 1741 4566 B.
1762 4513 1800 4583 ⁹²)
1814 4513 1862 4566 De

491 4588 579 4642 forma
599 4628 715 4645 .....
735 4594 910 4648 tractavimus
929 4596 966 4650 V.
985 4595 1022 4648 A.
1041 4625 1078 4638 —-
1103 4597 1147 4648 Da
1167 4599 1352 4670 aupraacripla
1370 4599 1456 4652 forma
1483 4608 1614 4670 quautam
1632 4599 1700 4652 ratio
1721 4597 1865 4670 poscebat

492 4678 667 4731 tractavimus
684 4681 718 4732 B.
739 4682 776 4750 θ’)
796 4677 864 4732 haec
882 4681 1049 4736 nominativo
1068 4720 1185 4738 .....
1206 4687 1273 4740 ·Us·
1291 4689 1323 4739 Β.
1344 4687 1379 4742 V.
1398 4689 1430 4739 P.
1449 4709 1486 4736 =
1502 4687 1539 4739 A.
1558 4688 1594 4758 ⁹⁹)
1614 4687 1657 4741 Da
1677 4687 1756 4742 ·Utt·
1764 4725 1839 4740 .....
1854 4725 1865 4742 .

493 4767 675 4818 terminantur
692 4767 725 4821 Β.
747 4767 778 4822 V
776 4805 782 4818 .
801 4769 833 4822 P.
851 4791 888 4818 =
904 4768 942 4824 A.
964 4777 1011 4838 ¹⁹⁰)
1031 4767 1098 4824 haec
1116 4775 1149 4825 B.
1170 4775 1207 4828 V.
1225 4776 1262 4828 A.
1280 4797 1317 4825 =
1333 4777 1365 4828 P.

434 4866 463 4936 a)
494 4871 534 4922 ct.
553 4872 617 4924 Mar·
635 4869 670 4922 ad
689 4868 716 4923 li.
734 4869 754 4925 l.
774 4869 901 4928 observat
919 4875 948 4927 in
959 4877 1096 4931 Antonini
1112 4879 1158 4932 Pii
1176 4881 1213 4932 act
1225 4881 1392 4934 Frontonem
1404 4881 1530 4950 epistola,
1549 4896 1603 4931 nac
1619 4897 1676 4932 ucu
1695 4877 1770 4951 apud
1789 4877 1870 4934 alios

492 4965 618 5009 auctorat
640 4961 737 5032 Gyara
753 4977 842 5033 neque
862 4970 986 5033 aptatum
1005 4981 1106 5018 nomen
1124 4983 1194 5030 aare,
1213 4975 1242 5019 et
1259 4983 1372 5020 numero
1395 4969 1476 5020 etiam
1493 4965 1593 5038 plurali
1612 4967 1709 5020 efferri.
1730 4967 1867 5021 Formam

405 5059 408 5064 ·
494 5045 609 5113 Gyarae
633 5051 662 5096 et
687 5047 786 5117 Gyara
810 5056 839 5102 et
864 5053 975 5120 Gyarae
998 5035 1130 5106 habemur
1155 5053 1230 5125 apud
1253 5064 1379 5108 auctores
1399 5057 1469 5126 (Cic.
1492 5055 1530 5108 ad
1541 5057 1627 5110 Attia.
1646 5056 1681 5110 V.
1701 5061 1741 5115 tt.
1764 5057 1865 5112 Tacit.

492 5129 598 5184 Annal-
618 5129 669 5182 lll-
687 5135 730 5190 68-
749 5138 793 5194 69.
813 5135 860 5191 lv.
880 5143 923 5196 30.
944 5141 1037 5194 moen.
1054 5155 1106 5194 rat.
1125 5143 1147 5194 1.
1168 5148 1210 5201 73·
1229 5143 1264 5196 Χ.
1286 5148 1346 5201 170.
1364 5145 1435 5197 Ptin.
1456 5143 1489 5195 li.
1509 5142 1542 5196 N.
1560 5143 1637 5197 vm.
1652 5149 1696 5203 te.
1716 5143 1868 5203 ·tMNll.

385 5261 390 5269 .
491 5222 535 5275 82
555 5217 689 5272 Antonin.
701 5221 739 5274 ad
753 5223 847 5278 mou.
859 5225 923 5282 edit.
940 5227 1010 5282 Mai.
1030 5229 1052 5282 1.
1072 5247 1099 5302 p.
1120 5233 1158 5304 5.)
1177 5231 1291 5284 sormam
1307 5232 1402 5302 Gyara
1415 5249 1496 5287 acano
1506 5241 1614 5304 praeter
1628 5232 1868 5288 Nostrumuorit.
