4036 6068
587 524 1148 583 arcessasurrvon.
1301 525 1304 538 ⁴
1530 525 1603 596 m

146 679 175 740 ia
187 677 221 738 ·l·
238 687 444 740 convertant
455 685 488 740 et
503 673 618 739 ·'l¹US·
634 656 800 756 syllabam
817 673 1001 738 admittant
1014 667 1070 756 55),
1095 685 1129 736 et
1151 673 1201 738 sic
1224 670 1388 738 adverbia
1402 671 1539 748 iaciant,
1562 685 1601 738 ut

146 792 232 864 puta:
256 778 357 842 buic
371 779 534 853 divino,
551 777 618 842 div
629 778 779 842 initus.
798 776 867 840 Sed
882 779 978 852 haec,
990 797 1079 861 quae
1094 777 1163 842 sint
1177 778 1330 851 nomina,
1341 795 1484 861 quaecx
1495 775 1601 839 utris-

146 901 201 965 que
230 881 350 944 lormis
374 892 408 944 ct
429 873 473 964 55)
503 881 553 944 sie
584 879 748 944 adverbia
771 878 914 957 iaciant,
947 880 1100 944 insonis
1124 892 1362 966 competenter
1384 875 1599 942 docebimus.

216 987 288 1049 tto.
319 975 364 1065 57)
391 982 456 1046 DE
487 983 535 1048 ·1·.
568 982 819 1066 Quaecumque
848 982 1009 1058 nomina,
1038 982 1171 1046 scilicet
1199 981 1423 1068 appellativa,
1457 982 1600 1066 positivi

36 1083 38 1164 j
145 1085 274 1168 gradus,
299 1084 415 1148 dativo
431 1104 514 1149 casu
528 1084 566 1147 ·1·
579 1077 623 1164 55)
646 1083 759 1146 littera
774 1082 1005 1148 terminantur
1026 1098 1061 1149 et
1082 1077 1127 1168 55)
1151 1083 1338 1148 *adverbia
1360 1105 1405 1150 ex
1427 1107 1463 1150 se
1487 1057 1707 1168 lacerefglfgf'

36 1165 38 1250 Ϊ
145 1200 292 1272 possunt,
325 1189 411 1250 haec
438 1187 468 1250 si
489 1185 706 1250 nominativo
736 1205 817 1250 casu
839 1186 976 1248 numeri
998 1187 1131 1250 scilicet
1160 1187 1345 1271 singularis
1368 1207 1439 1252 nou
1462 1189 1516 1252 his
1538 1189 1600 1252 tri-

36 1365 38 1380 *
145 1289 197 1352 bus
218 1289 355 1366 formis,
379 1289 415 1354 id
438 1302 504 1366 est,
528 1287 639 1352 ·ANS·
662 1287 775 1352 ·ENS·
800 1287 929 1365 ·EllS·,
960 1289 1022 1352 sed
1043 1289 1120 1354 aliis
1143 1289 1356 1374 quibuslibet
1378 1291 1600 1368 deliniuntur,

36 1405 37 1410 ’
146 1391 314 1454 incedam
337 1391 455 1484 dativo
478 1411 560 1456 casu
582 1390 719 1453 numeri
741 1384 786 1473 ⁵⁰)
816 1390 949 1455 scilicet
972 1390 1156 1474 singularis
1180 1392 1296 1456 ·TElt·
1320 1391 1485 1473 syllabam
1509 1393 1602 1456 acci-

36 1505 38 1522 '
146 1493 233 1577 piunt
259 1505 294 1556 ct
320 1492 485 1558 adverbia
513 1513 575 1556 sua
597 1491 800 1569 ostendunt,
832 1505 871 1556 ut
900 1505 1000 1579 puta:
1032 1494 1130 1558 huic
1158 1494 1332 1578 gracili,
1362 1494 1600 1578 graciliter.

36 1597 37 1612 ¹
146 1595 193 1658 Sic
214 1608 248 1659 et
269 1594 337 1658 alia
357 1596 512 1672 nomina,
536 1595 668 1658 scilicet
691 1595 910 1680 appellativa,
934 1595 1076 1680 positivi
1099 1597 1243 1680 gradus,
1268 1617 1357 1682 quae
1379 1596 1497 1660 dativo
1520 1616 1602 1659 casu

145 1697 177 1759 ·1·
201 1697 317 1760 littera
344 1699 590 1770 terminantur.
618 1711 653 1761 et
683 1699 899 1762 nominativo
928 1717 1009 1760 casn
1038 1700 1174 1761 numeri
1194 1694 1238 1782 ⁵¹)
1261 1699 1395 1764 scilicet
1417 1697 1601 1783 singularis

147 1819 204 1862 nou
226 1799 350 1862 iisdem
378 1800 622 1884 suprascriptis
645 1795 689 1882 ⁵²)
718 1800 828 1864 tribus
851 1793 894 1882 55)
923 1798 1042 1863 formis
1070 1799 1282 1866 deliniuntur
1309 1814 1344 1866 et
1366 1799 1531 1866 adverbia
1553 1799 1603 1863 la-

36 1979 37 1982 ἳ
146 1921 210 1963 cere
231 1913 394 1985 possunt.
418 1900 500 1964 talia
522 1901 686 1966 adverbia
709 1922 754 1965 ex
776 1923 812 1966 se
836 1901 947 1965 lacere
969 1903 1252 1987 pronuntiantur.

216 2007 290 2069 ill.
316 2001 406 2066 Sanc
428 2004 496 2066 boc
518 2023 716 2080 monemus,
741 2003 837 2088 quod
858 2004 894 2068 in
917 2005 982 2066 bac
1005 2005 1238 2089 suprascripta
1261 2003 1372 2068 forma
1395 2004 1463 2070 sint
1485 2001 1602 2087 aliqua
1633 2071 1635 2076 ,

36 2161 38 2176 ι
146 2105 294 2182 nomina,
318 2125 407 2190 quae
430 2125 475 2167 cx
497 2105 696 2191 supradicto
718 2099 761 2188 55)
785 2125 867 2172 casu
896 2105 1128 2191 supradictam
1152 2106 1301 2170 litteram
1325 2118 1360 2168 ct
1381 2106 1418 2168 in
1441 2106 1493 2170 ·E·
1516 2123 1602 2190 cca-

36 2211 37 2218 ’
146 2219 277 2282 vertant,
308 2219 342 2270 et
367 2201 409 2288 ⁵⁵)
445 2207 494 2270 sic
518 2207 681 2271 adverbia
704 2207 848 2284 iaciant,
879 2219 918 2270 ut
947 2219 1030 2292 puta
1052 2199 1113 2291 ⁵⁶)=
1151 2208 1249 2270 bnic
1282 2206 1422 2284 taciti,
1458 2206 1601 2271 facile.

36 2317 37 2384 j
146 2305 203 2370 Sed
223 2310 309 2372 baec
327 2303 390 2391 57),
422 2329 511 2394 quae
534 2310 603 2373 sint
624 2311 783 2386 nomina,
812 2330 900 2394 quae
920 2304 964 2392 55)
994 2329 1039 2372 ex
1061 2322 1208 2396 utraque
1232 2309 1344 2374 forma
1365 2311 1415 2373 sic
1438 2307 1602 2373 adverbia

1610 2283 1643 2335 V.
1656 2281 1709 2346 aqi.

147 2407 260 2473 iaciant
277 2406 331 2494 55),
355 2412 508 2476 insonis
532 2423 771 2496 competenter
792 2408 995 2474 docebimus
1010 2404 1064 2492 5“).

217 2515 290 2576 tta.
313 2511 360 2576 bt
381 2533 465 2576 vero
488 2533 728 2598 quaecumque
751 2505 794 2594 51)
817 2513 971 2590 nomina,
995 2513 1129 2578 scilicet
1143 2513 1364 2599 appellativa,
1386 2512 1604 2576 nonsinativo

148 2631 215 2674 casu
235 2613 374 2678 numeri
397 2615 530 2679 scilicet
553 2615 737 2698 singularis
759 2615 813 2678 bis
836 2614 946 2679 tribus
969 2616 1213 2701 suprascriptis
1238 2615 1358 2680 termis
1380 2616 1604 2692 deliniuntur,

36 2787 37 2794 ἵ
147 2713 175 2776 id
194 2727 258 2792 est,
282 2715 395 2780 ·ANS·
419 2717 531 2782 ·ENS·
556 2716 667 2780 uns·
688 2707 732 2799 ⁶¹)
755 2728 789 2779 et
810 2715 974 2781 adverbia
998 2717 1111 2782 lacere
1132 2730 1293 2804 possunt,
1317 2718 1403 2782 baec
1419 2710 1463 2800 55)
1485 2717 1603 2780 dativo

146 2835 215 2878 casu
236 2819 373 2882 numeri
396 2819 581 2903 singularis
610 2818 768 2881 ultimam
796 2818 963 2900 syllabam
985 2822 1149 2886 amittunt
1171 2813 1216 2904 55)
1239 2832 1273 2884 et
1295 2819 1412 2885 ·TER·
1435 2816 1602 2900 syllabam

36 2949 38 2982 v
146 2918 316 3008 accipiunt·
331 2933 365 2984 et
386 2921 552 2984 adverbia
574 2941 635 2984 sua
657 2920 860 2995 ostendunt,
882 2933 921 2984 ut
943 2935 1043 3006 puta:
1067 2941 1228 2998 amans,
1258 2922 1439 2998 amanti,
1466 2938 1603 2984 amau-

36 3031 37 3042 *
146 3029 214 3095 ter;
239 3023 428 3108 sapiens,
458 3023 646 3108 sapienti
665 3015 727 3104 55),
759 3023 998 3107 sapientem
1023 3025 1159 3100 iners,
1181 3023 1333 3100 inerti,
1357 3023 1524 3086 inerter
1545 3013 1601 3104 55).

147 3119 195 3185 Sic
216 3137 248 3186 et
268 3124 338 3189 alia
359 3126 514 3200 nomina,
538 3125 671 3189 scilicet
693 3123 919 3212 appellativa,
949 3146 1038 3210 quae
1059 3127 1275 3190 nominativo
1307 3143 1389 3188 casu
1411 3121 1603 3210 suprascri-

37 3231 38 3240 ’
147 3224 204 3306 ptis
225 3227 334 3291 tribus
358 3226 479 3290 formis
502 3227 730 3303 deliniuntur,
753 3239 788 3290 et
809 3224 975 3292 adverbia
997 3226 1110 3292 iacere
1130 3239 1296 3314 possunt,
1319 3227 1402 3292 talia
1412 3219 1457 3310 57)
1479 3225 1603 3290 adver-

37 3347 38 3378 1
145 3323 194 3388 bia
214 3348 258 3390 ex
279 3350 316 3392 se
339 3329 451 3392 iacere
473 3330 755 3414 pronuntiantur.

37 3439 39 3506 ζ
219 3433 289 3496 713.
314 3430 565 3515 Quaecumque
593 3445 708 3495 autem
736 3431 880 3496 nomina
902 3430 1131 3516 comparativi
1153 3431 1281 3516 gradus
1313 3429 1477 3495 adverbia
1499 3449 1544 3494 ex
1566 3449 1603 3494 se

37 3605 39 3634 ἱ
148 3527 245 3594 lacere
266 3546 430 3618 possunt,
462 3534 548 3596 baec
570 3553 615 3597 ex
643 3535 759 3598 dativo
784 3553 865 3597 casu
886 3533 1024 3595 numeri
1046 3533 1178 3600 scilicet
1206 3533 1390 3618 singularis
1413 3531 1521 3597 ·0n1·
1545 3531 1603 3594 lit·

37 3641 39 3662 7
149 3641 225 3696 teras
245 3634 385 3698 ultimas
400 3628 445 3716 55)
467 3635 632 3724 omittunt
655 3649 688 3700 et
711 3635 792 3699 ·US·
815 3634 947 3697 litteras
969 3635 1145 3720 accipiunt
1163 3627 1209 3720 ⁶⁹)
1236 3649 1271 3700 ct
1293 3634 1456 3699 adverbia
1479 3653 1541 3697 sua
1558 3635 1603 3716 ⁷⁰)

38 3787 39 3796 ,
149 3735 339 3812 ostendunt.
367 3748 406 3800 ut
434 3749 533 3821 puta:
564 3738 667 3802 buic
688 3738 735 3820 71)
764 3736 977 3814 faciliori,
1007 3736 1195 3802 facilius.
1227 3737 1286 3802 Sic
1308 3751 1342 3800 et
1370 3737 1437 3800 alia
1459 3735 1603 3800 nomina

147 3839 363 3922 comparativi
390 3841 534 3923 gradus,
560 3861 648 3924 quae
676 3839 839 3906 adverbia
869 3859 914 3902 ex
936 3859 973 3904 se
996 3839 1106 3904 lacere
1129 3853 1286 3925 possunt.
1314 3859 1357 3903 ex
1381 3839 1498 3903 dativo
1522 3855 1603 3900 casu

38 3965 39 3968 ¹
148 3939 269 4002 numeri
292 3940 426 4004 scilicet
448 3941 631 4025 singularis
649 3943 899 4028 suprascriptas
911 3941 1043 4006 litteras
1060 3944 1225 4008 omittunt
1239 3955 1274 4008 et
1295 3941 1545 4028 suprascriptas
1558 3941 1603 4022 ⁷²)

149 4035 261 4104 formas
284 4042 462 4127 accipiunt
485 4057 519 4106 et
540 4043 705 4107 adverbia
728 4065 789 4108 aua
812 4043 1009 4110 ostendunt.

182 4225 215 4296 55)
232 4223 380 4281 admittant
397 4229 429 4282 B.
448 4259 484 4270 -
501 4229 640 4302 accipiant
659 4230 694 4286 V.
714 4231 745 4282 P.
765 4231 800 4299 55)
820 4237 849 4281 cl
866 4231 898 4282 Β.
917 4253 954 4280 .-
972 4229 1008 4283 V.
1028 4230 1060 4283 Ρ.
1080 4231 1116 4300 57)
1137 4231 1238 4285 Totum
1257 4232 1272 4302 §
1289 4255 1325 4282 =
1343 4233 1374 4284 P.
1405 4232 1442 4302 55)
1463 4231 1495 4283 ·Ι·
1513 4231 1546 4285 Β.
1568 4231 1604 4286 V.

238 4343 275 4358 ·-
292 4315 340 4368 Ὀ·
360 4317 390 4368 Ρ.
417 4317 452 4387 ⁴⁸)
473 4325 501 4369 et
519 4318 554 4371 V.
575 4319 606 4370 P.
625 4341 661 4368 .·=
679 4318 711 4371 Β.
739 4318 776 4388 55)
802 4318 909 4370 numeri
929 4318 964 4372 V.
983 4320 1015 4371 P.
1033 4349 1070 4361 -
1087 4320 1192 4372 nemori
1210 4320 1243 4372 B.
1270 4321 1310 4391 ⁵¹)
1338 4321 1443 4373 numeri
1463 4321 1500 4374 V.
1520 4320 1550 4372 P.
1569 4348 1606 4362 -

240 4404 345 4455 nometi
363 4404 396 4457 B.
416 4406 454 4476 ⁵¹)
472 4405 669 4477 suprascriptis
686 4407 719 4459 B.
740 4407 777 4462 V.
795 4434 832 4448 —
850 4403 1016 4476 supradictis
1034 4408 1071 4461 P.
1096 4409 1131 4478 55)
1153 4406 1242 4461 tribus
1260 4410 1292 4463 Β.
1311 4431 1348 4462 ==
1365 4409 1397 4462 P.
1424 4411 1460 4480 55)
1479 4403 1605 4479 supradi-

240 4499 285 4544 cto
306 4489 343 4546 V.
368 4493 398 4544 P.
417 4523 453 4538 -
472 4490 630 4565 supradicta
648 4495 681 4547 Β.
708 4495 744 4562 55)
771 4503 799 4546 et
817 4493 855 4548 V.
879 4494 910 4545 Ρ.
929 4515 966 4542 =
982 4494 1016 4546 Β.
1045 4495 1084 4566 55)
1113 4497 1185 4550 Saue
1202 4495 1257 4550 boc
1274 4513 1418 4550 monemus
1437 4533 1553 4549 .....
1574 4501 1605 4546 ut

239 4588 305 4650 puta
323 4579 357 4632 Β.
377 4579 413 4633 V.
426 4583 454 4634 P.
473 4604 510 4631 .·-..
527 4584 564 4635 A.
582 4583 617 4653 57)
636 4579 704 4634 baec
720 4582 754 4635 B.
775 4583 812 4636 V.
831 4603 868 4630 =
885 4580 921 4633 A.
942 4580 978 4652 55)
998 4600 1066 4654 quae
1083 4583 1117 4637 B.
1138 4583 1175 4639 V.
1193 4607 1230 4634 =
1246 4585 1283 4638 A.
1299 4586 1336 4654 ⁸⁹)
1355 4584 1459 4636 iaciant
1474 4583 1508 4636 Β.
1524 4582 1604 4637 V.--

237 4668 321 4721 iacist
339 4669 374 4720 A.
401 4669 439 4740 ⁶⁰)
459 4666 621 4721 docebimus
640 4671 672 4722 Β.
692 4669 728 4722 V.
743 4699 778 4710 -
798 4664 975 4721 tractabimus
993 4670 1030 4723 A.
1048 4699 1085 4714 -
1110 4672 1283 4724 tractavimus
1302 4671 1332 4724 P.
1359 4673 1396 4740 ⁸¹)
1416 4685 1603 4742 quaecumque

237 4756 269 4809 B.
296 4756 334 4810 V.
352 4785 389 4798 ·-
407 4771 586 4828 quaecuuque
605 4757 641 4810 A.
669 4760 706 4826 55)
734 4755 821 4809 ·ΑΝ5·
848 4753 939 4810 ἘΝὸ·
960 4755 1048 4809 ·EllS.
1067 4757 1102 4809 Β.
1125 4789 1161 4800 ·-
1181 4757 1268 4813 Mis·
1295 4755 1384 4811 ’Ells·
1404 4755 1492 4812 'Elis'
1513 4756 1549 4810 V·
1567 4785 1603 4800 ·-

239 4842 329 4898 uilis·
350 4842 437 4897 aas·
455 4842 545 4899 ‘ENS·
565 4845 646 4898 A.-
662 4845 728 4897 =All·
748 4842 838 4897 ·ENS·
859 4843 1015 4914 (=·AliS·)
1035 4846 1065 4897 P.
1085 4847 1123 4916 55)
1136 4841 1204 4897 lsasc
1223 4842 1406 4901 V.A.-·bse
1424 4846 1457 4898 Β.
1476 4843 1603 4914 ⁶⁸)smit·

186 4949 192 4958 ·
238 4941 300 4984 tunt
320 4931 357 4984 V.
376 4932 412 4985 A.
433 4963 468 4974 -·
486 4933 600 4984 mittunt
617 4933 650 4986 Β.
670 4934 707 5002 55)
726 4931 845 5004 sapienti
863 4932 894 4985 Β.
916 4932 951 4986 V.
972 4933 1003 4984 P.
1021 4963 1058 4974 -
1075 4933 1210 5004 sapientis
1229 4933 1264 4988 A.
1284 4934 1321 5004 55)
1335 4932 1603 4989 iners.....insrter

171 5015 175 5027 '
238 5021 269 5072 Β.
290 5019 327 5072 V.
348 5021 377 5072 P.
398 5041 435 5070 =
453 5020 488 5075 A.
508 5021 546 5090 57)
566 5019 630 5073 talia
648 5024 680 5075 B.
693 5023 769 5076 V.P.
789 5018 893 5073 —alia
912 5021 947 5075 A.
969 5021 1005 5092 55)
1025 5018 1134 5074 ultimas
1151 5021 1184 5074 Β.
1196 5021 1230 5076 V.
1243 5022 1276 5093 P.
1295 5043 1332 5071 =
1349 5023 1385 5075 A.
1404 5021 1443 5093 ⁸⁸)
1461 5019 1604 5093 accipiunt

236 5106 267 5160 Β.
287 5109 326 5163 V.
347 5137 382 5148 -
400 5108 538 5180 accipiant
555 5109 591 5162 A.
619 5111 656 5180 75)
675 5126 724 5161 sus
744 5109 779 5164 V.
798 5110 835 5165 A.
854 5131 890 5159 =
907 5109 940 5162 B.
967 5109 1006 5180 71)
1028 5105 1093 5161 buic
1110 5110 1142 5163 Β.
1164 5109 1199 5164 V.
1218 5131 1255 5160 =
1272 5110 1308 5164 A.
1340 5109 1379 5182 ⁷¹)
1398 5107 1506 5166 litteras
1515 5145 1594 5164 .....

238 5196 439 5267 suprascriptas
459 5197 495 5251 V.
515 5197 545 5252 P.
565 5225 600 5246 -ψ
617 5195 724 5258 litteras
743 5197 875 5253 omittunt
893 5201 941 5270 (ε
956 5201 1046 5270 reliq.)
1064 5199 1097 5255 B·
1116 5221 1152 5251 =
1170 5197 1206 5252 A.
1229 5204 1237 5214 ’
