4020 6068
559 527 706 586 aarum:
731 529 1062 588 chimericum
1079 529 1187 588 UBER
1207 533 1229 587 l.
1589 545 1630 610 ῃ

251 679 387 744 Eodem
403 675 510 742 modo
526 689 684 763 ternpore
699 676 827 755 lamro,
839 679 956 764 speeie
972 680 1195 765 promissiva:
1211 679 1370 759 amabo,
1394 681 1558 748 amabis
1574 681 1631 766 ⁷⁵),
1691 703 1695 708 ·

165 773 399 863 amabit7⁶),
424 793 458 844 et
473 779 669 866 pluraliter:
693 780 1198 859 amabimua,amabltis,
1216 782 1432 848 amabunt.

249 884 359 950 Modo
381 883 588 968 imperativo
607 895 765 968 tempore
785 884 959 969 praesenti
981 903 1128 948 numero
1151 885 1318 970 singulari
1335 885 1378 950 ad
1395 888 1581 951 secundam
1600 901 1634 951 et

164 990 301 1054 tertiam
318 1005 522 1073 personam:
546 1003 651 1078 ama,
667 998 797 1060 amet,
820 997 855 1050 et
876 985 1072 1070 pluraliter:
1089 1003 1460 1066 amemus,amats,
1484 1003 1633 1054 ament.

133 1163 135 1168 ,
247 1090 385 1154 Eodem
401 1087 508 1151 motlo
522 1098 680 1174 tempore
695 1087 812 1151 hrtnro
828 1088 965 1152 numeri
980 1087 1165 1172 singularis
1179 1088 1224 1152 ad
1238 1090 1423 1154 secundam
1446 1104 1481 1155 et
1497 1093 1632 1156 tertiam

163 1213 368 1282 personam:
396 1201 537 1254 amato
559 1202 621 1266 tu,
652 1201 796 1254 amato
820 1189 877 1255 vel
901 1203 1012 1254 amet
1033 1191 1129 1268 ille,
1153 1203 1188 1256 et
1203 1191 1402 1277 pluraliter:
1423 1213 1632 1272 amemus,

163 1308 367 1370 amatote,
388 1304 531 1356 ament
555 1291 611 1355 vol
632 1305 807 1356 amento
826 1293 884 1357 vel
909 1294 1125 1358 amantino
1146 1295 1187 1376 ·).

248 1395 360 1462 Modo
374 1396 531 1480 optativo
541 1405 698 1480 tempore
710 1397 884 1480 praesenti
899 1408 933 1460 ot
946 1397 1136 1481 praeterito
1147 1396 1360 1481 inperfecto:
1378 1398 1512 1460 utinam
1525 1417 1587 1461 am
1595 1417 1633 1460 a·

164 1519 263 1576 rem,
287 1518 476 1574 amares,
498 1509 680 1575 amaret,
704 1509 739 1562 et
759 1497 966 1584 pluraliter:
994 1499 1131 1562 utinam
1152 1510 1408 1574 amaremus,
1430 1500 1633 1564 amaretis

166 1613 379 1667 amarent.

248 1703 386 1768 Eodem
401 1699 509 1764 modo
523 1712 680 1786 tempore
696 1701 884 1786 praeterito
898 1699 1073 1786 perfeeto:
1094 1703 1229 1766 utinam
1248 1705 1504 1780 amaverim,
1525 1725 1633 1768 ama·

166 1807 306 1882 veris,
334 1804 570 1896 amaverit,
598 1815 634 1868 et
654 1803 851 1890 pluraliter:
874 1804 1007 1868 utinam
1031 1806 1342 1898 amaverimus,
1364 1807 1632 1881 amaveritis,

170 1907 423 1973 amaverint.

252 2010 387 2075 Eodem
417 2007 522 2094 modo
544 2018 701 2092 tempore
717 2007 906 2093 praeterito
921 2007 1282 2094 plusquamperfecto:
1302 2009 1436 2072 utinam
1456 2014 1634 2076 amavis-

172 2133 273 2190 sem,
304 2111 565 2188 amavisses,
589 2109 849 2187 amavisset,
881 2122 916 2182 et
930 2109 1130 2196 pluraliter:
1156 2111 1289 2174 utinam
1316 2113 1632 2189 amavissemus,

170 2213 466 2290 amavissetis,
489 2212 763 2276 amavissent.
857 2215 861 2222 '
1561 2291 1562 2299 ἵ

249 2317 385 2380 Eodem
402 2315 508 2380 modo
521 2327 678 2400 tempore
696 2313 828 2377 futuro:
851 2314 986 2376 utinam
1006 2331 1157 2391 amem,
1179 2332 1307 2416 ames,
1324 2327 1449 2392 amet,
1467 2327 1502 2378 et
1514 2315 1633 2402 plura·

172 2419 299 2482 taliter:
322 2417 458 2482 utinam
485 2435 693 2492 amemus,
716 2416 887 2492 ametis,
911 2426 1082 2479 ament..

250 2521 359 2585 Modo
381 2519 620 2595 subiunctivo,
636 2515 654 2550 ⁴
675 2517 786 2603 quiet
808 2517 1050 2582 ooniunmivna
1071 2528 1238 2593 vocatur,
1259 2529 1417 2604 tempore
1439 2521 1743 2605 praesenti:r„,s,‚

172 2643 244 2686 eum
260 2642 411 2697 amem,
427 2641 553 2696 ames,
569 2633 691 2696 amet,
706 2632 741 2683 et
754 2619 951 2706 pluraliter:
973 2639 1052 2683 cum
1069 2639 1274 2696 amemus,
1290 2621 1636 2698 ametis,arnent.

249 2725 385 2788 Eodem
402 2721 508 2786 modo
524 2735 682 2807 tempore
702 2723 891 2806 praeterito
909 2721 1122 2808 inperfecto:
1137 2740 1217 2784 oum
1235 2741 1446 2802 amarem,
1462 2743 1635 2798 amares,

173 2839 344 2903 amaret,
366 2838 401 2890 et
415 2824 615 2911 pluraliter:
631 2843 983 2900 emmeramus,
1007 2824 1237 2899 amaretis,
1260 2837 1466 2890 amarent.

249 2930 386 2994 Eodem
402 2927 508 2990 modo
524 2939 682 3010 tempore
695 2929 884 3012 praeterito
905 2927 1078 3012 perlecto:
1098 2947 1178 2990 oum
1195 2927 1441 3001 amaverim,
1465 2945 1527 2988 am
1538 2947 1587 2989 av
1599 2949 1635 2989 e-

173 3028 1635 3114 ris,amaverit,etplnraliterzonmamaverimus,amaveritis,amaverint.
1665 3033 1671 3044 “

252 3134 388 3197 Eodem
418 3131 524 3194 modo
550 3143 708 3215 tempore
733 3133 922 3215 praeterito
946 3130 1310 3218 plusquamperfecto:
1340 3150 1420 3194 oum
1451 3132 1637 3194 amavis-

172 3257 274 3312 sem,
295 3233 809 3310 amavisses,amavisset,
828 3235 1071 3322 etpluraliter:
1087 3251 1166 3298 oum
1180 3234 1505 3311 amavissemus,
1529 3253 1638 3300 ama-

172 3343 374 3414 vissetis,
398 3339 680 3403 amavissent.

251 3446 386 3510 Eodem
406 3443 513 3506 modo
534 3453 692 3528 tempore
716 3441 832 3505 futuro
854 3441 970 3527 apeme
985 3440 1167 3503 ulteriori:
1189 3459 1268 3502 oum
1292 3459 1506 3517 amavero,
1529 3459 1639 3503 ama-

171 3549 303 3624 veris,
332 3545 565 3624 amavsrit,
596 3557 630 3610 ot
656 3544 860 3631 pluraliter:
896 3563 975 3608 cnm
1004 3542 1311 3619 amaverimus,
1354 3545 1636 3620 amaveritis,

170 3651 432 3716 amaverint.

250 3755 362 3820 Modo
378 3751 513 3816 infinito
532 3750 685 3814 numeris
700 3751 859 3836 personis
872 3749 1025 3828 incertis,
1043 3761 1201 3834 tempore
1215 3749 1389 3832 praesenti
1407 3761 1440 3812 et
1451 3753 1638 3834 praeterito

172 3859 378 3945 inperfecto:
394 3873 544 3921 amare.
562 3852 754 3920 Praeterito
766 3853 1125 3941 plusquamperfecto:
1147 3856 1362 3918 amavisse
1384 3855 1439 3916 vel
1462 3874 1638 3919 amasse.

170 3959 300 4025 Futuro
331 3965 387 4044 ⁷⁷):
423 3971 613 4025 amatum
637 3959 701 4022 ire
732 3958 787 4023 vel
808 3968 1056 4022 amaturum
1083 3960 1182 4024 isse.

253 4063 444 4152 Partioipia
471 4067 655 4130 trahuntur
692 4085 713 4128 a
738 4063 848 4127 verbo
882 4062 995 4125 activo
1023 4063 1218 4146 praesentis
1248 4060 1417 4145 temporis
1449 4075 1483 4126 et
1512 4063 1640 4137 futuri,

169 4185 249 4228 nam
273 4167 316 4229 de
338 4170 526 4252 praeterito
543 4181 700 4254 tempore
723 4167 854 4233 locutio
880 4169 937 4240 lit,
964 4176 1003 4226 ut
1024 4165 1096 4229 hic
1122 4167 1187 4252 qui
1205 4167 1376 4232 amavit.

163 4287 165 4292 ’
252 4266 449 4336 Praesentis
465 4273 632 4360 temporis
655 4272 840 4358 partieipia
853 4267 893 4352 ⁷⁸)
906 4291 1052 4336 numero
1074 4271 1240 4355 singulari
1262 4273 1461 4334 communia
1480 4282 1558 4335 sunt
1581 4289 1641 4353 ge-

168 4371 261 4434 neris
280 4374 393 4438 omnis
415 4375 516 4459 ⁶),ut
537 4380 595 4442 hio
617 4380 749 4440 ethaeo
770 4387 804 4438 et
824 4379 892 4441 hoo
910 4395 1061 4440 amans.
1085 4374 1131 4438 Hi
1147 4385 1180 4436 et
1195 4375 1259 4438 hae
1278 4387 1487 4450 amantes,
1509 4387 1543 4437 et
1557 4375 1642 4438 haec

170 4477 372 4540 amantia.
392 4478 515 4545 Futuri
534 4481 672 4546 numeri
688 4480 889 4565 singularis:
912 4479 971 4542 hie
986 4488 1223 4552 amaturus,
1237 4479 1322 4540 haec
1342 4488 1550 4552 amatura,
1574 4479 1642 4540 hoo

173 4592 386 4658 amaturum,
405 4594 440 4646 et
461 4583 659 4670 pluraliter:
683 4585 720 4648 hi
748 4581 951 4660 amaturi,
980 4583 1045 4645 hae
1069 4590 1297 4656 amaturae,
1326 4580 1413 4642 haec
1442 4591 1641 4643 amatura.

170 4770 333 4784 ’,ἢ

206 4882 245 4955 ⁷⁵)
273 4881 376 4938 mahts
389 4917 426 4928 -
438 4887 538 4943 amaria
555 4889 622 4946 coa
638 4887 676 4962 l⁸)
695 4883 799 4942 amabit
814 4917 850 4930 -
863 4884 963 4939 amarit
982 4885 1050 4938 coa.
1069 4883 1108 4956 ll)
1126 4881 1218 4934 tunso
1232 4915 1268 4925 —
1282 4882 1367 4938 futuri
1385 4882 1456 4937 osa.
1473 4883 1510 4954 θ’)
1528 4883 1642 4954 partiei-

278 4973 324 5044 pia
341 5005 378 5016 -
393 4977 508 5046 partioia
532 4979 599 5032 eod.

212 5064 241 5120 al
262 5062 424 5126 Amarar'ro,
444 5063 479 5116 ad
505 5051 654 5118 secundam
672 5081 818 5137 personam
837 5061 908 5116 refer
925 5061 1039 5114 sormam
1061 5078 1076 5111 e
1108 5060 1278 5133 passivorum
1292 5059 1453 5132 imperativo
1471 5057 1644 5120 translatam,

284 5150 403 5214 nemini,
420 5159 531 5223 praetor
547 5161 672 5209 nostrum
691 5153 837 5225 cognitam.
863 5153 891 5220 l)
910 5147 1096 5207 scribendum
1116 5150 1228 5206 inisset:
1248 5165 1361 5203 numero
1380 5146 1511 5222 singulari
1536 5149 1643 5221 generis

282 5239 369 5293 emnia
388 5249 471 5304 sunt,
485 5239 583 5314 plurali
603 5243 765 5299 communis.
