4042 6070
455 495 609 552 mcenrr
633 496 780 554 sarton
807 499 999 556 omnnar.
1026 477 1298 562 risonnnruu
1550 509 1619 578 tot
1682 485 1686 496 ’

143 643 254 709 ·BUs·
281 640 412 728 syllaba
440 645 604 710 finientur
622 657 661 709 ut
690 647 759 710 his
790 659 825 710 et
854 648 903 712 ab
932 649 1001 712 liis
1026 651 1290 735 parietibus,
1321 651 1497 731 diebus,
1526 673 1619 739 spe-

115 747 305 812 ·ciebns.

231 855 301 915 170.
314 849 414 934 Quae
426 851 462 912 in
471 850 508 912 ·l·
517 863 646 914 exeunt
654 850 805 915 ablativo
816 871 896 916 casu
904 851 1082 936 singulari,
1091 855 1177 917 haec
1187 858 1348 938 genetivo
1360 877 1440 920 casu
1450 858 1619 940 singulari
1630 871 1727 926 cussa

146 951 220 1028 ·ts·,
237 951 366 1037 plurali
383 953 505 1028 ·lUM·,
517 966 551 1034 et
567 954 763 1016 accusativo
773 954 847 1028 ·lS·,
859 955 974 1018 dativo
984 975 1067 1018 vero
1082 968 1116 1018 et
1131 955 1281 1019 ablativo
1293 957 1536 1023 ·BUS·litteris
1549 973 1619 1023 ter-

145 1053 381 1130 minabuntur,
400 1055 496 1118 velut
518 1055 569 1119 ab
593 1057 678 1118 hoc
700 1067 733 1118 et
756 1056 804 1120 ab
827 1057 905 1120 hac
925 1059 968 1138 ²')
997 1057 1152 1134 docili,
1183 1059 1306 1121 huius
1337 1059 1516 1138 docilis,
1546 1063 1618 1124 ho-

145 1177 236 1219 rum
261 1169 296 1219 et
318 1159 471 1220 harum
495 1156 726 1234 docilium,
751 1161 826 1221 hos
851 1170 884 1221 et
906 1161 982 1222 has
1006 1159 1174 1234 docilis,
1199 1159 1247 1222 ab
1272 1161 1335 1222 his
1359 1161 1590 1226 docilibus.

233 1258 438 1342 lll.*Quae
448 1259 484 1320 in
494 1257 551 1323 ·0·
562 1272 691 1322 exeunt
700 1258 850 1322 ablativo
865 1281 946 1324 casu
954 1261 1131 1345 singulari,
1142 1264 1227 1325 haec
1235 1263 1572 1347 genetivosingularr
1582 1284 1618 1325 rn
1627 1271 1729 1376 {pona

145 1360 181 1422 ·l·
195 1359 349 1424 litteram
373 1374 511 1436 exeunt,
536 1361 662 1446 plurali
683 1382 766 1425 vero
789 1361 846 1426 Ὀ·
871 1350 1175 1426 litteram'servant
1189 1377 1224 1426 et
1237 1364 1363 1427 ·RUM·
1383 1365 1547 1446 syllabam
1564 1386 1619 1428 re·
1668 1347 1728 1381 '¹²⁰'

144 1463 299 1548 cipiunt,
332 1463 425 1526 velut
454 1462 507 1525 ab
536 1465 618 1526 hoc
642 1465 789 1538 docto,
821 1459 1009 1548 huius²⁸)
1030 1467 1170 1542 docti,
1199 1467 1347 1530 horum
1371 1468 1618 1545 doctorum,

144 1566 314 1648 magni,
338 1585 507 1648 magno,
532 1585 784 1650 magnorum.

232 1671 304 1732 172.
317 1666 416 1749 Quae
428 1665 528 1730 in·0·
540 1682 669 1730 exeum
683 1665 834 1730 ablativo
850 1687 930 1730 casu
945 1668 1124 1752 singulari,
1135 1671 1220 1732 haec
1237 1661 1400 1754 genetivo
1410 1691 1491 1736 casu
1502 1673 1622 1756 singu-
1632 1695 1726 1748 cano

144 1770 208 1832 lari
226 1769 443 1858 'US·litteris
457 1771 697 1845 terminantur,
714 1769 841 1854 plurali
855 1781 969 1832 autern
986 1771 1039 1832 ·U·
1051 1771 1262 1854 geminatam
1276 1773 1425 1836 litteram
1435 1775 1622 1858 recipiunt,

144 1871 240 1934 velut
263 1871 314 1934 ab
344 1873 427 1946 hoc
455 1871 613 1948 fluctu,
644 1872 772 1934 huius
804 1870 990 1949 fluctus,
1020 1875 1172 1936 horum
1203 1871 1435 1950 fluctuum:
1470 1888 1623 1960 portu,

144 1984 318 2058 portus,
351 1987 570 2060 portuum:
600 1974 717 2036 dativo
741 1984 776 2037 et
797 1972 948 2036 ablativo
971 1975 1007 2037 in
1032 1972 1142 2038 ·BUs·
1164 1987 1202 2037 ut
1224 1975 1290 2038 his
1315 1989 1356 2039 et
1377 1976 1428 2041 ab
1451 1978 1519 2040 his
1542 1975 1624 2038 llu-

147 2073 307 2148 ctibus,
332 2075 558 2160 portubus.
1624 2153 1627 2160 ,

211 2179 282 2242 1ἵ3.
296 2177 925 2262 Quaemonoptotapernecessitatem
935 2175 1086 2240 ablativo
1098 2197 1179 2240 casu
1189 2176 1249 2240 ·Μ·
1258 2177 1369 2240 aut·S·
1379 2177 1621 2252 terminantur,
1633 2187 1731 2238 elme.

149 2279 231 2340 haec
252 2277 382 2364 plurali
403 2297 545 2364 quoque
565 2291 603 2341 nt
623 2291 828 2364 monoptota
843 2278 1125 2364 perseverabunt,
1149 2291 1188 2341 ut
1211 2279 1257 2342 ab
1281 2281 1358 2342 hoc
1380 2299 1567 2364 nequam
1588 2291 1624 2342 et

150 2377 196 2442 ab
218 2381 303 2443 hoc
325 2400 474 2464 nugas,
499 2393 532 2443 et
554 2379 604 2442 ab
626 2381 693 2442 his
716 2401 917 2464 nequam,
943 2393 976 2444 et
999 2379 1048 2442 ab
1071 2382 1139 2443 his
1162 2389 1320 2464 nugas..

235 2483 307 2546 trt.
326 2481 457 2544 Omnia
472 2483 615 2546 nomina
629 2482 829 2545 inanimalia
842 2501 984 2544 romana
1001 2483 1173 2567 simplicia
1186 2482 1285 2545 uls·
1300 2481 1429 2563 syllaba
1442 2481 1681 2548 terminatech.
1697 2497 1735 2562 78.

153 2583 332 2646 masculini
348 2585 485 2667 generis
505 2597 595 2658 sunt,
618 2596 657 2646 ut
679 2585 827 2659 amnis,
853 2583 971 2660 linis,
995 2585 1131 2670 panis,
1157 2585 1278 2656 cinis,
1303 2583 1436 2658 lunis,
1468 2585 1625 2667 quamvis

153 2683 325 2769 Vergilius
353 2687 483 2749 linem
507 2686 699 2749 masculino
718 2698 751 2747 et
767 2685 934 2747 feminino
953 2705 1080 2768 genere
1096 2686 1196 2762 dixit,
1219 2686 1413 2750 masculino
1434 2697 1473 2746 ut
1494 2684 1628 2746 ——llic

155 2785 252 2849 linis
275 2787 506 2869 landi·)-
530 2801 628 2851 et-
650 2807 769 2871 quem
794 2787 864 2849 das
889 2787 1020 2850 linem
1043 2808 1119 2849 rex
1142 2807 1288 2870 magne
1311 2787 1512 2850 laborum
1531 2784 1564 2867 l)
1584 2819 1629 2836 -
1737 2809 1745 2818 ·

156 2887 319 2952 lerninino
343 2902 383 2952 ut
412 2925 455 2943 -
473 2891 587 2954 llaec
617 2889 724 2954 linis
752 2888 917 2952 Priami
946 2883 1237 2971 latorum'⁶)-
1268 2901 1367 2952 et-
1388 2907 1496 2973 quae
1520 2885 1626 2948 linis

157 2989 356 3072 standi‘).

494 3199 559 3264 DE
592 3197 831 3268 GRADIBUS
855 3195 1286 3262 CONPARATIONUM.

239 3366 312 3428 175.
322 3361 389 3426 Hic
400 3381 539 3446 quoque
549 3362 591 3425 dc
602 3361 764 3446 gradibus
777 3361 931 3424 dicamus
943 3361 1239 3444 conparationum.
1260 3359 1386 3442 Sunt‘)
1398 3359 1537 3423 ordines
1547 3357 1628 3432 duo,
1639 3377 1684 3428 ch.
1699 3379 1737 3440 ⁸7·

155 3464 326 3526 sccundus
350 3477 384 3528 et
407 3464 545 3540 tertius,
570 3465 771 3528 dividuntur
795 3471 914 3524 autem
935 3463 1063 3544 singuli
1077 3463 1113 3524 in
1130 3474 1198 3526 tres
1213 3463 1349 3546 gradus.
1374 3461 1419 3523 Et
1430 3473 1480 3522 est
1495 3460 1628 3545 primus
1803 3463 1805 3470 ’

154 3563 331 3630 absolutus
354 3564 507 3650 qucum
527 3566 744 3650 primitivum
769 3565 934 3626 dixerunt
950 3565 1011 3646 π9),
1037 3563 1206 3626 secundus
1228 3562 1484 3648 conparativus,
1507 3562 1629 3624 tertius

155 3656 397 3751 superlativus,
422 3681 455 3730 et
469 3667 689 3730 declinantur
705 3669 771 3730 hoc
790 3665 905 3728 modo.

241 3768 394 3832 Secundi
410 3769 542 3832 ordinis
556 3769 798 3843 mascnlinum,
823 3766 995 3842 doctus,
1019 3765 1204 3841 doctior,
1228 3765 1529 3836 doctissimus;
1551 3759 1630 3846 plu·

153 3867 235 3932 rali:
257 3870 398 3944 docti,
422 3870 664 3946 doctiores,
689 3868 943 3932 doctissimi.

241 3969 482 4034 Femininum:
507 3972 645 4048 docta,
669 3959 864 4046 do'ctior,
889 3969 1165 4044 doctissima;
1188 3965 1330 4054 plurali:
1363 3965 1533 4040 doctae,
1563 3963 1631 4032 do·

154 4072 333 4148 otiores,
358 4071 651 4138 doctissimae.

242 4173 367 4236 Neutri
385 4177 538 4258 generis:
563 4177 745 4252 doctum,
770 4173 953 4248 doctius,
978 4170 1297 4245 doctissimum;
1319 4167 1465 4255 plurali:
1491 4168 1630 4243 docta,

149 4273 383 4352 doctiora,
407 4277 672 4340 doctissima.

244 4375 498 4440 Aduerbialiter
522 4376 666 4452 docte,
699 4376 951 4461 comparative:
985 4372 1176 4450 doctius,
1208 4372 1436 4458 superlative:
1466 4369 1631 4433 doctis-

146 4479 277 4542 sime.
304 4477 523 4565 Appellatio:
548 4482 655 4543 haec
678 4479 893 4543 doctrina.

196 4790 240 4858 ⁵⁷)
262 4785 312 4841 ltac
327 4821 364 4833 -
382 4809 416 4843 ac
435 4792 502 4844 cod
524 4793 558 4864 ¹⁸)
578 4789 659 4844 huius
677 4788 802 4844 -huus
823 4791 891 4844 cod.
919 4791 955 4860 ³⁹)
975 4785 1104 4840 dixerunt
1124 4785 1191 4838 cod.
1209 4803 1242 4834 aa
1256 4801 1306 4836 em.
1325 4801 1367 4852 pr.
1386 4799 1422 4836 m.
1441 4809 1478 4824 -
1496 4777 1634 4832 dixerunt

271 4878 337 4931 cod.
356 4900 374 4932 a
391 4899 435 4950 pr.
456 4899 490 4933 m.

188 4981 226 5052 a)
259 4981 333 5052 Virg.
355 4984 422 5036 Aen.
434 4977 474 5038 X.
495 4989 554 5044 116.
576 4987 603 5054 b)
622 4985 689 5054 Virg
717 4987 783 5036 Aen.
803 4983 825 5034 1.
846 4986 906 5039 241.
926 4983 952 5050 e)
971 4978 1048 5048 Virg.
1068 4977 1133 5027 Aen.
1152 4974 1189 5026 11.
1209 4978 1270 5033 5521.
1290 4975 1319 5042 d)
1338 4973 1414 5043 Virg.
1435 4975 1501 5024 Aen.
1520 4971 1554 5024 V.
1571 4977 1632 5032 384.

270 5074 297 5136 e)
317 5072 398 5134 Sunt,
418 5071 597 5124 scribendum
610 5071 732 5127 ridetur:
755 5073 998 5143 Comparationum
1016 5078 1080 5120 sunt
1098 5063 1164 5118 vid.
1179 5059 1284 5116 Charis.
1303 5061 1322 5114 l.
1334 5079 1357 5114 c.
1364 5067 1405 5133 s)
1423 5077 1634 5134 quem-quem

272 5163 299 5208 et
318 5155 424 5212 charis.
444 5159 462 5211 l.
484 5177 508 5212 c.
1537 5165 1540 5170 “
