4036 6068
388 545 456 620 affl
842 533 1400 594 rsosrsssnruosz

390 695 482 754 ctus
504 707 637 764 esses,
667 705 746 752 cum
778 686 864 752 etsi
891 686 1046 751 doetus'
1070 695 1199 760 esset3
1230 683 1366 746 numeri
1394 681 1538 769 pluralis
1564 683 1622 766 ¹²):
1642 699 1738 747 'eum
1765 692 1801 747 et
1831 684 1864 746 si

388 789 507 856 docti
535 808 736 866 essemus,
765 807 845 851 eum
872 799 908 852 et
935 789 964 852 si
992 787 1108 852 docti
1131 785 1299 861 essetis,
1331 803 1411 848 cum
1434 798 1469 849 et
1497 785 1527 848 si
1554 783 1674 849 docti
1702 797 1861 848 esseut.

472 889 518 954 Et
546 889 712 956 ulteriore
741 889 1082 977 plusquamperfecta
1111 887 1183 950 sive
1211 885 1429 954 recordativa
1457 885 1514 950 vel
1542 898 1675 950 exacta
1712 885 1863 950 Numeri

386 991 587 1078 singularis:
616 1011 695 1056 cum
718 991 773 1054 vel
802 993 831 1055 ai
859 993 1011 1056 doctus
1034 990 1225 1064 fuissem,
1256 1007 1335 1052 cum
1365 986 1421 1052 vel
1449 989 1480 1052 si
1508 987 1660 1053 doctus
1684 987 1859 1064 fuisses,

386 1113 467 1158 cum
503 1093 559 1158 tel
594 1093 624 1157 si
661 1092 813 1156 doctus
846 1092 1013 1166 fuisset;
1047 1090 1185 1154 numeri
1214 1088 1358 1174 pluralis
1386 1083 1444 1174 ¹³)s
1482 1109 1561 1154 oum
1591 1089 1705 1154 vel'si
1742 1089 1861 1152 docti

386 1193 638 1270 fuissemus,
667 1213 747 1258 cum
775 1193 831 1258 sel
860 1195 890 1258 si
918 1194 1032 1260 docti
1056 1192 1266 1266 fuissetis,
1288 1189 1368 1255 'cum
1392 1191 1449 1254 sel
1471 1191 1500 1254 si
1523 1190 1641 1256 docti
1660 1190 1859 1255 fuissent.

470 1296 605 1361 Eodem
623 1295 740 1373 modo,
762 1306 921 1382 tempore
937 1294 1064 1359 futuro.
1087 1294 1233 1356 Numeri
1247 1292 1447 1377 singularis:
1472 1313 1551 1357 cum
1573 1292 1629 1356 rel
1651 1295 1681 1358 si
1703 1292 1859 1357 doctus

386 1419 473 1473 ero,
503 1419 581 1463 cum
607 1395 667 1462 'vel
690 1398 720 1461 si
745 1397 897 1462 doctus
928 1397 1029 1472 eris,
1061 1415 1140 1459 cum
1168 1394 1224 1458 vel
1252 1395 1282 1459 si
1304 1394 1455 1460 doctus
1484 1395 1585 1472 erit;
1617 1395 1755 1458 numeri
1776 1392 1860 1480 plu·

386 1499 467 1565 ralia
500 1493 556 1584 '⁴):
588 1520 668 1564 oum
698 1499 755 1564 vel
784 1501 814 1564 si
846 1499 965 1564 docti
992 1497 1166 1574 erimus,
1201 1515 1281 1560 cnm
1309 1495 1416 1561 selsi
1444 1497 1564 1562 docti
1594 1497 1735 1572 eritis,
1775 1515 1856 1559 cum

384 1601 442 1668 vel
462 1603 492 1666 si
520 1601 638 1668 docti
661 1601 776 1666 erint
796 1595 847 1686 ¹⁵).

467 1705 516 1769 Et
544 1702 708 1769 ulteriore
738 1701 864 1768 futuro.
896 1701 1044 1766 Numeri
1065 1700 1264 1785 singularis:
1295 1720 1375 1766 cum
1396 1700 1455 1765 vel
1476 1701 1506 1766 si
1534 1700 1685 1766 doctus
1714 1699 1855 1774 fuero,

385 1825 464 1870 cum
494 1805 550 1870 vel
579 1805 608 1872 si
643 1804 797 1869 doctus
829 1804 979 1879 fueris,
1012 1823 1091 1867 cum
1114 1802 1170 1867 vel
1198 1803 1229 1866 si
1256 1802 1411 1866 doctus
1439 1801 1587 1879 fuerit;
1616 1801 1753 1866 numeri
1774 1801 1858 1887 plu-

383 1906 467 1972 ralis
495 1900 553 1990 '⁶·):
586 1927 665 1970 cum
701 1905 758 1970 vel
793 1907 822 1970 si
852 1905 971 1972 docti
1002 1904 1219 1981 fuerimus,
1256 1925 1335 1970 oum
1371 1903 1427 1970 vel
1457 1904 1487 1968 si
1518 1903 1635 1969 docti
1659 1901 1852 1978 fueritis,

382 2029 463 2074 cum
492 2008 547 2073 vel
575 2009 606 2072 si
632 2008 750 2073 docti
773 2007 946 2072 fuerint.

466 2112 540 2178 776.
573 2109 664 2175 sans
694 2111 763 2174 hoc
794 2127 990 2184 monemus,
1021 2107 1117 2194 quod
1139 2107 1275 2192 generis
1296 2107 1437 2194 passivi,
1460 2108 1532 2172 aive
1555 2108 1773 2194 deponentis,
1796 2105 1855 2170 vel

382 2213 589 2289 communis,
620 2211 726 2276 verba
751 2213 792 2294 Ι7)
815 2211 957 2274 modum
980 2209 1249 2296 inpersoualem,
1271 2210 1327 2274 vel
1349 2210 1509 2294 gerundi,
1532 2211 1604 2274 sive
1627 2229 1767 2283 nomeu,
1795 2207 1854 2272 vel

380 2313 650 2401 appellationum
671 2307 721 2397 ¹⁸),
744 2312 790 2377 ad
813 2311 958 2377 formam
981 2313 1119 2395 generis
1140 2311 1255 2387 activi,
1280 2313 1352 2376 sive
1367 2311 1533 2376 neutralis
1553 2315 1604 2394 Ψ),
1626 2311 1683 2374 rel
1705 2311 1851 2375 inchoa-

380 2417 455 2494 tiri,
478 2435 637 2480 necnon
660 2427 694 2480 et
716 2413 970 2500 frequentativi,
995 2412 1214 2497 reperiuntur
1235 2413 1421 2479 declinare.

466 2516 643 2602 Tempora
667 2516 934 2602 participiorum
963 2509 1216 2579 trabuntur'ab
1245 2516 1313 2582 boo
1339 2515 1447 2580 verbo
1469 2515 1608 2602 passivo
1631 2515 1716 2582 duo:
1748 2537 1852 2603 prae-

381 2619 539 2693 teritum,
563 2617 731 2693 doctum
755 2617 927 2692 futurum,
950 2616 1179 2680 docendus.

466 2723 538 2787 777.
562 2719 665 2782 Nunc
682 2719 784 2782 etiam
802 2720 869 2782 hoc
885 2737 1086 2794 monemus,
1110 2717 1205 2802 quod
1219 2737 1266 2782 ex
1283 2717 1434 2783 secunda
1452 2719 1698 2804 coniugatione
1716 2739 1788 2783 non
1805 2721 1851 2802 ¹⁹)

273 2781 304 2835 γ’
318 2783 422 2886 ²⁹⁸eo
445 2821 588 2908 plurimi
611 2820 704 2894 soni,
727 2821 795 2884 boc
818 2829 886 2896 est,
909 2837 981 2884 nou
1000 2824 1042 2903 Ἰ)
1064 2840 1106 2885 eo
1128 2819 1279 2906 plurima
1300 2819 1406 2885 verba
1426 2821 1562 2906 possint
1584 2822 1754 2888 exhiberi.

465 2926 538 2989 778.
569 2921 816 2988 Declinatio
847 2921 987 2986 activa
1011 2922 1167 2986 tertiae
1198 2924 1524 3008 coniugationis
1547 2936 1774 3010 correptae
1793 2925 1848 3005 ²¹).

380 3023 553 3092 scultro
571 3017 626 3107 ²³),
638 3023 785 3088 verbum
799 3023 961 3100 activum,
972 3023 1161 3088 indicativo
1172 3025 1244 3088 sive
1260 3025 1521 3111 pronuntiativo
1537 3026 1643 3090 modo
1652 3027 1784 3090 dictum
1794 3019 1847 3107 ²⁴),

378 3127 546 3213 temporis
568 3125 760 3212 praesentis
781 3127 852 3190 sive
875 3127 1034 3190 instantis
1057 3121 1112 3209 ²⁵),
1136 3127 1272 3191 uumeri
1295 3128 1490 3212 singularis,
1513 3127 1643 3213 figurae
1666 3126 1845 3214 simplicis,

377 3247 548 3316 personae
575 3229 726 3315 primae,
754 3229 1011 3312 coniugationis
1038 3229 1159 3292 tertiae
1182 3242 1379 3314 correptae,
1408 3230 1504 3314 quod
1526 3229 1759 3294 declinabitur
1779 3229 1847 3292 sic:

463 3329 573 3394 Modo
603 3328 793 3394 indicativo
821 3331 893 3395 sive
915 3331 1194 3417 pronuntiative,
1224 3341 1381 3416 tempore
1403 3331 1576 3416 praesenti
1599 3333 1671 3396 sive
1694 3331 1846 3396 instanti.

377 3431 525 3496 Numeri
548 3430 747 3516 singularia:
771 3431 925 3508 scribo,
949 3431 1118 3510 scribis,
1142 3431 1314 3509 scribit;
1337 3435 1474 3498 numeri
1496 3434 1640 3520 pluralis
1659 3427 1719 3518 ¹⁶)=
1741 3433 1848 3498 scri·

376 3533 531 3608 bimus,
553 3531 766 3609 scribitis,
789 3532 996 3598 scribunt.

461 3635 596 3700 Eodem
619 3635 725 3700 ruodo
741 3637 795 3718 ²²),
819 3649 976 3722 tempore
998 3637 1197 3722 praeterito,
1221 3637 1337 3722 specis
1358 3635 1548 3723 inperfecta
1570 3638 1643 3702 sive
1664 3631 1708 3722 ²⁸)
1730 3637 1848 3708 miuus

377 3757 483 3824 quam
505 3736 659 3822 perfecta
679 3737 736 3800 vel
755 3741 798 3821 ²⁹)
821 3737 1029 3802 inchoativa.
1057 3738 1204 3802 Numeri
1232 3739 1432 3822 singularis:
1462 3739 1717 3816 scribebam,
1741 3739 1848 3803 scri—

377 3839 520 3914 bebas,
550 3837 784 3914 scribebat;
811 3839 948 3903 numeri
975 3838 1119 3925 pluralis
1142 3833 1197 3925 ³⁰)=
1228 3839 1535 3920 scribebamus,
1565 3839 1845 3919 scribebatis,

378 3937 637 4006 scribebant.
1526 4001 1530 4010 ,

462 4039 597 4104 Eodem
620 4041 738 4119 morlo,
761 4040 885 4106 eodem
907 4056 1076 4130 tempore,
1099 4044 1215 4130 specie
1237 4045 1390 4132 perfecta
1411 4045 1485 4110 sive
1507 4045 1674 4110 absoluta.
1696 4044 1847 4108 Numeri

377 4141 578 4227 singularias
602 4144 760 4229 scripsi
779 4139 837 4227 ³¹),
860 4145 1094 4230 scripsisti,
1119 4147 1313 4232 scripsit;
1335 4148 1473 4212 numeri
1494 4148 1637 4236 pluralis
1654 4143 1711 4231 ³’):
1739 4147 1829 4212 scri

376 4244 554 4330 psimus,
577 4245 836 4331 scripsistis,
859 4247 1130 4334 scripserunt
1153 4249 1207 4314 vel
1230 4249 1441 4338 acribscre
1461 4243 1516 4333 ³³).

421 4438 456 4508 ”)
483 4431 589 4486 numeri
611 4427 727 4503 pluralis
745 4433 783 4490 V.
801 4433 837 4488 A.
858 4461 891 4474 -
918 4441 946 4486 et
963 4431 1061 4506 plural.
1079 4435 1112 4487 B.
1141 4436 1176 4508 ¹¹)
1196 4435 1302 4488 numeri
1319 4431 1433 4508 pluralis
1454 4435 1491 4490 V.
1509 4436 1546 4488 A.
1564 4457 1602 4485 =
1618 4437 1651 4488 B.
1681 4436 1715 4506 ¹⁴)
1734 4433 1848 4492 numeri

479 4517 594 4592 pluralis
613 4521 651 4576 V.
671 4521 708 4575 A.
727 4549 763 4563 -
782 4528 810 4574 et
827 4518 926 4593 plural.
945 4523 977 4574 B.
999 4523 1033 4592 ¹⁵)
1054 4522 1126 4574 erint
1142 4526 1181 4575 sic
1198 4522 1231 4575 Β.
1251 4522 1288 4577 V.
1308 4524 1344 4576 A.
1367 4522 1402 4594 ¹⁸)
1417 4523 1521 4575 numeri
1539 4521 1653 4594 pluralis
1672 4521 1845 4577 V.A.=1t.

482 4610 519 4680 ¹⁷)
548 4604 631 4660 rerba
655 4607 688 4662 B.
710 4607 745 4662 V.
764 4608 796 4662 P.
815 4631 852 4658 =
868 4608 904 4662 A.
935 4608 971 4681 ¹¹)
996 4608 1054 4662 sive
1079 4625 1179 4662 nomeu
1203 4607 1245 4663 rel
1264 4607 1476 4682 appellationem
1496 4610 1532 4665 V.
1556 4611 1593 4664 A.
1612 4635 1648 4660 =
1666 4611 1699 4664 B.
1728 4615 1763 4680 ¹⁹>
1782 4610 1845 4661 sisa

478 4692 611 4750 umtsab's
636 4695 669 4748 B.
688 4694 724 4750 A.
743 4719 780 4746 =
799 4697 834 4754 V.
863 4701 898 4763 ¹⁸)
924 4713 980 4748 rton
1001 4696 1038 4752 V.
1057 4697 1093 4750 A.
1112 4719 1148 4748 =
1165 4697 1198 4750 B.
1226 4701 1264 4772 ”)
1283 4714 1338 4752 nou
1357 4698 1393 4753 V.
1409 4699 1440 4752 1².
1459 4721 1496 4746 =
1512 4698 1545 4752 B.
1564 4697 1602 4752 A.
1626 4701 1662 4769 ¹¹)
1682 4687 1846 4750 Declinatio

479 4791 733 4854 ..·.corraptse
752 4785 784 4838 B.
805 4783 840 4840 V.
859 4785 891 4838 Ρ.
909 4807 946 4834 =
970 4784 1007 4838 A.
1035 4783 1071 4854 ¹¹)
1091 4780 1184 4837 scribo
1202 4786 1235 4839 B.
1254 4785 1290 4839 A.
1309 4815 1346 4830 -
1369 4783 1477 4838 scribor
1497 4787 1531 4840 V.
1550 4788 1711 4858 sphalmate.
1740 4785 1776 4856 ¹⁴)
1797 4781 1847 4836 ‹ti-

478 4882 554 4927 oturu
571 4871 604 4924 B.
625 4870 662 4926 V.
681 4873 712 4924 1².
731 4891 767 4924 =
785 4872 820 4925 A.
846 4873 884 4945 ¹⁸)
903 4871 1032 4926 instantis
1051 4872 1083 4925 B.
1103 4871 1139 4928 V.
1159 4875 1190 4926 P.
1208 4903 1244 4916 -
1261 4873 1390 4927 instantis
1410 4860 1515 4926 dictum
1534 4875 1571 4930 A.
1599 4876 1635 4945 ¹⁸)
1653 4872 1759 4924 numeri
1776 4868 1847 4942 plu·

478 4955 542 5010 ralis
562 4958 600 5013 V.
618 4959 654 5011 A.
672 4981 709 5007 =
727 4959 760 5016 Β.
787 4962 824 5034 ’7)
843 4957 926 5013 modo
945 4961 977 5014 B.
997 4961 1034 5015 V.
1052 4983 1088 5009 =
1105 4961 1143 5014 A.
1169 4961 1206 5034 ¹⁸)
1224 4961 1282 5013 sive
1300 4961 1332 5014 Β.
1354 4961 1390 5016 V.
1411 4961 1441 5015 Ρ.
1460 4963 1556 5016 -rel
1576 4962 1613 5016 A.
1640 4965 1676 5034 ¹⁹)
1695 4955 1738 5016 rel
1757 4959 1847 5014 V.P.

476 5043 588 5099 -sire
606 5045 641 5098 A.
661 5069 698 5096 =
715 5047 747 5100 Β.
769 5047 806 5119 ⁸⁰>
825 5047 931 5100 numeri
949 5044 1063 5118 pluralis
1084 5048 1119 5102 V.
1139 5049 1220 5103 A.=
1237 5049 1270 5103 B.
1290 5051 1326 5120 ¹¹)
1345 5047 1445 5122 scripsi
1464 5048 1501 5105 V.
1519 5049 1556 5105 A.
1575 5052 1608 5104 B.
1628 5069 1662 5103 ex
1679 5067 1729 5102 em.
1742 5067 1788 5119 pr.
1802 5065 1846 5104 ss.

476 5161 512 5172 -
529 5127 629 5182 scribsi
647 5133 679 5185 B.
700 5153 717 5184 a
734 5152 777 5204 pr.
798 5151 833 5186 m.
852 5139 935 5188 etsie
953 5141 1035 5188 suam
1053 5140 1081 5190 irs
1100 5139 1211 5212 reliquis
1227 5143 1358 5210 personis.
1378 5137 1415 5208 ³²)
1425 5137 1529 5190 numeri
1545 5135 1658 5210 pluralis
1668 5137 1704 5194 V·
1713 5135 1846 5190 A.=B.

478 5215 514 5287 ¹³)
534 5211 669 5270 scribsere
689 5218 720 5272 B.
740 5249 773 5260 -
793 5219 929 5292 scripsere
948 5221 985 5276 V.
1004 5223 1039 5275 A.
