<?xml version="1.0" encoding="UTF-8"?>
<!DOCTYPE html PUBLIC "-//W3C//DTD XHTML 1.0 Transitional//EN"
    "http://www.w3.org/TR/xhtml1/DTD/xhtml1-transitional.dtd">
<html xmlns="http://www.w3.org/1999/xhtml" xml:lang="en" lang="en">
 <head>
  <title>
</title>
<meta http-equiv="Content-Type" content="text/html;charset=utf-8" />
  <meta name='ocr-system' content='tesseract 3.04.00' />
  <meta name='ocr-capabilities' content='ocr_page ocr_carea ocr_par ocr_line ocrx_word'/>
</head>
<body>
  <div class='ocr_page' id='page_1' title='image "./analectagrammat00eichgoog_0521.png"; bbox 0 0 4050 6064; ppageno 0'>
   <div class='ocr_carea' id='block_1_1' title="bbox 390 548 1504 628">
    <p class='ocr_par' dir='ltr' id='par_1_1' title="bbox 390 548 1504 628">
     <span class='ocr_line' id='line_1_1' title="bbox 390 548 1504 628; baseline -0.005 -18"><span class='ocrx_word' id='word_1_1' title='bbox 390 557 458 628; x_wconf 65' lang='lat' dir='ltr'><strong>m</strong></span> <span class='ocrx_word' id='word_1_2' title='bbox 749 548 1504 609; x_wconf 74' lang='lat' dir='ltr'><strong>SERVIUSDEFINALIBUS.</strong></span> 
     </span>
    </p>
   </div>
   <div class='ocr_carea' id='block_1_2' title="bbox 341 689 1868 2920">
    <p class='ocr_par' dir='ltr' id='par_1_2' title="bbox 390 689 1868 989">
     <span class='ocr_line' id='line_1_2' title="bbox 391 689 1868 792; baseline -0.001 -28"><span class='ocrx_word' id='word_1_3' title='bbox 391 712 446 764; x_wconf 83' lang='lat' dir='ltr'><strong>cet</strong></span> <span class='ocrx_word' id='word_1_4' title='bbox 468 700 505 762; x_wconf 93' lang='lat' dir='ltr'><strong>iu</strong></span> <span class='ocrx_word' id='word_1_5' title='bbox 527 697 713 784; x_wconf 72' lang='lat' dir='ltr'><strong>aliquantis</strong></span> <span class='ocrx_word' id='word_1_6' title='bbox 736 699 804 762; x_wconf 92' lang='lat' dir='ltr'><strong>boc</strong></span> <span class='ocrx_word' id='word_1_7' title='bbox 827 697 941 775; x_wconf 78' lang='lat' dir='ltr'><strong>lallat3</strong></span> <span class='ocrx_word' id='word_1_8' title='bbox 971 717 1052 762; x_wconf 88' lang='lat' dir='ltr'><strong>uam</strong></span> <span class='ocrx_word' id='word_1_9' title='bbox 1083 717 1163 762; x_wconf 89' lang='lat' dir='ltr'><strong>cum</strong></span> <span class='ocrx_word' id='word_1_10' title='bbox 1194 697 1349 792; x_wconf 77' lang='lat' dir='ltr'><strong>decimus</strong></span> <span class='ocrx_word' id='word_1_11' title='bbox 1371 695 1554 774; x_wconf 87' lang='lat' dir='ltr'><strong>nubere,</strong></span> <span class='ocrx_word' id='word_1_12' title='bbox 1585 695 1674 762; x_wconf 68' lang='lat' dir='ltr'><strong>nu·</strong></span> <span class='ocrx_word' id='word_1_13' title='bbox 1696 697 1805 783; x_wconf 82' lang='lat' dir='ltr'><strong>longa</strong></span> <span class='ocrx_word' id='word_1_14' title='bbox 1824 689 1868 782; x_wconf 85' lang='grc'><strong>”)</strong></span> 
     </span>
     <span class='ocr_line' id='line_1_3' title="bbox 390 793 1867 886; baseline -0.003 -20"><span class='ocrx_word' id='word_1_15' title='bbox 390 813 459 877; x_wconf 86' lang='lat' dir='ltr'><strong>est,</strong></span> <span class='ocrx_word' id='word_1_16' title='bbox 491 801 575 862; x_wconf 89' lang='lat' dir='ltr'><strong>item</strong></span> <span class='ocrx_word' id='word_1_17' title='bbox 599 821 679 866; x_wconf 90' lang='lat' dir='ltr'><strong>curn</strong></span> <span class='ocrx_word' id='word_1_18' title='bbox 702 799 850 864; x_wconf 76' lang='lat' dir='ltr'><strong>dicimus</strong></span> <span class='ocrx_word' id='word_1_19' title='bbox 878 799 1045 864; x_wconf 88' lang='lat' dir='ltr'><strong>innuba</strong></span> <span class='ocrx_word' id='word_1_20' title='bbox 1066 811 1126 864; x_wconf 84' lang='lat' dir='ltr'><strong>aut</strong></span> <span class='ocrx_word' id='word_1_21' title='bbox 1141 793 1183 882; x_wconf 77' lang='lat'><strong>³⁴)</strong></span> <span class='ocrx_word' id='word_1_22' title='bbox 1214 797 1431 886; x_wconf 88' lang='lat' dir='ltr'><strong>pronuba,</strong></span> <span class='ocrx_word' id='word_1_23' title='bbox 1454 799 1493 862; x_wconf 85' lang='lat' dir='ltr'><strong>iit</strong></span> <span class='ocrx_word' id='word_1_24' title='bbox 1513 797 1631 864; x_wconf 88' lang='lat' dir='ltr'><strong>brevia</strong></span> <span class='ocrx_word' id='word_1_25' title='bbox 1654 799 1742 862; x_wconf 86' lang='lat' dir='ltr'><strong>·NU·</strong></span> <span class='ocrx_word' id='word_1_26' title='bbox 1760 794 1803 884; x_wconf 82' lang='lat'><strong>&#39;⁵)</strong></span> <span class='ocrx_word' id='word_1_27' title='bbox 1828 800 1867 862; x_wconf 93' lang='lat' dir='ltr'><strong>iu</strong></span> 
     </span>
     <span class='ocr_line' id='line_1_4' title="bbox 390 893 1553 989; baseline -0.003 -23"><span class='ocrx_word' id='word_1_28' title='bbox 390 903 654 989; x_wconf 74' lang='lat' dir='ltr'><strong>compositione.</strong></span> <span class='ocrx_word' id='word_1_29' title='bbox 679 899 749 966; x_wconf 82' lang='lat' dir='ltr'><strong>Sed</strong></span> <span class='ocrx_word' id='word_1_30' title='bbox 771 902 839 966; x_wconf 90' lang='lat' dir='ltr'><strong>hoc</strong></span> <span class='ocrx_word' id='word_1_31' title='bbox 862 902 1011 966; x_wconf 82' lang='lat' dir='ltr'><strong>inveniri</strong></span> <span class='ocrx_word' id='word_1_32' title='bbox 1029 893 1072 985; x_wconf 78' lang='lat'><strong>²⁶)</strong></span> <span class='ocrx_word' id='word_1_33' title='bbox 1095 921 1174 966; x_wconf 88' lang='lat' dir='ltr'><strong>raro</strong></span> <span class='ocrx_word' id='word_1_34' title='bbox 1198 900 1371 985; x_wconf 84' lang='lat' dir='ltr'><strong>contingit</strong></span> <span class='ocrx_word' id='word_1_35' title='bbox 1389 901 1443 984; x_wconf 87' lang='lat'><strong>¹⁷).</strong></span> <span class='ocrx_word' id='word_1_36' title='bbox 1551 919 1553 923; x_wconf 90' lang='lat'>·</span> 
     </span>
    </p>

    <p class='ocr_par' dir='ltr' id='par_1_3' title="bbox 341 997 1864 2920">
     <span class='ocr_line' id='line_1_5' title="bbox 474 997 1864 1089; baseline -0.001 -21"><span class='ocrx_word' id='word_1_37' title='bbox 474 1007 504 1068; x_wconf 81' lang='grc'><strong>4.</strong></span> <span class='ocrx_word' id='word_1_38' title='bbox 521 1003 727 1080; x_wconf 81' lang='lat' dir='ltr'><strong>Positioeat,</strong></span> <span class='ocrx_word' id='word_1_39' title='bbox 751 1023 830 1068; x_wconf 90' lang='lat' dir='ltr'><strong>cum</strong></span> <span class='ocrx_word' id='word_1_40' title='bbox 847 997 891 1086; x_wconf 80' lang='lat'><strong>¹⁸)</strong></span> <span class='ocrx_word' id='word_1_41' title='bbox 913 1003 1109 1089; x_wconf 83' lang='lat' dir='ltr'><strong>corieptam</strong></span> <span class='ocrx_word' id='word_1_42' title='bbox 1125 1002 1283 1067; x_wconf 83' lang='lat' dir='ltr'><strong>vocalem</strong></span> <span class='ocrx_word' id='word_1_43' title='bbox 1307 1015 1366 1066; x_wconf 87' lang='lat' dir='ltr'><strong>aut</strong></span> <span class='ocrx_word' id='word_1_44' title='bbox 1380 1004 1425 1086; x_wconf 77' lang='lat'><strong>²⁹)</strong></span> <span class='ocrx_word' id='word_1_45' title='bbox 1449 1001 1538 1066; x_wconf 86' lang='lat' dir='ltr'><strong>duae</strong></span> <span class='ocrx_word' id='word_1_46' title='bbox 1560 1015 1791 1067; x_wconf 82' lang='lat' dir='ltr'><strong>conaouautea</strong></span> <span class='ocrx_word' id='word_1_47' title='bbox 1807 1021 1864 1066; x_wconf 88' lang='lat' dir='ltr'><strong>ee-</strong></span> 
     </span>
     <span class='ocr_line' id='line_1_6' title="bbox 389 1095 1864 1191; baseline 0 -23"><span class='ocrx_word' id='word_1_48' title='bbox 389 1117 543 1191; x_wconf 72' lang='lat' dir='ltr'><strong>quurtur</strong></span> <span class='ocrx_word' id='word_1_49' title='bbox 561 1100 620 1188; x_wconf 83' lang='lat'><strong>³⁰),</strong></span> <span class='ocrx_word' id='word_1_50' title='bbox 642 1117 682 1168; x_wconf 90' lang='lat' dir='ltr'><strong>ut</strong></span> <span class='ocrx_word' id='word_1_51' title='bbox 703 1125 816 1169; x_wconf 90' lang='lat' dir='ltr'><strong>arma</strong></span> <span class='ocrx_word' id='word_1_52' title='bbox 832 1095 891 1188; x_wconf 82' lang='grc'><strong>’·);</strong></span> <span class='ocrx_word' id='word_1_53' title='bbox 914 1118 973 1169; x_wconf 90' lang='lat' dir='ltr'><strong>aut</strong></span> <span class='ocrx_word' id='word_1_54' title='bbox 994 1124 1065 1173; x_wconf 79' lang='lat' dir='ltr'><strong>ruua</strong></span> <span class='ocrx_word' id='word_1_55' title='bbox 1087 1105 1228 1189; x_wconf 77' lang='lat' dir='ltr'><strong>quaerit</strong></span> <span class='ocrx_word' id='word_1_56' title='bbox 1251 1102 1401 1189; x_wconf 81' lang='lat' dir='ltr'>duplex,</span> <span class='ocrx_word' id='word_1_57' title='bbox 1430 1116 1470 1169; x_wconf 91' lang='lat' dir='ltr'><strong>ut</strong></span> <span class='ocrx_word' id='word_1_58' title='bbox 1491 1104 1589 1167; x_wconf 84' lang='lat' dir='ltr'><strong>axia</strong></span> <span class='ocrx_word' id='word_1_59' title='bbox 1618 1103 1675 1168; x_wconf 84' lang='lat' dir='ltr'><strong>vel</strong></span> <span class='ocrx_word' id='word_1_60' title='bbox 1696 1103 1864 1168; x_wconf 77' lang='lat' dir='ltr'><strong>Mezen-</strong></span> 
     </span>
     <span class='ocr_line' id='line_1_7' title="bbox 388 1201 1864 1290; baseline 0.001 -20"><span class='ocrx_word' id='word_1_61' title='bbox 388 1209 474 1271; x_wconf 85' lang='lat' dir='ltr'><strong>tiua</strong></span> <span class='ocrx_word' id='word_1_62' title='bbox 492 1201 534 1290; x_wconf 82' lang='lat'><strong>³¹)</strong></span> <span class='ocrx_word' id='word_1_63' title='bbox 561 1206 618 1271; x_wconf 88' lang='lat' dir='ltr'><strong>vel</strong></span> <span class='ocrx_word' id='word_1_64' title='bbox 653 1207 811 1282; x_wconf 88' lang='lat' dir='ltr'><strong>maior;</strong></span> <span class='ocrx_word' id='word_1_65' title='bbox 840 1219 898 1270; x_wconf 88' lang='lat' dir='ltr'><strong>aut</strong></span> <span class='ocrx_word' id='word_1_66' title='bbox 928 1207 1036 1270; x_wconf 87' lang='lat' dir='ltr'><strong>altera</strong></span> <span class='ocrx_word' id='word_1_67' title='bbox 1066 1225 1261 1270; x_wconf 80' lang='lat' dir='ltr'><strong>consonans</strong></span> <span class='ocrx_word' id='word_1_68' title='bbox 1284 1219 1319 1270; x_wconf 85' lang='lat' dir='ltr'><strong>et</strong></span> <span class='ocrx_word' id='word_1_69' title='bbox 1349 1205 1456 1270; x_wconf 85' lang='lat' dir='ltr'><strong>altera</strong></span> <span class='ocrx_word' id='word_1_70' title='bbox 1477 1205 1609 1270; x_wconf 83' lang='lat' dir='ltr'><strong>vocalia</strong></span> <span class='ocrx_word' id='word_1_71' title='bbox 1632 1205 1713 1270; x_wconf 91' lang='lat' dir='ltr'><strong>loco</strong></span> <span class='ocrx_word' id='word_1_72' title='bbox 1736 1225 1864 1271; x_wconf 82' lang='lat' dir='ltr'><strong>coneo·</strong></span> 
     </span>
     <span class='ocr_line' id='line_1_8' title="bbox 387 1295 1864 1394; baseline 0.001 -23"><span class='ocrx_word' id='word_1_73' title='bbox 387 1309 502 1374; x_wconf 83' lang='lat' dir='ltr'><strong>nautia</strong></span> <span class='ocrx_word' id='word_1_74' title='bbox 524 1309 653 1394; x_wconf 76' lang='lat' dir='ltr'><strong>posita3</strong></span> <span class='ocrx_word' id='word_1_75' title='bbox 675 1320 730 1384; x_wconf 87' lang='lat' dir='ltr'><strong>ut,</strong></span> <span class='ocrx_word' id='word_1_76' title='bbox 754 1321 796 1372; x_wconf 90' lang='lat' dir='ltr'><strong>at</strong></span> <span class='ocrx_word' id='word_1_77' title='bbox 818 1309 920 1372; x_wconf 90' lang='lat' dir='ltr'><strong>luno</strong></span> <span class='ocrx_word' id='word_1_78' title='bbox 944 1320 978 1372; x_wconf 92' lang='lat' dir='ltr'><strong>et</strong></span> <span class='ocrx_word' id='word_1_79' title='bbox 995 1300 1038 1390; x_wconf 92' lang='grc'><strong>”)</strong></span> <span class='ocrx_word' id='word_1_80' title='bbox 1062 1319 1104 1372; x_wconf 89' lang='lat' dir='ltr'><strong>at</strong></span> <span class='ocrx_word' id='word_1_81' title='bbox 1125 1307 1284 1373; x_wconf 84' lang='lat' dir='ltr'><strong>chua.</strong></span> <span class='ocrx_word' id='word_1_82' title='bbox 1313 1307 1447 1372; x_wconf 85' lang='lat' dir='ltr'><strong>Verum</strong></span> <span class='ocrx_word' id='word_1_83' title='bbox 1470 1309 1500 1370; x_wconf 83' lang='lat' dir='ltr'><strong>ai</strong></span> <span class='ocrx_word' id='word_1_84' title='bbox 1523 1295 1701 1392; x_wconf 81' lang='lat' dir='ltr'><strong>quaelibet</strong></span> <span class='ocrx_word' id='word_1_85' title='bbox 1715 1299 1759 1389; x_wconf 71' lang='lat'><strong>³⁵)</strong></span> <span class='ocrx_word' id='word_1_86' title='bbox 1781 1328 1864 1394; x_wconf 86' lang='lat' dir='ltr'><strong>pare</strong></span> 
     </span>
     <span class='ocr_line' id='line_1_9' title="bbox 387 1401 1862 1496; baseline -0.003 -20"><span class='ocrx_word' id='word_1_87' title='bbox 387 1412 554 1476; x_wconf 82' lang='lat' dir='ltr'><strong>orationis</strong></span> <span class='ocrx_word' id='word_1_88' title='bbox 576 1409 893 1496; x_wconf 83' lang='lat' dir='ltr'><strong>praepositionibus</strong></span> <span class='ocrx_word' id='word_1_89' title='bbox 914 1403 957 1492; x_wconf 84' lang='lat'><strong>³⁵)</strong></span> <span class='ocrx_word' id='word_1_90' title='bbox 979 1422 1211 1495; x_wconf 81' lang='lat' dir='ltr'><strong>componatur</strong></span> <span class='ocrx_word' id='word_1_91' title='bbox 1232 1401 1296 1494; x_wconf 82' lang='lat'><strong>³⁶),</strong></span> <span class='ocrx_word' id='word_1_92' title='bbox 1327 1429 1373 1472; x_wconf 85' lang='lat' dir='ltr'><strong>ex</strong></span> <span class='ocrx_word' id='word_1_93' title='bbox 1395 1410 1449 1472; x_wconf 81' lang='lat' dir='ltr'><strong>bis</strong></span> <span class='ocrx_word' id='word_1_94' title='bbox 1472 1409 1605 1496; x_wconf 80' lang='lat' dir='ltr'><strong>primas</strong></span> <span class='ocrx_word' id='word_1_95' title='bbox 1628 1407 1776 1490; x_wconf 80' lang='lat' dir='ltr'><strong>syllabae</strong></span> <span class='ocrx_word' id='word_1_96' title='bbox 1799 1429 1862 1472; x_wconf 92' lang='lat' dir='ltr'><strong>co-</strong></span> 
     </span>
     <span class='ocr_line' id='line_1_10' title="bbox 384 1508 1862 1596; baseline 0 -22"><span class='ocrx_word' id='word_1_97' title='bbox 384 1513 596 1596; x_wconf 76' lang='lat' dir='ltr'><strong>gnoscimus.</strong></span> <span class='ocrx_word' id='word_1_98' title='bbox 624 1512 715 1574; x_wconf 86' lang='lat' dir='ltr'><strong>Nam</strong></span> <span class='ocrx_word' id='word_1_99' title='bbox 745 1511 823 1576; x_wconf 86' lang='lat' dir='ltr'><strong>talia</strong></span> <span class='ocrx_word' id='word_1_100' title='bbox 850 1510 1006 1575; x_wconf 86' lang='lat' dir='ltr'><strong>manebit</strong></span> <span class='ocrx_word' id='word_1_101' title='bbox 1035 1510 1105 1574; x_wconf 85' lang='lat' dir='ltr'><strong>lare</strong></span> <span class='ocrx_word' id='word_1_102' title='bbox 1135 1511 1249 1574; x_wconf 83' lang='lat' dir='ltr'><strong>omnia</strong></span> <span class='ocrx_word' id='word_1_103' title='bbox 1279 1511 1474 1595; x_wconf 77' lang='lat' dir='ltr'><strong>compotita</strong></span> <span class='ocrx_word' id='word_1_104' title='bbox 1503 1508 1652 1591; x_wconf 77' lang='lat' dir='ltr'><strong>syllaba,</strong></span> <span class='ocrx_word' id='word_1_105' title='bbox 1683 1509 1797 1594; x_wconf 90' lang='lat' dir='ltr'><strong>qualia</strong></span> <span class='ocrx_word' id='word_1_106' title='bbox 1826 1525 1862 1574; x_wconf 87' lang='lat' dir='ltr'><strong>et</strong></span> 
     </span>
     <span class='ocr_line' id='line_1_11' title="bbox 384 1605 1859 1700; baseline 0 -24"><span class='ocrx_word' id='word_1_107' title='bbox 384 1615 460 1700; x_wconf 88' lang='lat' dir='ltr'><strong>ipaa</strong></span> <span class='ocrx_word' id='word_1_108' title='bbox 478 1607 520 1696; x_wconf 87' lang='lat'><strong>³⁷)</strong></span> <span class='ocrx_word' id='word_1_109' title='bbox 541 1613 757 1698; x_wconf 80' lang='lat' dir='ltr'><strong>praepoeiu&#39;n</strong></span> <span class='ocrx_word' id='word_1_110' title='bbox 780 1611 897 1690; x_wconf 82' lang='lat' dir='ltr'><strong>luerit,</strong></span> <span class='ocrx_word' id='word_1_111' title='bbox 916 1627 956 1676; x_wconf 74' lang='lat' dir='ltr'><strong>nt</strong></span> <span class='ocrx_word' id='word_1_112' title='bbox 981 1614 1165 1697; x_wconf 84' lang='lat' dir='ltr'><strong>iaeptua.</strong></span> <span class='ocrx_word' id='word_1_113' title='bbox 1187 1611 1280 1678; x_wconf 62' lang='lat' dir='ltr'><strong>lte!</strong></span> <span class='ocrx_word' id='word_1_114' title='bbox 1298 1631 1346 1676; x_wconf 82' lang='lat' dir='ltr'><strong>ex</strong></span> <span class='ocrx_word' id='word_1_115' title='bbox 1359 1611 1444 1697; x_wconf 83' lang='lat' dir='ltr'><strong>ipaia</strong></span> <span class='ocrx_word' id='word_1_116' title='bbox 1461 1605 1508 1694; x_wconf 80' lang='lat'><strong>³⁸)</strong></span> <span class='ocrx_word' id='word_1_117' title='bbox 1525 1611 1859 1697; x_wconf 69' lang='lat' dir='ltr'><strong>praeponier-tam,</strong></span> 
     </span>
     <span class='ocr_line' id='line_1_12' title="bbox 383 1706 1861 1799; baseline -0.001 -21"><span class='ocrx_word' id='word_1_118' title='bbox 383 1715 454 1792; x_wconf 86' lang='lat' dir='ltr'><strong>ad,</strong></span> <span class='ocrx_word' id='word_1_119' title='bbox 478 1728 512 1778; x_wconf 87' lang='lat' dir='ltr'><strong>et</strong></span> <span class='ocrx_word' id='word_1_120' title='bbox 534 1713 606 1790; x_wconf 81' lang='lat' dir='ltr'><strong>ob,</strong></span> <span class='ocrx_word' id='word_1_121' title='bbox 628 1727 662 1778; x_wconf 81' lang='lat' dir='ltr'><strong>et</strong></span> <span class='ocrx_word' id='word_1_122' title='bbox 685 1715 728 1776; x_wconf 91' lang='lat' dir='ltr'><strong>in</strong></span> <span class='ocrx_word' id='word_1_123' title='bbox 747 1707 789 1797; x_wconf 80' lang='lat'><strong>³⁹)</strong></span> <span class='ocrx_word' id='word_1_124' title='bbox 813 1726 848 1777; x_wconf 86' lang='lat' dir='ltr'><strong>et</strong></span> <span class='ocrx_word' id='word_1_125' title='bbox 869 1713 965 1789; x_wconf 83' lang='lat' dir='ltr'><strong>aub,</strong></span> <span class='ocrx_word' id='word_1_126' title='bbox 989 1714 1145 1778; x_wconf 84' lang='lat' dir='ltr'><strong>diversae</strong></span> <span class='ocrx_word' id='word_1_127' title='bbox 1159 1706 1203 1797; x_wconf 77' lang='lat'><strong>⁴⁸)</strong></span> <span class='ocrx_word' id='word_1_128' title='bbox 1224 1713 1262 1776; x_wconf 89' lang='lat' dir='ltr'><strong>iu</strong></span> <span class='ocrx_word' id='word_1_129' title='bbox 1283 1711 1399 1777; x_wconf 82' lang='lat' dir='ltr'><strong>verbio</strong></span> <span class='ocrx_word' id='word_1_130' title='bbox 1421 1726 1611 1799; x_wconf 87' lang='lat' dir='ltr'><strong>ponuntur.</strong></span> <span class='ocrx_word' id='word_1_131' title='bbox 1634 1713 1725 1776; x_wconf 87' lang='lat' dir='ltr'><strong>Nam</strong></span> <span class='ocrx_word' id='word_1_132' title='bbox 1748 1714 1861 1777; x_wconf 88' lang='lat' dir='ltr'><strong>corri-</strong></span> 
     </span>
     <span class='ocr_line' id='line_1_13' title="bbox 383 1807 1863 1902; baseline 0.001 -25"><span class='ocrx_word' id='word_1_133' title='bbox 383 1816 528 1902; x_wconf 89' lang='lat' dir='ltr'><strong>piuntur</strong></span> <span class='ocrx_word' id='word_1_134' title='bbox 550 1833 629 1878; x_wconf 87' lang='lat' dir='ltr'><strong>cum</strong></span> <span class='ocrx_word' id='word_1_135' title='bbox 652 1815 840 1878; x_wconf 75' lang='lat' dir='ltr'><strong>crescendo</strong></span> <span class='ocrx_word' id='word_1_136' title='bbox 864 1813 1070 1895; x_wconf 85' lang='lat' dir='ltr'><strong>disyllabum</strong></span> <span class='ocrx_word' id='word_1_137' title='bbox 1087 1807 1131 1898; x_wconf 83' lang='lat'><strong>⁴¹)</strong></span> <span class='ocrx_word' id='word_1_138' title='bbox 1154 1815 1314 1890; x_wconf 84' lang='lat' dir='ltr'><strong>reddunt,</strong></span> <span class='ocrx_word' id='word_1_139' title='bbox 1337 1827 1376 1878; x_wconf 89' lang='lat' dir='ltr'><strong>ut</strong></span> <span class='ocrx_word' id='word_1_140' title='bbox 1398 1815 1498 1892; x_wconf 88' lang='lat' dir='ltr'><strong>adit,</strong></span> <span class='ocrx_word' id='word_1_141' title='bbox 1512 1813 1616 1891; x_wconf 88' lang='lat' dir='ltr'><strong>obit,</strong></span> <span class='ocrx_word' id='word_1_142' title='bbox 1643 1815 1739 1893; x_wconf 88' lang='lat' dir='ltr'><strong>init,</strong></span> <span class='ocrx_word' id='word_1_143' title='bbox 1766 1813 1863 1879; x_wconf 84' lang='lat' dir='ltr'><strong>aub-</strong></span> 
     </span>
     <span class='ocr_line' id='line_1_14' title="bbox 383 1907 1860 2000; baseline 0 -20"><span class='ocrx_word' id='word_1_144' title='bbox 383 1919 426 1982; x_wconf 91' lang='lat' dir='ltr'><strong>it.</strong></span> <span class='ocrx_word' id='word_1_145' title='bbox 453 1917 696 1981; x_wconf 84' lang='lat' dir='ltr'><strong>lndiiiereuter</strong></span> <span class='ocrx_word' id='word_1_146' title='bbox 719 1907 763 2000; x_wconf 76' lang='lat'><strong>⁴²)</strong></span> <span class='ocrx_word' id='word_1_147' title='bbox 793 1929 908 1980; x_wconf 87' lang='lat' dir='ltr'><strong>autem</strong></span> <span class='ocrx_word' id='word_1_148' title='bbox 944 1937 1023 1980; x_wconf 90' lang='lat' dir='ltr'><strong>cum</strong></span> <span class='ocrx_word' id='word_1_149' title='bbox 1046 1915 1262 1998; x_wconf 80' lang='lat' dir='ltr'><strong>trisyllabum</strong></span> <span class='ocrx_word' id='word_1_150' title='bbox 1282 1910 1326 2000; x_wconf 75' lang='lat'><strong>⁴³)</strong></span> <span class='ocrx_word' id='word_1_151' title='bbox 1359 1915 1490 1980; x_wconf 84' lang='lat' dir='ltr'><strong>iaciunt</strong></span> <span class='ocrx_word' id='word_1_152' title='bbox 1518 1929 1558 1980; x_wconf 91' lang='lat' dir='ltr'><strong>ut</strong></span> <span class='ocrx_word' id='word_1_153' title='bbox 1579 1916 1737 1992; x_wconf 90' lang='lat' dir='ltr'><strong>adicit,</strong></span> <span class='ocrx_word' id='word_1_154' title='bbox 1768 1916 1860 1980; x_wconf 92' lang='lat' dir='ltr'><strong>obi-</strong></span> 
     </span>
     <span class='ocr_line' id='line_1_15' title="bbox 384 2008 1858 2101; baseline 0 -19"><span class='ocrx_word' id='word_1_155' title='bbox 384 2020 463 2096; x_wconf 90' lang='lat' dir='ltr'><strong>oit,</strong></span> <span class='ocrx_word' id='word_1_156' title='bbox 494 2019 642 2096; x_wconf 77' lang='lat' dir='ltr'><strong>inicit,</strong></span> <span class='ocrx_word' id='word_1_157' title='bbox 672 2017 846 2083; x_wconf 77' lang='lat' dir='ltr'><strong>subicit.</strong></span> <span class='ocrx_word' id='word_1_158' title='bbox 876 2017 1123 2084; x_wconf 83' lang='lat' dir='ltr'><strong>Producuntur</strong></span> <span class='ocrx_word' id='word_1_159' title='bbox 1150 2017 1392 2083; x_wconf 86' lang='lat' dir='ltr'><strong>tautummodo</strong></span> <span class='ocrx_word' id='word_1_160' title='bbox 1413 2008 1458 2101; x_wconf 72' lang='lat'><strong>⁴⁵)</strong></span> <span class='ocrx_word' id='word_1_161' title='bbox 1491 2039 1570 2084; x_wconf 88' lang='lat' dir='ltr'><strong>cum</strong></span> <span class='ocrx_word' id='word_1_162' title='bbox 1593 2017 1858 2098; x_wconf 68' lang='lat' dir='ltr'><strong>tetrasyllabum</strong></span> 
     </span>
     <span class='ocr_line' id='line_1_16' title="bbox 382 2113 1862 2206; baseline -0.002 -21"><span class='ocrx_word' id='word_1_163' title='bbox 382 2141 429 2186; x_wconf 84' lang='lat' dir='ltr'><strong>ex</strong></span> <span class='ocrx_word' id='word_1_164' title='bbox 450 2141 487 2185; x_wconf 86' lang='lat' dir='ltr'><strong>ae</strong></span> <span class='ocrx_word' id='word_1_165' title='bbox 509 2119 676 2196; x_wconf 89' lang='lat' dir='ltr'><strong>reddunt,</strong></span> <span class='ocrx_word' id='word_1_166' title='bbox 697 2134 737 2184; x_wconf 89' lang='lat' dir='ltr'><strong>ut</strong></span> <span class='ocrx_word' id='word_1_167' title='bbox 758 2119 925 2196; x_wconf 86' lang='lat' dir='ltr'><strong>adicio,</strong></span> <span class='ocrx_word' id='word_1_168' title='bbox 947 2119 1113 2196; x_wconf 87' lang='lat' dir='ltr'><strong>obicio,</strong></span> <span class='ocrx_word' id='word_1_169' title='bbox 1137 2119 1291 2196; x_wconf 85' lang='lat' dir='ltr'><strong>inicio,</strong></span> <span class='ocrx_word' id='word_1_170' title='bbox 1315 2113 1556 2204; x_wconf 78' lang='lat' dir='ltr'><strong>aubieio⁴⁵).</strong></span> <span class='ocrx_word' id='word_1_171' title='bbox 1581 2121 1670 2185; x_wconf 88' lang='lat' dir='ltr'><strong>ltem</strong></span> <span class='ocrx_word' id='word_1_172' title='bbox 1693 2140 1783 2205; x_wconf 84' lang='lat' dir='ltr'><strong>quae</strong></span> <span class='ocrx_word' id='word_1_173' title='bbox 1795 2139 1862 2206; x_wconf 86' lang='lat' dir='ltr'><strong>per</strong></span> 
     </span>
     <span class='ocr_line' id='line_1_17' title="bbox 382 2214 1860 2309; baseline -0.001 -23"><span class='ocrx_word' id='word_1_174' title='bbox 382 2223 505 2307; x_wconf 83' lang='lat' dir='ltr'><strong>·QUE·</strong></span> <span class='ocrx_word' id='word_1_175' title='bbox 519 2215 580 2306; x_wconf 78' lang='lat'><strong>⁴⁶),</strong></span> <span class='ocrx_word' id='word_1_176' title='bbox 604 2235 639 2287; x_wconf 91' lang='lat' dir='ltr'><strong>et</strong></span> <span class='ocrx_word' id='word_1_177' title='bbox 659 2241 724 2308; x_wconf 89' lang='lat' dir='ltr'><strong>per</strong></span> <span class='ocrx_word' id='word_1_178' title='bbox 746 2214 977 2306; x_wconf 78' lang='lat' dir='ltr'><strong>·1²RE·⁴⁷)in</strong></span> <span class='ocrx_word' id='word_1_179' title='bbox 999 2223 1122 2308; x_wconf 81' lang='lat' dir='ltr'><strong>primia</strong></span> <span class='ocrx_word' id='word_1_180' title='bbox 1144 2221 1284 2304; x_wconf 81' lang='lat' dir='ltr'><strong>syllabia</strong></span> <span class='ocrx_word' id='word_1_181' title='bbox 1306 2221 1516 2300; x_wconf 66' lang='lat' dir='ltr'><strong>scribuntur,</strong></span> <span class='ocrx_word' id='word_1_182' title='bbox 1539 2222 1785 2309; x_wconf 87' lang='lat' dir='ltr'><strong>producuntur</strong></span> <span class='ocrx_word' id='word_1_183' title='bbox 1801 2215 1860 2302; x_wconf 81' lang='lat'><strong>⁴⁸),</strong></span> 
     </span>
     <span class='ocr_line' id='line_1_18' title="bbox 383 2314 1861 2412; baseline -0.001 -23"><span class='ocrx_word' id='word_1_184' title='bbox 383 2337 532 2411; x_wconf 84' lang='lat' dir='ltr'><strong>excepto</strong></span> <span class='ocrx_word' id='word_1_185' title='bbox 554 2323 755 2412; x_wconf 86' lang='lat' dir='ltr'><strong>pretium,</strong></span> <span class='ocrx_word' id='word_1_186' title='bbox 778 2343 934 2410; x_wconf 86' lang='lat' dir='ltr'><strong>premo,</strong></span> <span class='ocrx_word' id='word_1_187' title='bbox 956 2345 1114 2411; x_wconf 85' lang='lat' dir='ltr'><strong>precor</strong></span> <span class='ocrx_word' id='word_1_188' title='bbox 1137 2336 1171 2389; x_wconf 86' lang='lat' dir='ltr'><strong>et</strong></span> <span class='ocrx_word' id='word_1_189' title='bbox 1193 2314 1426 2409; x_wconf 80' lang='lat' dir='ltr'><strong>queror⁴⁹),</strong></span> <span class='ocrx_word' id='word_1_190' title='bbox 1449 2327 1517 2390; x_wconf 79' lang='lat' dir='ltr'><strong>buo</strong></span> <span class='ocrx_word' id='word_1_191' title='bbox 1533 2337 1597 2400; x_wconf 84' lang='lat' dir='ltr'><strong>eat,</strong></span> <span class='ocrx_word' id='word_1_192' title='bbox 1616 2318 1861 2410; x_wconf 77' lang='lat' dir='ltr'><strong>querelam⁵·)</strong></span> 
     </span>
     <span class='ocr_line' id='line_1_19' title="bbox 381 2420 1854 2512; baseline -0.001 -22"><span class='ocrx_word' id='word_1_193' title='bbox 381 2425 541 2511; x_wconf 80' lang='lat' dir='ltr'><strong>depou03</strong></span> <span class='ocrx_word' id='word_1_194' title='bbox 572 2439 607 2490; x_wconf 85' lang='lat' dir='ltr'><strong>et</strong></span> <span class='ocrx_word' id='word_1_195' title='bbox 625 2420 671 2509; x_wconf 83' lang='lat'><strong>⁵¹)</strong></span> <span class='ocrx_word' id='word_1_196' title='bbox 699 2447 790 2511; x_wconf 87' lang='lat' dir='ltr'><strong>quae</strong></span> <span class='ocrx_word' id='word_1_197' title='bbox 819 2446 866 2490; x_wconf 87' lang='lat' dir='ltr'><strong>cx</strong></span> <span class='ocrx_word' id='word_1_198' title='bbox 893 2426 948 2490; x_wconf 83' lang='lat' dir='ltr'><strong>bia</strong></span> <span class='ocrx_word' id='word_1_199' title='bbox 974 2447 1039 2512; x_wconf 86' lang='lat' dir='ltr'><strong>per</strong></span> <span class='ocrx_word' id='word_1_200' title='bbox 1060 2427 1312 2491; x_wconf 82' lang='lat' dir='ltr'><strong>derivationem</strong></span> <span class='ocrx_word' id='word_1_201' title='bbox 1338 2421 1383 2510; x_wconf 87' lang='lat'><strong>⁵’)</strong></span> <span class='ocrx_word' id='word_1_202' title='bbox 1404 2439 1465 2490; x_wconf 79' lang='lat' dir='ltr'><strong>aut</strong></span> <span class='ocrx_word' id='word_1_203' title='bbox 1486 2425 1757 2490; x_wconf 70' lang='lat' dir='ltr'><strong>declinationem</strong></span> <span class='ocrx_word' id='word_1_204' title='bbox 1778 2425 1854 2489; x_wconf 86' lang='lat' dir='ltr'><strong>lieri</strong></span> 
     </span>
     <span class='ocr_line' id='line_1_20' title="bbox 380 2517 1855 2612; baseline 0 -22"><span class='ocrx_word' id='word_1_205' title='bbox 380 2539 545 2612; x_wconf 83' lang='lat' dir='ltr'><strong>poaauut,</strong></span> <span class='ocrx_word' id='word_1_206' title='bbox 577 2539 612 2590; x_wconf 86' lang='lat' dir='ltr'><strong>et</strong></span> <span class='ocrx_word' id='word_1_207' title='bbox 639 2545 738 2610; x_wconf 90' lang='lat' dir='ltr'><strong>que,</strong></span> <span class='ocrx_word' id='word_1_208' title='bbox 767 2529 968 2592; x_wconf 90' lang='lat' dir='ltr'><strong>coniunctio</strong></span> <span class='ocrx_word' id='word_1_209' title='bbox 993 2523 1049 2612; x_wconf 82' lang='lat'><strong>⁵³).</strong></span> <span class='ocrx_word' id='word_1_210' title='bbox 1079 2530 1172 2593; x_wconf 87' lang='lat' dir='ltr'><strong>item·</strong></span> <span class='ocrx_word' id='word_1_211' title='bbox 1195 2541 1317 2593; x_wconf 90' lang='lat' dir='ltr'><strong>contra</strong></span> <span class='ocrx_word' id='word_1_212' title='bbox 1334 2517 1379 2611; x_wconf 81' lang='lat'><strong>⁵⁴)</strong></span> <span class='ocrx_word' id='word_1_213' title='bbox 1408 2527 1612 2594; x_wconf 80' lang='lat' dir='ltr'><strong>breviantur</strong></span> <span class='ocrx_word' id='word_1_214' title='bbox 1642 2549 1689 2592; x_wconf 85' lang='lat' dir='ltr'><strong>ex</strong></span> <span class='ocrx_word' id='word_1_215' title='bbox 1719 2527 1855 2592; x_wconf 74' lang='lat' dir='ltr'><strong>nirdam</strong></span> 
     </span>
     <span class='ocr_line' id='line_1_21' title="bbox 341 2623 1857 2718; baseline -0.001 -24"><span class='ocrx_word' id='word_1_216' title='bbox 341 2683 345 2694; x_wconf 88' lang='lat'><strong>.</strong></span> <span class='ocrx_word' id='word_1_217' title='bbox 382 2626 699 2712; x_wconf 73' lang='lat' dir='ltr'><strong>praepositionibus</strong></span> <span class='ocrx_word' id='word_1_218' title='bbox 722 2629 759 2691; x_wconf 92' lang='lat' dir='ltr'><strong>in</strong></span> <span class='ocrx_word' id='word_1_219' title='bbox 782 2629 1037 2715; x_wconf 79' lang='lat' dir='ltr'><strong>compositione</strong></span> <span class='ocrx_word' id='word_1_220' title='bbox 1053 2625 1099 2718; x_wconf 83' lang='lat'><strong>⁵⁵)</strong></span> <span class='ocrx_word' id='word_1_221' title='bbox 1122 2631 1170 2696; x_wconf 86' lang='lat' dir='ltr'><strong>de</strong></span> <span class='ocrx_word' id='word_1_222' title='bbox 1193 2644 1228 2695; x_wconf 87' lang='lat' dir='ltr'><strong>ct</strong></span> <span class='ocrx_word' id='word_1_223' title='bbox 1248 2650 1331 2717; x_wconf 91' lang='lat' dir='ltr'><strong>pro</strong></span> <span class='ocrx_word' id='word_1_224' title='bbox 1346 2623 1409 2713; x_wconf 79' lang='lat'><strong>⁵⁶),</strong></span> <span class='ocrx_word' id='word_1_225' title='bbox 1435 2643 1476 2695; x_wconf 90' lang='lat' dir='ltr'><strong>ut</strong></span> <span class='ocrx_word' id='word_1_226' title='bbox 1496 2631 1657 2696; x_wconf 82' lang='lat' dir='ltr'><strong>debinc</strong></span> <span class='ocrx_word' id='word_1_227' title='bbox 1671 2623 1716 2715; x_wconf 76' lang='lat'><strong>⁵⁷)</strong></span> <span class='ocrx_word' id='word_1_228' title='bbox 1737 2629 1857 2694; x_wconf 83' lang='lat' dir='ltr'><strong>deiu—</strong></span> 
     </span>
     <span class='ocr_line' id='line_1_22' title="bbox 384 2721 1856 2818; baseline 0.003 -28"><span class='ocrx_word' id='word_1_229' title='bbox 384 2721 512 2811; x_wconf 83' lang='lat' dir='ltr'><strong>de⁵⁸);</strong></span> <span class='ocrx_word' id='word_1_230' title='bbox 534 2728 778 2815; x_wconf 79' lang='lat' dir='ltr'><strong>profectur,</strong></span> <span class='ocrx_word' id='word_1_231' title='bbox 801 2730 1044 2815; x_wconf 72' lang='lat' dir='ltr'><strong>profereus,</strong></span> <span class='ocrx_word' id='word_1_232' title='bbox 1074 2727 1354 2818; x_wconf 80' lang='lat' dir='ltr'><strong>proluaua⁵⁹),</strong></span> <span class='ocrx_word' id='word_1_233' title='bbox 1385 2725 1673 2818; x_wconf 47' lang='lat' dir='ltr'><strong>proiauucffil,</strong></span> <span class='ocrx_word' id='word_1_234' title='bbox 1704 2729 1856 2817; x_wconf 84' lang='lat' dir='ltr'><strong>prola-</strong></span> 
     </span>
     <span class='ocr_line' id='line_1_23' title="bbox 383 2827 1857 2920; baseline 0.003 -27"><span class='ocrx_word' id='word_1_235' title='bbox 383 2841 461 2910; x_wconf 78' lang='lat' dir='ltr'><strong>tus,</strong></span> <span class='ocrx_word' id='word_1_236' title='bbox 484 2850 678 2917; x_wconf 80' lang='lat' dir='ltr'><strong>proavae,</strong></span> <span class='ocrx_word' id='word_1_237' title='bbox 699 2851 923 2918; x_wconf 76' lang='lat' dir='ltr'><strong>pronepos</strong></span> <span class='ocrx_word' id='word_1_238' title='bbox 945 2847 979 2898; x_wconf 92' lang='lat' dir='ltr'><strong>et</strong></span> <span class='ocrx_word' id='word_1_239' title='bbox 1001 2845 1125 2899; x_wconf 86' lang='lat' dir='ltr'><strong>cetere.</strong></span> <span class='ocrx_word' id='word_1_240' title='bbox 1150 2833 1239 2900; x_wconf 86' lang='lat' dir='ltr'><strong>Sunt</strong></span> <span class='ocrx_word' id='word_1_241' title='bbox 1254 2835 1338 2900; x_wconf 76' lang='lat' dir='ltr'><strong>item</strong></span> <span class='ocrx_word' id='word_1_242' title='bbox 1353 2827 1397 2918; x_wconf 58' lang='grc' dir='ltr'><strong>Ρ)</strong></span> <span class='ocrx_word' id='word_1_243' title='bbox 1420 2834 1599 2920; x_wconf 84' lang='lat' dir='ltr'><strong>aliquanta</strong></span> <span class='ocrx_word' id='word_1_244' title='bbox 1618 2831 1736 2909; x_wconf 75' lang='lat' dir='ltr'><strong>verba,</strong></span> <span class='ocrx_word' id='word_1_245' title='bbox 1762 2853 1857 2919; x_wconf 85' lang='lat' dir='ltr'><strong>quae</strong></span> 
     </span>
    </p>
   </div>
   <div class='ocr_carea' id='block_1_3' title="bbox 419 3101 1866 5290">
    <p class='ocr_par' dir='ltr' id='par_1_4' title="bbox 419 3101 1866 4937">
     <span class='ocr_line' id='line_1_24' title="bbox 419 3101 1857 3182; baseline 0.003 -23"><span class='ocrx_word' id='word_1_246' title='bbox 419 3105 458 3177; x_wconf 80' lang='lat'><strong>¹⁸)</strong></span> <span class='ocrx_word' id='word_1_247' title='bbox 483 3103 566 3176; x_wconf 71' lang='lat' dir='ltr'><strong>louge</strong></span> <span class='ocrx_word' id='word_1_248' title='bbox 583 3107 619 3162; x_wconf 91' lang='lat' dir='ltr'><strong>A.</strong></span> <span class='ocrx_word' id='word_1_249' title='bbox 638 3107 672 3162; x_wconf 88' lang='lat' dir='ltr'><strong>P.</strong></span> <span class='ocrx_word' id='word_1_250' title='bbox 689 3108 742 3162; x_wconf 79' lang='lat' dir='ltr'><strong>Pa.</strong></span> <span class='ocrx_word' id='word_1_251' title='bbox 761 3139 797 3150; x_wconf 89' lang='lat'>-</span> <span class='ocrx_word' id='word_1_252' title='bbox 814 3106 915 3180; x_wconf 71' lang='lat' dir='ltr'><strong>longua</strong></span> <span class='ocrx_word' id='word_1_253' title='bbox 932 3110 965 3162; x_wconf 98' lang='grc' dir='ltr'><strong>Β.</strong></span> <span class='ocrx_word' id='word_1_254' title='bbox 985 3109 1021 3182; x_wconf 87' lang='grc'><strong>”)</strong></span> <span class='ocrx_word' id='word_1_255' title='bbox 1041 3117 1088 3162; x_wconf 87' lang='lat' dir='ltr'><strong>aut</strong></span> <span class='ocrx_word' id='word_1_256' title='bbox 1104 3110 1136 3162; x_wconf 87' lang='grc' dir='ltr'><strong>Β.</strong></span> <span class='ocrx_word' id='word_1_257' title='bbox 1155 3110 1192 3164; x_wconf 98' lang='lat' dir='ltr'><strong>A.</strong></span> <span class='ocrx_word' id='word_1_258' title='bbox 1211 3139 1247 3150; x_wconf 96' lang='lat'>-</span> <span class='ocrx_word' id='word_1_259' title='bbox 1265 3105 1307 3164; x_wconf 80' lang='lat' dir='ltr'><strong>rel</strong></span> <span class='ocrx_word' id='word_1_260' title='bbox 1325 3109 1355 3162; x_wconf 91' lang='lat' dir='ltr'><strong>P.</strong></span> <span class='ocrx_word' id='word_1_261' title='bbox 1376 3107 1492 3179; x_wconf 60' lang='grc' dir='ltr'><em>Ριι.ζ”)</em></span> <span class='ocrx_word' id='word_1_262' title='bbox 1518 3101 1550 3159; x_wconf 80' lang='lat' dir='ltr'><strong>fit</strong></span> <span class='ocrx_word' id='word_1_263' title='bbox 1566 3102 1658 3160; x_wconf 78' lang='lat' dir='ltr'><strong>brevia</strong></span> <span class='ocrx_word' id='word_1_264' title='bbox 1677 3105 1750 3164; x_wconf 69' lang='lat' dir='ltr'><strong>itu·</strong></span> <span class='ocrx_word' id='word_1_265' title='bbox 1770 3109 1803 3163; x_wconf 92' lang='grc' dir='ltr'><strong>Β.</strong></span> <span class='ocrx_word' id='word_1_266' title='bbox 1819 3111 1857 3164; x_wconf 91' lang='lat' dir='ltr'><strong>A.</strong></span> 
     </span>
     <span class='ocr_line' id='line_1_25' title="bbox 487 3192 1855 3268; baseline 0 -19"><span class='ocrx_word' id='word_1_267' title='bbox 487 3196 520 3249; x_wconf 87' lang='lat' dir='ltr'><strong>P.</strong></span> <span class='ocrx_word' id='word_1_268' title='bbox 540 3225 574 3238; x_wconf 90' lang='lat'><em>-</em></span> <span class='ocrx_word' id='word_1_269' title='bbox 593 3192 685 3248; x_wconf 80' lang='lat' dir='ltr'><strong>brevia</strong></span> <span class='ocrx_word' id='word_1_270' title='bbox 704 3203 748 3248; x_wconf 87' lang='lat' dir='ltr'><strong>eet</strong></span> <span class='ocrx_word' id='word_1_271' title='bbox 765 3194 837 3250; x_wconf 68' lang='grc' dir='ltr'><em>ΒΗ·</em></span> <span class='ocrx_word' id='word_1_272' title='bbox 857 3197 907 3250; x_wconf 83' lang='lat' dir='ltr'><strong>Pu.</strong></span> <span class='ocrx_word' id='word_1_273' title='bbox 928 3195 967 3268; x_wconf 82' lang='lat'><strong>¹⁸)</strong></span> <span class='ocrx_word' id='word_1_274' title='bbox 985 3196 1101 3251; x_wconf 75' lang='lat' dir='ltr'><strong>inveniri</strong></span> <span class='ocrx_word' id='word_1_275' title='bbox 1119 3197 1153 3251; x_wconf 90' lang='grc' dir='ltr'><strong>Β.</strong></span> <span class='ocrx_word' id='word_1_276' title='bbox 1171 3197 1203 3249; x_wconf 91' lang='grc' dir='ltr'><strong>Ρ.</strong></span> <span class='ocrx_word' id='word_1_277' title='bbox 1221 3225 1258 3239; x_wconf 89' lang='grc'>-</span> <span class='ocrx_word' id='word_1_278' title='bbox 1275 3196 1399 3250; x_wconf 78' lang='lat' dir='ltr'><strong>iuvenire</strong></span> <span class='ocrx_word' id='word_1_279' title='bbox 1416 3197 1450 3251; x_wconf 91' lang='grc' dir='ltr'><strong>Β.</strong></span> <span class='ocrx_word' id='word_1_280' title='bbox 1471 3228 1505 3238; x_wconf 87' lang='grc'>-</span> <span class='ocrx_word' id='word_1_281' title='bbox 1522 3195 1631 3253; x_wconf 70' lang='lat' dir='ltr'><strong>meuire</strong></span> <span class='ocrx_word' id='word_1_282' title='bbox 1649 3196 1701 3250; x_wconf 67' lang='lat' dir='ltr'><strong>Pu.</strong></span> <span class='ocrx_word' id='word_1_283' title='bbox 1731 3197 1768 3268; x_wconf 85' lang='grc'><strong>’7)</strong></span> <span class='ocrx_word' id='word_1_284' title='bbox 1787 3213 1855 3250; x_wconf 87' lang='lat' dir='ltr'><strong>cou-</strong></span> 
     </span>
     <span class='ocr_line' id='line_1_26' title="bbox 488 3281 1855 3356; baseline 0.001 -22"><span class='ocrx_word' id='word_1_285' title='bbox 488 3283 582 3352; x_wconf 73' lang='lat' dir='ltr'><strong>tiuglt.</strong></span> <span class='ocrx_word' id='word_1_286' title='bbox 601 3281 669 3336; x_wconf 81' lang='lat' dir='ltr'><strong>Poat</strong></span> <span class='ocrx_word' id='word_1_287' title='bbox 686 3282 711 3334; x_wconf 73' lang='lat' dir='ltr'><strong>a.</strong></span> <span class='ocrx_word' id='word_1_288' title='bbox 731 3303 755 3335; x_wconf 83' lang='grc' dir='ltr'><strong>ν.</strong></span> <span class='ocrx_word' id='word_1_289' title='bbox 775 3283 853 3337; x_wconf 76' lang='lat' dir='ltr'><strong>addit</strong></span> <span class='ocrx_word' id='word_1_290' title='bbox 869 3285 938 3337; x_wconf 67' lang='lat' dir='ltr'><strong>ra:</strong></span> <span class='ocrx_word' id='word_1_291' title='bbox 957 3283 1001 3336; x_wconf 90' lang='lat' dir='ltr'><strong>De</strong></span> <span class='ocrx_word' id='word_1_292' title='bbox 1019 3284 1176 3354; x_wconf 73' lang='lat' dir='ltr'><strong>positione,</strong></span> <span class='ocrx_word' id='word_1_293' title='bbox 1194 3301 1274 3356; x_wconf 77' lang='lat' dir='ltr'><strong>paena</strong></span> <span class='ocrx_word' id='word_1_294' title='bbox 1292 3285 1402 3336; x_wconf 80' lang='lat' dir='ltr'><strong>titulum</strong></span> <span class='ocrx_word' id='word_1_295' title='bbox 1418 3306 1455 3334; x_wconf 94' lang='lat'><em>=</em></span> <span class='ocrx_word' id='word_1_296' title='bbox 1470 3286 1505 3338; x_wconf 90' lang='grc' dir='ltr'><strong>Β.</strong></span> <span class='ocrx_word' id='word_1_297' title='bbox 1524 3285 1561 3337; x_wconf 91' lang='lat' dir='ltr'><strong>A.</strong></span> <span class='ocrx_word' id='word_1_298' title='bbox 1580 3285 1613 3338; x_wconf 88' lang='lat' dir='ltr'><strong>P.</strong></span> <span class='ocrx_word' id='word_1_299' title='bbox 1634 3285 1670 3355; x_wconf 74' lang='grc' dir='ltr'><strong>Ι7)</strong></span> <span class='ocrx_word' id='word_1_300' title='bbox 1690 3301 1752 3336; x_wconf 85' lang='lat' dir='ltr'><strong>cum</strong></span> <span class='ocrx_word' id='word_1_301' title='bbox 1769 3283 1802 3338; x_wconf 92' lang='grc' dir='ltr'><strong>Β.</strong></span> <span class='ocrx_word' id='word_1_302' title='bbox 1819 3283 1855 3337; x_wconf 91' lang='lat' dir='ltr'><strong>A.</strong></span> 
     </span>
     <span class='ocr_line' id='line_1_27' title="bbox 488 3369 1856 3442; baseline 0.002 -22"><span class='ocrx_word' id='word_1_303' title='bbox 488 3371 522 3425; x_wconf 88' lang='lat' dir='ltr'><strong>P.</strong></span> <span class='ocrx_word' id='word_1_304' title='bbox 543 3397 576 3411; x_wconf 90' lang='lat'><em>-</em></span> <span class='ocrx_word' id='word_1_305' title='bbox 596 3387 658 3422; x_wconf 87' lang='lat' dir='ltr'><strong>cum</strong></span> <span class='ocrx_word' id='word_1_306' title='bbox 676 3376 724 3423; x_wconf 84' lang='lat' dir='ltr'><strong>aut</strong></span> <span class='ocrx_word' id='word_1_307' title='bbox 742 3371 791 3428; x_wconf 78' lang='lat' dir='ltr'><strong>Pu.</strong></span> <span class='ocrx_word' id='word_1_308' title='bbox 811 3376 848 3440; x_wconf 86' lang='grc'><strong>’7)</strong></span> <span class='ocrx_word' id='word_1_309' title='bbox 867 3380 1021 3442; x_wconf 85' lang='lat' dir='ltr'><strong>correptam</strong></span> <span class='ocrx_word' id='word_1_310' title='bbox 1038 3369 1160 3424; x_wconf 80' lang='lat' dir='ltr'><strong>vocalem</strong></span> <span class='ocrx_word' id='word_1_311' title='bbox 1177 3379 1225 3424; x_wconf 82' lang='lat' dir='ltr'><strong>eat</strong></span> <span class='ocrx_word' id='word_1_312' title='bbox 1242 3373 1274 3426; x_wconf 89' lang='grc' dir='ltr'><strong>Β.</strong></span> <span class='ocrx_word' id='word_1_313' title='bbox 1293 3372 1329 3424; x_wconf 90' lang='lat' dir='ltr'><strong>A.</strong></span> <span class='ocrx_word' id='word_1_314' title='bbox 1348 3373 1378 3426; x_wconf 88' lang='lat' dir='ltr'><strong>P.</strong></span> <span class='ocrx_word' id='word_1_315' title='bbox 1399 3373 1459 3442; x_wconf 77' lang='lat' dir='ltr'><strong>(aad</strong></span> <span class='ocrx_word' id='word_1_316' title='bbox 1475 3369 1598 3424; x_wconf 78' lang='lat' dir='ltr'><strong>vocalem</strong></span> <span class='ocrx_word' id='word_1_317' title='bbox 1617 3374 1783 3442; x_wconf 81' lang='lat' dir='ltr'><strong>correptam)</strong></span> <span class='ocrx_word' id='word_1_318' title='bbox 1801 3371 1856 3423; x_wconf 82' lang='lat' dir='ltr'><strong>Pe.</strong></span> 
     </span>
     <span class='ocr_line' id='line_1_28' title="bbox 489 3457 1855 3530; baseline 0.002 -22"><span class='ocrx_word' id='word_1_319' title='bbox 489 3457 539 3528; x_wconf 87' lang='lat'><strong>(=</strong></span> <span class='ocrx_word' id='word_1_320' title='bbox 557 3461 624 3528; x_wconf 79' lang='lat' dir='ltr'><strong>aut).</strong></span> <span class='ocrx_word' id='word_1_321' title='bbox 653 3459 691 3529; x_wconf 78' lang='grc' dir='ltr'><strong>ὀ)</strong></span> <span class='ocrx_word' id='word_1_322' title='bbox 710 3466 863 3530; x_wconf 72' lang='lat' dir='ltr'><strong>sequuntur</strong></span> <span class='ocrx_word' id='word_1_323' title='bbox 880 3459 911 3512; x_wconf 92' lang='grc' dir='ltr'><strong>Ρ.</strong></span> <span class='ocrx_word' id='word_1_324' title='bbox 930 3461 980 3512; x_wconf 81' lang='lat' dir='ltr'><strong>Po.</strong></span> <span class='ocrx_word' id='word_1_325' title='bbox 999 3489 1036 3500; x_wconf 92' lang='lat'>-</span> <span class='ocrx_word' id='word_1_326' title='bbox 1054 3469 1185 3514; x_wconf 80' lang='lat' dir='ltr'><strong>acuuntur</strong></span> <span class='ocrx_word' id='word_1_327' title='bbox 1202 3460 1236 3513; x_wconf 86' lang='lat' dir='ltr'><strong>B.</strong></span> <span class='ocrx_word' id='word_1_328' title='bbox 1254 3459 1291 3512; x_wconf 96' lang='lat' dir='ltr'><strong>A.</strong></span> <span class='ocrx_word' id='word_1_329' title='bbox 1319 3461 1355 3527; x_wconf 76' lang='lat'><strong>⁵¹)</strong></span> <span class='ocrx_word' id='word_1_330' title='bbox 1375 3475 1448 3510; x_wconf 92' lang='lat' dir='ltr'><strong>arma</strong></span> <span class='ocrx_word' id='word_1_331' title='bbox 1465 3458 1497 3513; x_wconf 91' lang='lat' dir='ltr'><strong>B.</strong></span> <span class='ocrx_word' id='word_1_332' title='bbox 1516 3460 1553 3514; x_wconf 91' lang='lat' dir='ltr'><strong>A.</strong></span> <span class='ocrx_word' id='word_1_333' title='bbox 1580 3461 1612 3514; x_wconf 90' lang='lat' dir='ltr'><strong>P.</strong></span> <span class='ocrx_word' id='word_1_334' title='bbox 1631 3489 1668 3500; x_wconf 90' lang='lat'>-</span> <span class='ocrx_word' id='word_1_335' title='bbox 1684 3475 1757 3512; x_wconf 81' lang='lat' dir='ltr'><strong>arma</strong></span> <span class='ocrx_word' id='word_1_336' title='bbox 1775 3471 1855 3511; x_wconf 82' lang='lat' dir='ltr'><strong>arcaea</strong></span> 
     </span>
     <span class='ocr_line' id='line_1_29' title="bbox 489 3543 1856 3618; baseline 0.001 -20"><span class='ocrx_word' id='word_1_337' title='bbox 489 3546 541 3598; x_wconf 79' lang='lat' dir='ltr'><strong>Pa.</strong></span> <span class='ocrx_word' id='word_1_338' title='bbox 570 3547 605 3616; x_wconf 82' lang='lat'><strong>¹¹)</strong></span> <span class='ocrx_word' id='word_1_339' title='bbox 624 3543 780 3598; x_wconf 68' lang='lat' dir='ltr'><strong>Maeotim</strong></span> <span class='ocrx_word' id='word_1_340' title='bbox 797 3546 830 3598; x_wconf 86' lang='lat' dir='ltr'><strong>B.</strong></span> <span class='ocrx_word' id='word_1_341' title='bbox 849 3547 882 3600; x_wconf 92' lang='lat' dir='ltr'><strong>P.</strong></span> <span class='ocrx_word' id='word_1_342' title='bbox 901 3547 953 3599; x_wconf 82' lang='lat' dir='ltr'><strong>Pu.</strong></span> <span class='ocrx_word' id='word_1_343' title='bbox 971 3577 1007 3588; x_wconf 92' lang='lat'>-</span> <span class='ocrx_word' id='word_1_344' title='bbox 1024 3545 1179 3600; x_wconf 83' lang='lat' dir='ltr'><strong>Meceutiua</strong></span> <span class='ocrx_word' id='word_1_345' title='bbox 1198 3548 1234 3601; x_wconf 90' lang='lat' dir='ltr'><strong>A.</strong></span> <span class='ocrx_word' id='word_1_346' title='bbox 1262 3549 1298 3617; x_wconf 79' lang='lat'><strong>⁸⁸)</strong></span> <span class='ocrx_word' id='word_1_347' title='bbox 1319 3555 1347 3598; x_wconf 94' lang='lat' dir='ltr'><strong>et</strong></span> <span class='ocrx_word' id='word_1_348' title='bbox 1364 3547 1396 3600; x_wconf 85' lang='lat' dir='ltr'><strong>B.</strong></span> <span class='ocrx_word' id='word_1_349' title='bbox 1415 3569 1452 3596; x_wconf 93' lang='lat'><em>=</em></span> <span class='ocrx_word' id='word_1_350' title='bbox 1469 3547 1506 3601; x_wconf 91' lang='lat' dir='ltr'><strong>A.</strong></span> <span class='ocrx_word' id='word_1_351' title='bbox 1525 3546 1557 3598; x_wconf 91' lang='grc' dir='ltr'><strong>Ρ.</strong></span> <span class='ocrx_word' id='word_1_352' title='bbox 1576 3547 1628 3601; x_wconf 84' lang='lat' dir='ltr'><strong>Pte.</strong></span> <span class='ocrx_word' id='word_1_353' title='bbox 1658 3546 1695 3616; x_wconf 66' lang='grc' dir='ltr'><strong>ἰ)</strong></span> <span class='ocrx_word' id='word_1_354' title='bbox 1713 3543 1856 3618; x_wconf 82' lang='lat' dir='ltr'><strong>quaelibet</strong></span> 
     </span>
     <span class='ocr_line' id='line_1_30' title="bbox 490 3631 1857 3706; baseline -0.001 -18"><span class='ocrx_word' id='word_1_355' title='bbox 490 3631 526 3688; x_wconf 84' lang='lat' dir='ltr'><strong>A·</strong></span> <span class='ocrx_word' id='word_1_356' title='bbox 546 3633 577 3686; x_wconf 91' lang='grc' dir='ltr'><strong>Ρ.</strong></span> <span class='ocrx_word' id='word_1_357' title='bbox 596 3634 648 3687; x_wconf 84' lang='lat' dir='ltr'><strong>Pu.</strong></span> <span class='ocrx_word' id='word_1_358' title='bbox 673 3661 711 3675; x_wconf 90' lang='lat'><em>-</em></span> <span class='ocrx_word' id='word_1_359' title='bbox 735 3631 859 3704; x_wconf 88' lang='lat' dir='ltr'><strong>qualibet</strong></span> <span class='ocrx_word' id='word_1_360' title='bbox 885 3633 1065 3705; x_wconf 66' lang='lat' dir='ltr'><strong>(apariente)</strong></span> <span class='ocrx_word' id='word_1_361' title='bbox 1083 3635 1118 3688; x_wconf 86' lang='lat' dir='ltr'><strong>B.</strong></span> <span class='ocrx_word' id='word_1_362' title='bbox 1144 3636 1180 3704; x_wconf 80' lang='lat'><strong>¹⁵)</strong></span> <span class='ocrx_word' id='word_1_363' title='bbox 1199 3631 1453 3706; x_wconf 84' lang='lat' dir='ltr'><strong>praepoaitiouibua</strong></span> <span class='ocrx_word' id='word_1_364' title='bbox 1471 3635 1505 3688; x_wconf 92' lang='grc' dir='ltr'><strong>Β.</strong></span> <span class='ocrx_word' id='word_1_365' title='bbox 1524 3637 1558 3688; x_wconf 89' lang='lat' dir='ltr'><strong>P.</strong></span> <span class='ocrx_word' id='word_1_366' title='bbox 1576 3663 1613 3676; x_wconf 88' lang='lat'><em>-</em></span> <span class='ocrx_word' id='word_1_367' title='bbox 1630 3651 1694 3686; x_wconf 77' lang='lat' dir='ltr'><strong>cen</strong></span> <span class='ocrx_word' id='word_1_368' title='bbox 1711 3632 1857 3706; x_wconf 72' lang='lat' dir='ltr'><strong>praeponi-</strong></span> 
     </span>
     <span class='ocr_line' id='line_1_31' title="bbox 489 3716 1856 3794; baseline 0.001 -20"><span class='ocrx_word' id='word_1_369' title='bbox 489 3716 614 3774; x_wconf 84' lang='lat' dir='ltr'><strong>tiouibua</strong></span> <span class='ocrx_word' id='word_1_370' title='bbox 631 3721 670 3776; x_wconf 90' lang='lat' dir='ltr'><strong>A.</strong></span> <span class='ocrx_word' id='word_1_371' title='bbox 689 3721 740 3774; x_wconf 84' lang='lat' dir='ltr'><strong>Pte.</strong></span> <span class='ocrx_word' id='word_1_372' title='bbox 760 3721 799 3792; x_wconf 80' lang='lat'><strong>⁸⁸)</strong></span> <span class='ocrx_word' id='word_1_373' title='bbox 818 3730 1000 3793; x_wconf 85' lang='lat' dir='ltr'><strong>componatur</strong></span> <span class='ocrx_word' id='word_1_374' title='bbox 1017 3723 1049 3776; x_wconf 87' lang='lat' dir='ltr'><strong>B.</strong></span> <span class='ocrx_word' id='word_1_375' title='bbox 1067 3721 1104 3774; x_wconf 87' lang='lat' dir='ltr'><strong>A.</strong></span> <span class='ocrx_word' id='word_1_376' title='bbox 1123 3721 1174 3774; x_wconf 83' lang='lat' dir='ltr'><strong>Par.</strong></span> <span class='ocrx_word' id='word_1_377' title='bbox 1194 3753 1229 3768; x_wconf 91' lang='lat'>-</span> <span class='ocrx_word' id='word_1_378' title='bbox 1248 3729 1431 3793; x_wconf 76' lang='lat' dir='ltr'><strong>componatur</strong></span> <span class='ocrx_word' id='word_1_379' title='bbox 1447 3723 1479 3774; x_wconf 90' lang='lat' dir='ltr'><strong>P.</strong></span> <span class='ocrx_word' id='word_1_380' title='bbox 1504 3724 1541 3794; x_wconf 86' lang='grc'><strong>77)</strong></span> <span class='ocrx_word' id='word_1_381' title='bbox 1559 3730 1590 3774; x_wconf 85' lang='lat' dir='ltr'><strong>et</strong></span> <span class='ocrx_word' id='word_1_382' title='bbox 1605 3722 1667 3794; x_wconf 85' lang='lat' dir='ltr'><strong>ipae</strong></span> <span class='ocrx_word' id='word_1_383' title='bbox 1684 3722 1856 3794; x_wconf 86' lang='lat' dir='ltr'><strong>praepoaitic</strong></span> 
     </span>
     <span class='ocr_line' id='line_1_32' title="bbox 489 3805 1858 3882; baseline -0.001 -19"><span class='ocrx_word' id='word_1_384' title='bbox 489 3809 524 3863; x_wconf 90' lang='grc' dir='ltr'><strong>Β.</strong></span> <span class='ocrx_word' id='word_1_385' title='bbox 541 3809 573 3860; x_wconf 91' lang='lat' dir='ltr'><strong>P.</strong></span> <span class='ocrx_word' id='word_1_386' title='bbox 591 3809 643 3861; x_wconf 79' lang='lat' dir='ltr'><strong>Pu.</strong></span> <span class='ocrx_word' id='word_1_387' title='bbox 661 3839 698 3850; x_wconf 95' lang='lat'><em>-</em></span> <span class='ocrx_word' id='word_1_388' title='bbox 715 3808 776 3860; x_wconf 86' lang='lat' dir='ltr'><strong>eiua</strong></span> <span class='ocrx_word' id='word_1_389' title='bbox 794 3810 857 3880; x_wconf 87' lang='lat' dir='ltr'><strong>ipaa</strong></span> <span class='ocrx_word' id='word_1_390' title='bbox 870 3809 1077 3881; x_wconf 74' lang='lat' dir='ltr'><strong>praepositione</strong></span> <span class='ocrx_word' id='word_1_391' title='bbox 1092 3808 1128 3863; x_wconf 93' lang='lat' dir='ltr'><strong>A.</strong></span> <span class='ocrx_word' id='word_1_392' title='bbox 1149 3810 1186 3882; x_wconf 81' lang='lat'><strong>⁸⁸)</strong></span> <span class='ocrx_word' id='word_1_393' title='bbox 1200 3809 1271 3882; x_wconf 88' lang='lat' dir='ltr'><strong>ipaia</strong></span> <span class='ocrx_word' id='word_1_394' title='bbox 1289 3811 1322 3864; x_wconf 88' lang='grc' dir='ltr'><strong>Β.</strong></span> <span class='ocrx_word' id='word_1_395' title='bbox 1341 3811 1373 3867; x_wconf 88' lang='lat' dir='ltr'><strong>P.</strong></span> <span class='ocrx_word' id='word_1_396' title='bbox 1392 3839 1426 3852; x_wconf 91' lang='lat'><em>-</em></span> <span class='ocrx_word' id='word_1_397' title='bbox 1445 3807 1501 3864; x_wconf 78' lang='lat' dir='ltr'><strong>fflia</strong></span> <span class='ocrx_word' id='word_1_398' title='bbox 1520 3812 1558 3865; x_wconf 93' lang='lat' dir='ltr'><strong>A.</strong></span> <span class='ocrx_word' id='word_1_399' title='bbox 1576 3837 1613 3854; x_wconf 91' lang='lat'><strong>-·</strong></span> <span class='ocrx_word' id='word_1_400' title='bbox 1629 3807 1675 3862; x_wconf 83' lang='lat' dir='ltr'><strong>laia</strong></span> <span class='ocrx_word' id='word_1_401' title='bbox 1692 3811 1742 3866; x_wconf 82' lang='lat' dir='ltr'><strong>Pu.</strong></span> <span class='ocrx_word' id='word_1_402' title='bbox 1763 3811 1798 3878; x_wconf 85' lang='grc'><strong>’7)</strong></span> <span class='ocrx_word' id='word_1_403' title='bbox 1818 3805 1858 3862; x_wconf 91' lang='lat' dir='ltr'><strong>ob</strong></span> 
     </span>
     <span class='ocr_line' id='line_1_33' title="bbox 490 3893 1859 3969; baseline 0 -21"><span class='ocrx_word' id='word_1_404' title='bbox 490 3903 519 3948; x_wconf 85' lang='lat' dir='ltr'><strong>et</strong></span> <span class='ocrx_word' id='word_1_405' title='bbox 535 3897 565 3948; x_wconf 91' lang='lat' dir='ltr'><strong>iu</strong></span> <span class='ocrx_word' id='word_1_406' title='bbox 583 3897 616 3949; x_wconf 97' lang='grc' dir='ltr'><strong>Β.</strong></span> <span class='ocrx_word' id='word_1_407' title='bbox 635 3897 666 3950; x_wconf 92' lang='grc' dir='ltr'><strong>Ρ.</strong></span> <span class='ocrx_word' id='word_1_408' title='bbox 685 3897 736 3950; x_wconf 85' lang='lat' dir='ltr'><strong>Pu.</strong></span> <span class='ocrx_word' id='word_1_409' title='bbox 755 3927 791 3939; x_wconf 91' lang='lat'>-</span> <span class='ocrx_word' id='word_1_410' title='bbox 809 3893 846 3949; x_wconf 94' lang='lat' dir='ltr'><strong>ob</strong></span> <span class='ocrx_word' id='word_1_411' title='bbox 864 3897 894 3949; x_wconf 87' lang='lat' dir='ltr'><strong>iu</strong></span> <span class='ocrx_word' id='word_1_412' title='bbox 913 3901 960 3966; x_wconf 88' lang='lat'><strong>(=</strong></span> <span class='ocrx_word' id='word_1_413' title='bbox 978 3899 1020 3967; x_wconf 92' lang='lat' dir='ltr'><strong>et)</strong></span> <span class='ocrx_word' id='word_1_414' title='bbox 1040 3898 1078 3950; x_wconf 91' lang='lat' dir='ltr'><strong>A.</strong></span> <span class='ocrx_word' id='word_1_415' title='bbox 1098 3898 1135 3969; x_wconf 78' lang='lat'><strong>⁴⁰)</strong></span> <span class='ocrx_word' id='word_1_416' title='bbox 1154 3895 1277 3952; x_wconf 81' lang='lat' dir='ltr'><strong>direreae</strong></span> <span class='ocrx_word' id='word_1_417' title='bbox 1296 3896 1334 3953; x_wconf 88' lang='lat' dir='ltr'><strong>A.</strong></span> <span class='ocrx_word' id='word_1_418' title='bbox 1353 3899 1385 3950; x_wconf 86' lang='lat' dir='ltr'><strong>P·</strong></span> <span class='ocrx_word' id='word_1_419' title='bbox 1403 3898 1454 3951; x_wconf 81' lang='lat' dir='ltr'><strong>Pa.</strong></span> <span class='ocrx_word' id='word_1_420' title='bbox 1472 3927 1510 3942; x_wconf 92' lang='lat'><em>-</em></span> <span class='ocrx_word' id='word_1_421' title='bbox 1531 3895 1639 3952; x_wconf 60' lang='lat' dir='ltr'><strong>mem</strong></span> <span class='ocrx_word' id='word_1_422' title='bbox 1657 3899 1689 3950; x_wconf 87' lang='grc' dir='ltr'><em>Β.</em></span> <span class='ocrx_word' id='word_1_423' title='bbox 1709 3899 1748 3969; x_wconf 78' lang='grc' dir='ltr'><strong>Ἰ)</strong></span> <span class='ocrx_word' id='word_1_424' title='bbox 1767 3893 1859 3967; x_wconf 73' lang='lat' dir='ltr'><strong>diupi·</strong></span> 
     </span>
     <span class='ocr_line' id='line_1_34' title="bbox 489 3980 1859 4057; baseline 0.002 -23"><span class='ocrx_word' id='word_1_425' title='bbox 489 3980 583 4035; x_wconf 87' lang='lat' dir='ltr'><strong>labum</strong></span> <span class='ocrx_word' id='word_1_426' title='bbox 599 3985 632 4037; x_wconf 92' lang='lat' dir='ltr'><strong>P.</strong></span> <span class='ocrx_word' id='word_1_427' title='bbox 652 4009 687 4027; x_wconf 92' lang='lat'><strong>·-</strong></span> <span class='ocrx_word' id='word_1_428' title='bbox 706 3981 888 4056; x_wconf 75' lang='lat' dir='ltr'><strong>dlatyllabnm</strong></span> <span class='ocrx_word' id='word_1_429' title='bbox 905 3987 956 4038; x_wconf 77' lang='lat' dir='ltr'><strong>Pe.</strong></span> <span class='ocrx_word' id='word_1_430' title='bbox 977 3986 1089 4057; x_wconf 82' lang='lat' dir='ltr'><strong>(conat.)</strong></span> <span class='ocrx_word' id='word_1_431' title='bbox 1108 4013 1145 4029; x_wconf 89' lang='lat'>-</span> <span class='ocrx_word' id='word_1_432' title='bbox 1162 3983 1336 4038; x_wconf 80' lang='lat' dir='ltr'><strong>‹liaeillabum</strong></span> <span class='ocrx_word' id='word_1_433' title='bbox 1353 3985 1386 4039; x_wconf 87' lang='grc' dir='ltr'><strong>Β.</strong></span> <span class='ocrx_word' id='word_1_434' title='bbox 1407 3987 1516 4055; x_wconf 68' lang='lat' dir='ltr'><strong>(eant.)</strong></span> <span class='ocrx_word' id='word_1_435' title='bbox 1533 4012 1570 4030; x_wconf 86' lang='lat'><em>-</em></span> <span class='ocrx_word' id='word_1_436' title='bbox 1599 3982 1769 4038; x_wconf 71' lang='lat' dir='ltr'><strong>tl&#39;arillabn</strong></span> <span class='ocrx_word' id='word_1_437' title='bbox 1790 3983 1859 4056; x_wconf 85' lang='lat' dir='ltr'><strong>(aie)</strong></span> 
     </span>
     <span class='ocr_line' id='line_1_35' title="bbox 489 4067 1862 4146; baseline 0 -22"><span class='ocrx_word' id='word_1_438' title='bbox 489 4071 526 4124; x_wconf 90' lang='lat' dir='ltr'><strong>A.</strong></span> <span class='ocrx_word' id='word_1_439' title='bbox 546 4071 583 4142; x_wconf 76' lang='lat'><strong>⁴³)</strong></span> <span class='ocrx_word' id='word_1_440' title='bbox 601 4067 795 4126; x_wconf 79' lang='lat' dir='ltr'><strong>indifferenter</strong></span> <span class='ocrx_word' id='word_1_441' title='bbox 811 4081 903 4125; x_wconf 86' lang='lat' dir='ltr'><strong>autem</strong></span> <span class='ocrx_word' id='word_1_442' title='bbox 920 4073 956 4125; x_wconf 92' lang='lat' dir='ltr'><strong>A.</strong></span> <span class='ocrx_word' id='word_1_443' title='bbox 975 4073 1026 4125; x_wconf 86' lang='lat' dir='ltr'><strong>Pu.</strong></span> <span class='ocrx_word' id='word_1_444' title='bbox 1046 4103 1081 4116; x_wconf 89' lang='lat'>-</span> <span class='ocrx_word' id='word_1_445' title='bbox 1099 4071 1293 4126; x_wconf 80' lang='lat' dir='ltr'><strong>ludiilereutar</strong></span> <span class='ocrx_word' id='word_1_446' title='bbox 1309 4079 1376 4124; x_wconf 83' lang='lat' dir='ltr'><strong>eunt</strong></span> <span class='ocrx_word' id='word_1_447' title='bbox 1393 4075 1442 4144; x_wconf 67' lang='lat' dir='ltr'><strong>(aa</strong></span> <span class='ocrx_word' id='word_1_448' title='bbox 1460 4075 1564 4146; x_wconf 74' lang='lat' dir='ltr'><strong>amen)</strong></span> <span class='ocrx_word' id='word_1_449' title='bbox 1581 4074 1615 4128; x_wconf 90' lang='grc' dir='ltr'><em>Ρ.</em></span> <span class='ocrx_word' id='word_1_450' title='bbox 1632 4075 1668 4118; x_wconf 81' lang='lat'><strong>...</strong></span> <span class='ocrx_word' id='word_1_451' title='bbox 1684 4068 1862 4125; x_wconf 71' lang='lat' dir='ltr'><strong>indefferea·</strong></span> 
     </span>
     <span class='ocr_line' id='line_1_36' title="bbox 489 4157 1860 4234; baseline -0.002 -20"><span class='ocrx_word' id='word_1_452' title='bbox 489 4169 533 4214; x_wconf 87' lang='lat' dir='ltr'><strong>ter</strong></span> <span class='ocrx_word' id='word_1_453' title='bbox 551 4161 662 4232; x_wconf 84' lang='lat' dir='ltr'><strong>(conat.)</strong></span> <span class='ocrx_word' id='word_1_454' title='bbox 689 4169 780 4213; x_wconf 89' lang='lat' dir='ltr'><strong>autem</strong></span> <span class='ocrx_word' id='word_1_455' title='bbox 803 4161 836 4212; x_wconf 91' lang='grc' dir='ltr'><em>Β.</em></span> <span class='ocrx_word' id='word_1_456' title='bbox 864 4160 901 4230; x_wconf 82' lang='grc'><strong>”)</strong></span> <span class='ocrx_word' id='word_1_457' title='bbox 919 4157 1092 4229; x_wconf 75' lang='lat' dir='ltr'><strong>trisyllabum</strong></span> <span class='ocrx_word' id='word_1_458' title='bbox 1114 4163 1148 4214; x_wconf 89' lang='lat' dir='ltr'><strong>P.</strong></span> <span class='ocrx_word' id='word_1_459' title='bbox 1166 4161 1217 4214; x_wconf 68' lang='lat' dir='ltr'><strong>Pu.</strong></span> <span class='ocrx_word' id='word_1_460' title='bbox 1236 4191 1274 4204; x_wconf 96' lang='lat'>-</span> <span class='ocrx_word' id='word_1_461' title='bbox 1290 4159 1470 4215; x_wconf 82' lang='lat' dir='ltr'><strong>triaaillabnau</strong></span> <span class='ocrx_word' id='word_1_462' title='bbox 1489 4163 1603 4234; x_wconf 82' lang='lat' dir='ltr'><strong>(ecurt.)</strong></span> <span class='ocrx_word' id='word_1_463' title='bbox 1620 4161 1656 4214; x_wconf 86' lang='lat' dir='ltr'><strong>A.</strong></span> <span class='ocrx_word' id='word_1_464' title='bbox 1676 4160 1708 4212; x_wconf 94' lang='grc' dir='ltr'><strong>Β.</strong></span> <span class='ocrx_word' id='word_1_465' title='bbox 1736 4159 1775 4228; x_wconf 74' lang='lat'><strong>⁴⁴)</strong></span> <span class='ocrx_word' id='word_1_466' title='bbox 1794 4167 1860 4212; x_wconf 80' lang='lat' dir='ltr'><strong>taa-</strong></span> 
     </span>
     <span class='ocr_line' id='line_1_37' title="bbox 490 4243 1852 4318; baseline 0.002 -20"><span class='ocrx_word' id='word_1_467' title='bbox 490 4243 633 4300; x_wconf 81' lang='lat' dir='ltr'><strong>tammodo</strong></span> <span class='ocrx_word' id='word_1_468' title='bbox 651 4246 693 4300; x_wconf 80' lang='lat' dir='ltr'><strong>A.</strong></span> <span class='ocrx_word' id='word_1_469' title='bbox 708 4247 740 4300; x_wconf 87' lang='lat' dir='ltr'><strong>P.</strong></span> <span class='ocrx_word' id='word_1_470' title='bbox 758 4247 811 4300; x_wconf 84' lang='lat' dir='ltr'><strong>Par.</strong></span> <span class='ocrx_word' id='word_1_471' title='bbox 830 4277 866 4290; x_wconf 91' lang='grc'><strong>--</strong></span> <span class='ocrx_word' id='word_1_472' title='bbox 884 4255 989 4300; x_wconf 83' lang='lat' dir='ltr'><strong>tautum</strong></span> <span class='ocrx_word' id='word_1_473' title='bbox 1008 4248 1042 4302; x_wconf 88' lang='grc' dir='ltr'><strong>Β.</strong></span> <span class='ocrx_word' id='word_1_474' title='bbox 1061 4249 1097 4318; x_wconf 81' lang='grc'><strong>“)</strong></span> <span class='ocrx_word' id='word_1_475' title='bbox 1117 4245 1209 4302; x_wconf 81' lang='lat' dir='ltr'><strong>adicio</strong></span> <span class='ocrx_word' id='word_1_476' title='bbox 1229 4287 1236 4303; x_wconf 95' lang='lat'><strong>.</strong></span> <span class='ocrx_word' id='word_1_477' title='bbox 1257 4287 1263 4301; x_wconf 92' lang='lat'><strong>.</strong></span> <span class='ocrx_word' id='word_1_478' title='bbox 1283 4286 1292 4303; x_wconf 97' lang='lat'><strong>.</strong></span> <span class='ocrx_word' id='word_1_479' title='bbox 1311 4247 1420 4303; x_wconf 85' lang='lat' dir='ltr'><strong>aubicio</strong></span> <span class='ocrx_word' id='word_1_480' title='bbox 1437 4250 1470 4305; x_wconf 89' lang='grc' dir='ltr'><strong>Β.</strong></span> <span class='ocrx_word' id='word_1_481' title='bbox 1489 4249 1525 4303; x_wconf 85' lang='grc' dir='ltr'><strong>Α.</strong></span> <span class='ocrx_word' id='word_1_482' title='bbox 1544 4251 1597 4303; x_wconf 76' lang='lat' dir='ltr'><strong>Pe.</strong></span> <span class='ocrx_word' id='word_1_483' title='bbox 1614 4278 1653 4292; x_wconf 89' lang='lat'><em>-</em></span> <span class='ocrx_word' id='word_1_484' title='bbox 1670 4244 1796 4301; x_wconf 74' lang='lat' dir='ltr'><strong>adiin’o.</strong></span> <span class='ocrx_word' id='word_1_485' title='bbox 1815 4284 1824 4301; x_wconf 91' lang='lat'><strong>.</strong></span> <span class='ocrx_word' id='word_1_486' title='bbox 1843 4284 1852 4301; x_wconf 91' lang='lat'><strong>.</strong></span> 
     </span>
     <span class='ocr_line' id='line_1_38' title="bbox 490 4329 1862 4410; baseline 0.002 -25"><span class='ocrx_word' id='word_1_487' title='bbox 490 4329 610 4385; x_wconf 86' lang='lat' dir='ltr'><strong>aubiicio</strong></span> <span class='ocrx_word' id='word_1_488' title='bbox 628 4335 660 4386; x_wconf 91' lang='lat' dir='ltr'><strong>P.</strong></span> <span class='ocrx_word' id='word_1_489' title='bbox 688 4333 724 4404; x_wconf 76' lang='grc'><strong>’7)</strong></span> <span class='ocrx_word' id='word_1_490' title='bbox 751 4333 853 4408; x_wconf 71' lang='lat' dir='ltr'><strong>·QUE·</strong></span> <span class='ocrx_word' id='word_1_491' title='bbox 871 4335 904 4390; x_wconf 91' lang='grc' dir='ltr'><strong>Β.</strong></span> <span class='ocrx_word' id='word_1_492' title='bbox 923 4335 959 4389; x_wconf 91' lang='lat' dir='ltr'><strong>A.</strong></span> <span class='ocrx_word' id='word_1_493' title='bbox 986 4337 1038 4389; x_wconf 78' lang='lat' dir='ltr'><strong>Pe.</strong></span> <span class='ocrx_word' id='word_1_494' title='bbox 1057 4365 1093 4378; x_wconf 85' lang='lat'><strong>-</strong></span> <span class='ocrx_word' id='word_1_495' title='bbox 1111 4333 1234 4408; x_wconf 68' lang='lat' dir='ltr'><strong>Quae·</strong></span> <span class='ocrx_word' id='word_1_496' title='bbox 1251 4339 1283 4391; x_wconf 91' lang='lat' dir='ltr'><strong>P.</strong></span> <span class='ocrx_word' id='word_1_497' title='bbox 1310 4338 1347 4408; x_wconf 83' lang='grc'><strong>’7)</strong></span> <span class='ocrx_word' id='word_1_498' title='bbox 1366 4345 1395 4392; x_wconf 84' lang='lat' dir='ltr'><strong>et</strong></span> <span class='ocrx_word' id='word_1_499' title='bbox 1411 4355 1464 4410; x_wconf 88' lang='lat' dir='ltr'><strong>per</strong></span> <span class='ocrx_word' id='word_1_500' title='bbox 1479 4336 1571 4390; x_wconf 66' lang='lat' dir='ltr'><strong>ran·</strong></span> <span class='ocrx_word' id='word_1_501' title='bbox 1590 4337 1624 4391; x_wconf 94' lang='grc' dir='ltr'><strong>Β.</strong></span> <span class='ocrx_word' id='word_1_502' title='bbox 1643 4336 1681 4390; x_wconf 95' lang='lat' dir='ltr'><strong>A.</strong></span> <span class='ocrx_word' id='word_1_503' title='bbox 1699 4337 1752 4388; x_wconf 80' lang='lat' dir='ltr'><strong>Pe·</strong></span> <span class='ocrx_word' id='word_1_504' title='bbox 1771 4343 1862 4388; x_wconf 83' lang='lat' dir='ltr'><strong>-et</strong></span> 
     </span>
     <span class='ocr_line' id='line_1_39' title="bbox 492 4417 1864 4498; baseline 0.002 -24"><span class='ocrx_word' id='word_1_505' title='bbox 492 4417 606 4474; x_wconf 61' lang='lat' dir='ltr'><strong>ultan·</strong></span> <span class='ocrx_word' id='word_1_506' title='bbox 631 4421 679 4490; x_wconf 86' lang='lat'><strong>(=</strong></span> <span class='ocrx_word' id='word_1_507' title='bbox 695 4422 757 4493; x_wconf 81' lang='lat' dir='ltr'><strong>per)</strong></span> <span class='ocrx_word' id='word_1_508' title='bbox 775 4423 806 4476; x_wconf 91' lang='lat' dir='ltr'><strong>P.</strong></span> <span class='ocrx_word' id='word_1_509' title='bbox 834 4423 869 4493; x_wconf 81' lang='grc'><strong>77)</strong></span> <span class='ocrx_word' id='word_1_510' title='bbox 893 4421 1086 4494; x_wconf 86' lang='lat' dir='ltr'><strong>producuntur</strong></span> <span class='ocrx_word' id='word_1_511' title='bbox 1110 4425 1144 4479; x_wconf 91' lang='grc' dir='ltr'><strong>Β.</strong></span> <span class='ocrx_word' id='word_1_512' title='bbox 1168 4423 1220 4480; x_wconf 78' lang='lat' dir='ltr'><strong>Pu.</strong></span> <span class='ocrx_word' id='word_1_513' title='bbox 1239 4423 1456 4498; x_wconf 87' lang='lat' dir='ltr'><strong>-plerumque</strong></span> <span class='ocrx_word' id='word_1_514' title='bbox 1477 4423 1672 4497; x_wconf 75' lang='lat' dir='ltr'><strong>producuntur</strong></span> <span class='ocrx_word' id='word_1_515' title='bbox 1688 4423 1724 4479; x_wconf 90' lang='lat' dir='ltr'><strong>A.</strong></span> <span class='ocrx_word' id='word_1_516' title='bbox 1744 4425 1776 4477; x_wconf 91' lang='grc' dir='ltr'><strong>Ρ.</strong></span> <span class='ocrx_word' id='word_1_517' title='bbox 1798 4423 1864 4492; x_wconf 70' lang='lat' dir='ltr'><strong>(aad</strong></span> 
     </span>
     <span class='ocr_line' id='line_1_40' title="bbox 489 4506 1862 4602; baseline 0.005 -43"><span class='ocrx_word' id='word_1_518' title='bbox 489 4506 690 4581; x_wconf 74' lang='lat' dir='ltr'><strong>plueruntque).</strong></span> <span class='ocrx_word' id='word_1_519' title='bbox 716 4510 755 4582; x_wconf 81' lang='lat'><strong>⁴⁰)</strong></span> <span class='ocrx_word' id='word_1_520' title='bbox 773 4519 889 4582; x_wconf 78' lang='lat' dir='ltr'><strong>excepto</strong></span> <span class='ocrx_word' id='word_1_521' title='bbox 908 4511 1028 4582; x_wconf 87' lang='lat' dir='ltr'><strong>pretium</strong></span> <span class='ocrx_word' id='word_1_522' title='bbox 1045 4529 1140 4582; x_wconf 88' lang='lat' dir='ltr'><strong>premo</strong></span> <span class='ocrx_word' id='word_1_523' title='bbox 1159 4529 1260 4584; x_wconf 89' lang='lat' dir='ltr'><strong>precor</strong></span> <span class='ocrx_word' id='word_1_524' title='bbox 1277 4529 1301 4566; x_wconf 91' lang='lat' dir='ltr'><strong>e.</strong></span> <span class='ocrx_word' id='word_1_525' title='bbox 1321 4531 1347 4586; x_wconf 87' lang='lat' dir='ltr'><strong>q.</strong></span> <span class='ocrx_word' id='word_1_526' title='bbox 1367 4515 1398 4602; x_wconf 96' lang='grc' dir='ltr'><strong>Β.</strong></span> <span class='ocrx_word' id='word_1_527' title='bbox 1418 4515 1480 4585; x_wconf 70' lang='lat' dir='ltr'><strong>(aad</strong></span> <span class='ocrx_word' id='word_1_528' title='bbox 1495 4515 1588 4585; x_wconf 84' lang='lat' dir='ltr'><strong>precia</strong></span> <span class='ocrx_word' id='word_1_529' title='bbox 1604 4531 1657 4585; x_wconf 84' lang='lat' dir='ltr'><strong>pre</strong></span> <span class='ocrx_word' id='word_1_530' title='bbox 1675 4513 1788 4582; x_wconf 81' lang='lat' dir='ltr'><strong>precor)</strong></span> <span class='ocrx_word' id='word_1_531' title='bbox 1805 4513 1862 4566; x_wconf 75' lang='grc' dir='ltr'><strong>Ρι.</strong></span> 
     </span>
     <span class='ocr_line' id='line_1_41' title="bbox 488 4597 1862 4674; baseline 0.004 -27"><span class='ocrx_word' id='word_1_532' title='bbox 488 4623 526 4640; x_wconf 90' lang='grc'><strong>-</strong></span> <span class='ocrx_word' id='word_1_533' title='bbox 544 4605 659 4668; x_wconf 80' lang='lat' dir='ltr'><strong>excepto</strong></span> <span class='ocrx_word' id='word_1_534' title='bbox 678 4597 801 4670; x_wconf 86' lang='lat' dir='ltr'><strong>precium</strong></span> <span class='ocrx_word' id='word_1_535' title='bbox 818 4615 914 4670; x_wconf 86' lang='lat' dir='ltr'><strong>premo</strong></span> <span class='ocrx_word' id='word_1_536' title='bbox 933 4614 1031 4671; x_wconf 79' lang='lat' dir='ltr'><strong>precer</strong></span> <span class='ocrx_word' id='word_1_537' title='bbox 1050 4616 1073 4652; x_wconf 89' lang='lat' dir='ltr'><strong>e.</strong></span> <span class='ocrx_word' id='word_1_538' title='bbox 1094 4618 1120 4673; x_wconf 92' lang='lat' dir='ltr'><strong>q.</strong></span> <span class='ocrx_word' id='word_1_539' title='bbox 1139 4601 1170 4654; x_wconf 91' lang='lat' dir='ltr'><strong>P.</strong></span> <span class='ocrx_word' id='word_1_540' title='bbox 1190 4628 1226 4645; x_wconf 92' lang='lat'>-</span> <span class='ocrx_word' id='word_1_541' title='bbox 1244 4602 1366 4672; x_wconf 74' lang='lat' dir='ltr'><strong>exceptis</strong></span> <span class='ocrx_word' id='word_1_542' title='bbox 1385 4602 1509 4674; x_wconf 80' lang='lat' dir='ltr'><strong>precium</strong></span> <span class='ocrx_word' id='word_1_543' title='bbox 1522 4617 1625 4672; x_wconf 85' lang='lat' dir='ltr'><strong>precor</strong></span> <span class='ocrx_word' id='word_1_544' title='bbox 1641 4617 1736 4670; x_wconf 73' lang='lat' dir='ltr'><strong>prm</strong></span> <span class='ocrx_word' id='word_1_545' title='bbox 1755 4617 1862 4670; x_wconf 87' lang='lat' dir='ltr'><strong>preeea</strong></span> 
     </span>
     <span class='ocr_line' id='line_1_42' title="bbox 489 4681 1865 4761; baseline 0.003 -23"><span class='ocrx_word' id='word_1_546' title='bbox 489 4681 633 4758; x_wconf 84' lang='lat' dir='ltr'><strong>prebendo</strong></span> <span class='ocrx_word' id='word_1_547' title='bbox 653 4702 676 4739; x_wconf 91' lang='lat' dir='ltr'><strong>e.</strong></span> <span class='ocrx_word' id='word_1_548' title='bbox 697 4704 723 4759; x_wconf 95' lang='lat' dir='ltr'><strong>q.</strong></span> <span class='ocrx_word' id='word_1_549' title='bbox 742 4685 779 4740; x_wconf 94' lang='lat' dir='ltr'><strong>A.</strong></span> <span class='ocrx_word' id='word_1_550' title='bbox 799 4687 837 4759; x_wconf 80' lang='grc'><strong>’7)</strong></span> <span class='ocrx_word' id='word_1_551' title='bbox 857 4685 994 4759; x_wconf 80' lang='lat' dir='ltr'><strong>querelem</strong></span> <span class='ocrx_word' id='word_1_552' title='bbox 1012 4687 1048 4741; x_wconf 91' lang='lat' dir='ltr'><strong>A.</strong></span> <span class='ocrx_word' id='word_1_553' title='bbox 1067 4689 1099 4742; x_wconf 89' lang='lat' dir='ltr'><strong>P.</strong></span> <span class='ocrx_word' id='word_1_554' title='bbox 1117 4688 1170 4743; x_wconf 84' lang='lat' dir='ltr'><strong>Pte.</strong></span> <span class='ocrx_word' id='word_1_555' title='bbox 1189 4719 1225 4730; x_wconf 93' lang='lat'>-</span> <span class='ocrx_word' id='word_1_556' title='bbox 1244 4687 1392 4761; x_wconf 80' lang='lat' dir='ltr'><strong>querellam</strong></span> <span class='ocrx_word' id='word_1_557' title='bbox 1409 4691 1442 4745; x_wconf 91' lang='grc' dir='ltr'><strong>Β.</strong></span> <span class='ocrx_word' id='word_1_558' title='bbox 1458 4691 1495 4761; x_wconf 88' lang='grc'><strong>”)</strong></span> <span class='ocrx_word' id='word_1_559' title='bbox 1514 4699 1544 4744; x_wconf 83' lang='lat' dir='ltr'><strong>et</strong></span> <span class='ocrx_word' id='word_1_560' title='bbox 1559 4691 1593 4744; x_wconf 88' lang='grc' dir='ltr'><strong>Β.</strong></span> <span class='ocrx_word' id='word_1_561' title='bbox 1612 4689 1644 4740; x_wconf 88' lang='grc' dir='ltr'><strong>Ρ.</strong></span> <span class='ocrx_word' id='word_1_562' title='bbox 1667 4688 1704 4741; x_wconf 94' lang='lat' dir='ltr'><strong>A.</strong></span> <span class='ocrx_word' id='word_1_563' title='bbox 1722 4715 1760 4730; x_wconf 94' lang='lat'><em>-</em></span> <span class='ocrx_word' id='word_1_564' title='bbox 1779 4695 1812 4741; x_wconf 95' lang='lat' dir='ltr'><strong>et</strong></span> <span class='ocrx_word' id='word_1_565' title='bbox 1831 4707 1865 4742; x_wconf 90' lang='lat' dir='ltr'><strong>ea</strong></span> 
     </span>
     <span class='ocr_line' id='line_1_43' title="bbox 491 4757 1847 4850; baseline 0.002 -22"><span class='ocrx_word' id='word_1_566' title='bbox 491 4775 542 4828; x_wconf 82' lang='lat' dir='ltr'><strong>Pu.</strong></span> <span class='ocrx_word' id='word_1_567' title='bbox 570 4775 608 4844; x_wconf 79' lang='lat'><strong>⁵¹)</strong></span> <span class='ocrx_word' id='word_1_568' title='bbox 632 4771 830 4828; x_wconf 78' lang='lat' dir='ltr'><strong>derivationem</strong></span> <span class='ocrx_word' id='word_1_569' title='bbox 855 4774 891 4828; x_wconf 87' lang='lat' dir='ltr'><strong>A.</strong></span> <span class='ocrx_word' id='word_1_570' title='bbox 910 4775 942 4828; x_wconf 92' lang='lat' dir='ltr'><strong>P.</strong></span> <span class='ocrx_word' id='word_1_571' title='bbox 962 4775 1013 4830; x_wconf 80' lang='lat' dir='ltr'><strong>Pa.</strong></span> <span class='ocrx_word' id='word_1_572' title='bbox 1031 4807 1068 4819; x_wconf 94' lang='lat'>-</span> <span class='ocrx_word' id='word_1_573' title='bbox 1094 4775 1284 4830; x_wconf 76' lang='lat' dir='ltr'><strong>dirivationem</strong></span> <span class='ocrx_word' id='word_1_574' title='bbox 1310 4779 1342 4831; x_wconf 87' lang='grc' dir='ltr'><strong>Β.</strong></span> <span class='ocrx_word' id='word_1_575' title='bbox 1368 4779 1405 4849; x_wconf 87' lang='grc'><strong>”)</strong></span> <span class='ocrx_word' id='word_1_576' title='bbox 1433 4795 1486 4850; x_wconf 84' lang='lat' dir='ltr'><strong>qua</strong></span> <span class='ocrx_word' id='word_1_577' title='bbox 1512 4775 1677 4830; x_wconf 83' lang='lat' dir='ltr'><strong>eoaiauctio</strong></span> <span class='ocrx_word' id='word_1_578' title='bbox 1693 4777 1726 4830; x_wconf 90' lang='grc' dir='ltr'><strong>Β.</strong></span> <span class='ocrx_word' id='word_1_579' title='bbox 1747 4757 1807 4832; x_wconf 68' lang='lat' dir='ltr'><strong>Pul</strong></span> <span class='ocrx_word' id='word_1_580' title='bbox 1824 4807 1847 4823; x_wconf 92' lang='lat'><em>-</em></span> 
     </span>
     <span class='ocr_line' id='line_1_44' title="bbox 492 4862 1866 4937; baseline -0.001 -21"><span class='ocrx_word' id='word_1_581' title='bbox 492 4879 546 4934; x_wconf 78' lang='lat' dir='ltr'><strong>que</strong></span> <span class='ocrx_word' id='word_1_582' title='bbox 564 4862 762 4918; x_wconf 81' lang='lat' dir='ltr'><strong>coniunctione</strong></span> <span class='ocrx_word' id='word_1_583' title='bbox 788 4865 826 4918; x_wconf 89' lang='lat' dir='ltr'><strong>A.</strong></span> <span class='ocrx_word' id='word_1_584' title='bbox 853 4863 884 4916; x_wconf 88' lang='lat' dir='ltr'><strong>P.</strong></span> <span class='ocrx_word' id='word_1_585' title='bbox 905 4863 964 4932; x_wconf 83' lang='lat' dir='ltr'><strong>(aed</strong></span> <span class='ocrx_word' id='word_1_586' title='bbox 982 4867 1072 4937; x_wconf 84' lang='lat' dir='ltr'><strong>quae).</strong></span> <span class='ocrx_word' id='word_1_587' title='bbox 1097 4866 1134 4936; x_wconf 82' lang='lat'><strong>⁸⁴)</strong></span> <span class='ocrx_word' id='word_1_588' title='bbox 1154 4875 1249 4920; x_wconf 86' lang='lat' dir='ltr'><strong>contra</strong></span> <span class='ocrx_word' id='word_1_589' title='bbox 1266 4867 1301 4921; x_wconf 89' lang='grc' dir='ltr'><strong>Β.</strong></span> <span class='ocrx_word' id='word_1_590' title='bbox 1317 4867 1349 4918; x_wconf 90' lang='grc' dir='ltr'><strong>Ρ.</strong></span> <span class='ocrx_word' id='word_1_591' title='bbox 1372 4867 1424 4920; x_wconf 81' lang='lat' dir='ltr'><strong>Pe.</strong></span> <span class='ocrx_word' id='word_1_592' title='bbox 1442 4896 1480 4910; x_wconf 90' lang='lat'>—</span> <span class='ocrx_word' id='word_1_593' title='bbox 1497 4873 1610 4918; x_wconf 84' lang='lat' dir='ltr'><strong>econtra</strong></span> <span class='ocrx_word' id='word_1_594' title='bbox 1628 4865 1666 4918; x_wconf 91' lang='lat' dir='ltr'><strong>A.</strong></span> <span class='ocrx_word' id='word_1_595' title='bbox 1686 4865 1723 4934; x_wconf 76' lang='lat'><strong>⁸⁸)</strong></span> <span class='ocrx_word' id='word_1_596' title='bbox 1743 4881 1866 4936; x_wconf 80' lang='lat' dir='ltr'><strong>compo.</strong></span> 
     </span>
    </p>

    <p class='ocr_par' dir='ltr' id='par_1_5' title="bbox 422 4949 1866 5290">
     <span class='ocr_line' id='line_1_45' title="bbox 422 4949 1865 5026; baseline 0.003 -24"><span class='ocrx_word' id='word_1_597' title='bbox 422 4957 429 4974; x_wconf 81' lang='lat'><strong><em>⁹</em></strong></span> <span class='ocrx_word' id='word_1_598' title='bbox 491 4949 592 5002; x_wconf 84' lang='lat' dir='ltr'><strong>aitioue</strong></span> <span class='ocrx_word' id='word_1_599' title='bbox 611 4950 645 5006; x_wconf 91' lang='grc' dir='ltr'><strong>Β.</strong></span> <span class='ocrx_word' id='word_1_600' title='bbox 664 4951 715 5004; x_wconf 88' lang='lat' dir='ltr'><strong>Pu.</strong></span> <span class='ocrx_word' id='word_1_601' title='bbox 733 4981 770 4995; x_wconf 88' lang='lat'><strong>·-</strong></span> <span class='ocrx_word' id='word_1_602' title='bbox 787 4949 1037 5022; x_wconf 85' lang='lat' dir='ltr'><strong>eompoaitionibue</strong></span> <span class='ocrx_word' id='word_1_603' title='bbox 1055 4954 1091 5007; x_wconf 94' lang='lat' dir='ltr'><strong>A.</strong></span> <span class='ocrx_word' id='word_1_604' title='bbox 1111 4955 1142 5007; x_wconf 90' lang='lat' dir='ltr'><strong>P.</strong></span> <span class='ocrx_word' id='word_1_605' title='bbox 1169 4953 1205 5026; x_wconf 86' lang='grc'><strong>’7)</strong></span> <span class='ocrx_word' id='word_1_606' title='bbox 1225 4952 1261 5006; x_wconf 82' lang='lat' dir='ltr'><strong>de</strong></span> <span class='ocrx_word' id='word_1_607' title='bbox 1279 4961 1308 5006; x_wconf 90' lang='lat' dir='ltr'><strong>et</strong></span> <span class='ocrx_word' id='word_1_608' title='bbox 1330 4971 1382 5024; x_wconf 88' lang='lat' dir='ltr'><strong>pro</strong></span> <span class='ocrx_word' id='word_1_609' title='bbox 1400 4955 1437 5008; x_wconf 94' lang='lat' dir='ltr'><strong>A.</strong></span> <span class='ocrx_word' id='word_1_610' title='bbox 1456 4955 1487 5008; x_wconf 84' lang='lat' dir='ltr'><strong>P.</strong></span> <span class='ocrx_word' id='word_1_611' title='bbox 1506 4975 1542 5002; x_wconf 85' lang='lat'>=</span> <span class='ocrx_word' id='word_1_612' title='bbox 1559 4953 1592 5006; x_wconf 85' lang='lat' dir='ltr'><strong>B.</strong></span> <span class='ocrx_word' id='word_1_613' title='bbox 1612 4952 1663 5005; x_wconf 73' lang='lat' dir='ltr'><strong>Pu.</strong></span> <span class='ocrx_word' id='word_1_614' title='bbox 1692 4953 1730 5024; x_wconf 80' lang='lat'><strong>⁸⁷)</strong></span> <span class='ocrx_word' id='word_1_615' title='bbox 1755 4961 1790 5004; x_wconf 78' lang='lat' dir='ltr'><strong>ut</strong></span> <span class='ocrx_word' id='word_1_616' title='bbox 1810 4951 1865 5006; x_wconf 79' lang='lat' dir='ltr'><strong>cle-</strong></span> 
     </span>
     <span class='ocr_line' id='line_1_46' title="bbox 490 5032 1866 5119; baseline 0.005 -32"><span class='ocrx_word' id='word_1_617' title='bbox 490 5032 556 5088; x_wconf 84' lang='lat' dir='ltr'><strong>biac</strong></span> <span class='ocrx_word' id='word_1_618' title='bbox 575 5037 606 5089; x_wconf 90' lang='grc' dir='ltr'><strong>Β.</strong></span> <span class='ocrx_word' id='word_1_619' title='bbox 625 5037 718 5094; x_wconf 84' lang='lat' dir='ltr'><strong>P.Pte.</strong></span> <span class='ocrx_word' id='word_1_620' title='bbox 744 5037 863 5094; x_wconf 85' lang='lat' dir='ltr'><strong>-iude</strong></span> <span class='ocrx_word' id='word_1_621' title='bbox 882 5035 946 5092; x_wconf 80' lang='lat' dir='ltr'><strong>binc</strong></span> <span class='ocrx_word' id='word_1_622' title='bbox 964 5039 1140 5119; x_wconf 62' lang='lat' dir='ltr'><strong>(apieimetel</strong></span> <span class='ocrx_word' id='word_1_623' title='bbox 1159 5042 1195 5095; x_wconf 90' lang='lat' dir='ltr'><strong>A.</strong></span> <span class='ocrx_word' id='word_1_624' title='bbox 1220 5043 1260 5114; x_wconf 78' lang='lat'><strong>⁸⁸)</strong></span> <span class='ocrx_word' id='word_1_625' title='bbox 1277 5039 1379 5096; x_wconf 80' lang='lat' dir='ltr'><strong>deinde</strong></span> <span class='ocrx_word' id='word_1_626' title='bbox 1397 5044 1435 5098; x_wconf 91' lang='lat' dir='ltr'><strong>A.</strong></span> <span class='ocrx_word' id='word_1_627' title='bbox 1459 5043 1491 5098; x_wconf 90' lang='grc' dir='ltr'><strong>Ρ.</strong></span> <span class='ocrx_word' id='word_1_628' title='bbox 1510 5043 1561 5096; x_wconf 73' lang='lat' dir='ltr'><strong>Pta-</strong></span> <span class='ocrx_word' id='word_1_629' title='bbox 1579 5061 1616 5094; x_wconf 87' lang='lat'><em>=</em></span> <span class='ocrx_word' id='word_1_630' title='bbox 1633 5041 1666 5095; x_wconf 88' lang='grc' dir='ltr'><strong>Β.</strong></span> <span class='ocrx_word' id='word_1_631' title='bbox 1693 5041 1728 5112; x_wconf 75' lang='grc'><strong>’7)</strong></span> <span class='ocrx_word' id='word_1_632' title='bbox 1747 5043 1866 5112; x_wconf 78' lang='lat' dir='ltr'><strong>profea-</strong></span> 
     </span>
     <span class='ocr_line' id='line_1_47' title="bbox 492 5123 1865 5206; baseline 0.01 -32"><span class='ocrx_word' id='word_1_633' title='bbox 492 5139 539 5174; x_wconf 86' lang='lat' dir='ltr'><strong>eua</strong></span> <span class='ocrx_word' id='word_1_634' title='bbox 562 5123 692 5194; x_wconf 79' lang='lat' dir='ltr'><strong>proferne</strong></span> <span class='ocrx_word' id='word_1_635' title='bbox 717 5127 749 5179; x_wconf 89' lang='grc' dir='ltr'><strong>Β.</strong></span> <span class='ocrx_word' id='word_1_636' title='bbox 775 5129 806 5182; x_wconf 89' lang='lat' dir='ltr'><strong>P.</strong></span> <span class='ocrx_word' id='word_1_637' title='bbox 833 5129 884 5181; x_wconf 82' lang='lat' dir='ltr'><strong>Po.</strong></span> <span class='ocrx_word' id='word_1_638' title='bbox 911 5158 946 5169; x_wconf 91' lang='lat'>-</span> <span class='ocrx_word' id='word_1_639' title='bbox 970 5130 1099 5200; x_wconf 80' lang='lat' dir='ltr'><strong>prosuaua</strong></span> <span class='ocrx_word' id='word_1_640' title='bbox 1125 5130 1268 5202; x_wconf 81' lang='lat' dir='ltr'><strong>proieaaue</strong></span> <span class='ocrx_word' id='word_1_641' title='bbox 1292 5132 1328 5187; x_wconf 89' lang='lat' dir='ltr'><strong>A.</strong></span> <span class='ocrx_word' id='word_1_642' title='bbox 1354 5133 1391 5203; x_wconf 79' lang='grc'><strong>77)</strong></span> <span class='ocrx_word' id='word_1_643' title='bbox 1416 5131 1548 5206; x_wconf 83' lang='lat' dir='ltr'><strong>proiauua</strong></span> <span class='ocrx_word' id='word_1_644' title='bbox 1575 5129 1626 5185; x_wconf 83' lang='lat' dir='ltr'><strong>Pu.</strong></span> <span class='ocrx_word' id='word_1_645' title='bbox 1653 5151 1689 5180; x_wconf 88' lang='lat'>=</span> <span class='ocrx_word' id='word_1_646' title='bbox 1711 5128 1745 5182; x_wconf 83' lang='lat' dir='ltr'><strong>B.</strong></span> <span class='ocrx_word' id='word_1_647' title='bbox 1766 5129 1809 5185; x_wconf 89' lang='lat' dir='ltr'><strong>A.</strong></span> <span class='ocrx_word' id='word_1_648' title='bbox 1829 5131 1865 5188; x_wconf 88' lang='lat' dir='ltr'><strong>P.</strong></span> 
     </span>
     <span class='ocr_line' id='line_1_48' title="bbox 493 5208 1207 5290; baseline 0.011 -26"><span class='ocrx_word' id='word_1_649' title='bbox 493 5209 532 5284; x_wconf 78' lang='grc' dir='ltr'><strong>Ἰ)</strong></span> <span class='ocrx_word' id='word_1_650' title='bbox 551 5208 624 5272; x_wconf 81' lang='lat' dir='ltr'><strong>Sunt</strong></span> <span class='ocrx_word' id='word_1_651' title='bbox 641 5212 707 5266; x_wconf 86' lang='lat' dir='ltr'><strong>item</strong></span> <span class='ocrx_word' id='word_1_652' title='bbox 725 5215 758 5269; x_wconf 93' lang='grc' dir='ltr'><strong>Β.</strong></span> <span class='ocrx_word' id='word_1_653' title='bbox 777 5216 813 5270; x_wconf 91' lang='lat' dir='ltr'><strong>A.</strong></span> <span class='ocrx_word' id='word_1_654' title='bbox 832 5217 883 5270; x_wconf 76' lang='lat' dir='ltr'><strong>Pa.</strong></span> <span class='ocrx_word' id='word_1_655' title='bbox 903 5246 938 5260; x_wconf 93' lang='lat'>-</span> <span class='ocrx_word' id='word_1_656' title='bbox 958 5217 1029 5273; x_wconf 88' lang='lat' dir='ltr'><strong>Cum</strong></span> <span class='ocrx_word' id='word_1_657' title='bbox 1047 5216 1159 5290; x_wconf 85' lang='lat' dir='ltr'><strong>quidem</strong></span> <span class='ocrx_word' id='word_1_658' title='bbox 1177 5220 1207 5272; x_wconf 88' lang='grc' dir='ltr'><strong>Ρ.</strong></span> 
     </span>
    </p>
   </div>
   <div class='ocr_carea' id='block_1_4' title="bbox 0 0 2035 6064">
    <p class='ocr_par' dir='ltr' id='par_1_6' title="bbox 0 0 2035 6064">
     <span class='ocr_line' id='line_1_49' title="bbox 0 0 2035 6064; baseline 0 0"><span class='ocrx_word' id='word_1_659' title='bbox 0 0 2035 6064; x_wconf 95' lang='lat' dir='ltr'><strong> </strong></span> 
     </span>
    </p>
   </div>
  </div>
 </body>
</html>
