<?xml version="1.0" encoding="UTF-8"?>
<!DOCTYPE html PUBLIC "-//W3C//DTD XHTML 1.0 Transitional//EN"
    "http://www.w3.org/TR/xhtml1/DTD/xhtml1-transitional.dtd">
<html xmlns="http://www.w3.org/1999/xhtml" xml:lang="en" lang="en">
 <head>
  <title>
</title>
<meta http-equiv="Content-Type" content="text/html;charset=utf-8" />
  <meta name='ocr-system' content='tesseract 3.04.00' />
  <meta name='ocr-capabilities' content='ocr_page ocr_carea ocr_par ocr_line ocrx_word'/>
</head>
<body>
  <div class='ocr_page' id='page_1' title='image "./analectagrammat00eichgoog_0322.png"; bbox 0 0 4032 6070; ppageno 0'>
   <div class='ocr_carea' id='block_1_1' title="bbox 611 535 1626 611">
    <p class='ocr_par' dir='ltr' id='par_1_1' title="bbox 611 535 1626 611">
     <span class='ocr_line' id='line_1_1' title="bbox 611 535 1626 611; baseline -0.007 -17"><span class='ocrx_word' id='word_1_1' title='bbox 611 535 1167 598; x_wconf 79' lang='lat' dir='ltr'><strong>raooransntnoa.</strong></span> <span class='ocrx_word' id='word_1_2' title='bbox 1553 539 1626 611; x_wconf 56' lang='grc' dir='ltr'><strong>Μ</strong></span> 
     </span>
    </p>
   </div>
   <div class='ocr_carea' id='block_1_2' title="bbox 151 681 1629 3020">
    <p class='ocr_par' dir='ltr' id='par_1_2' title="bbox 157 681 1623 1178">
     <span class='ocr_line' id='line_1_2' title="bbox 161 681 1622 772; baseline 0.003 -24"><span class='ocrx_word' id='word_1_3' title='bbox 161 699 218 750; x_wconf 83' lang='lat' dir='ltr'><strong>tarn</strong></span> <span class='ocrx_word' id='word_1_4' title='bbox 242 687 464 754; x_wconf 79' lang='lat' dir='ltr'><strong>concluditur</strong></span> <span class='ocrx_word' id='word_1_5' title='bbox 486 691 539 770; x_wconf 84' lang='grc'><strong>77),</strong></span> <span class='ocrx_word' id='word_1_6' title='bbox 563 701 645 754; x_wconf 89' lang='lat' dir='ltr'><strong>tnnc</strong></span> <span class='ocrx_word' id='word_1_7' title='bbox 666 681 709 772; x_wconf 78' lang='grc'><strong>78)</strong></span> <span class='ocrx_word' id='word_1_8' title='bbox 728 687 945 754; x_wconf 80' lang='lat' dir='ltr'><strong>accusativus</strong></span> <span class='ocrx_word' id='word_1_9' title='bbox 964 705 1062 750; x_wconf 79' lang='lat' dir='ltr'><strong>casua</strong></span> <span class='ocrx_word' id='word_1_10' title='bbox 1077 684 1214 748; x_wconf 89' lang='lat' dir='ltr'><strong>numeri</strong></span> <span class='ocrx_word' id='word_1_11' title='bbox 1232 683 1376 768; x_wconf 81' lang='lat' dir='ltr'><strong>pluralia</strong></span> <span class='ocrx_word' id='word_1_12' title='bbox 1399 683 1476 748; x_wconf 70' lang='lat' dir='ltr'><strong>its·</strong></span> <span class='ocrx_word' id='word_1_13' title='bbox 1498 683 1622 753; x_wconf 82' lang='lat' dir='ltr'><strong>litteris</strong></span> 
     </span>
     <span class='ocr_line' id='line_1_3' title="bbox 159 781 1623 876; baseline -0.001 -24"><span class='ocrx_word' id='word_1_14' title='bbox 159 787 344 864; x_wconf 84' lang='lat' dir='ltr'><strong>definiatur,</strong></span> <span class='ocrx_word' id='word_1_15' title='bbox 357 803 395 855; x_wconf 92' lang='lat' dir='ltr'><strong>ut</strong></span> <span class='ocrx_word' id='word_1_16' title='bbox 409 803 509 876; x_wconf 86' lang='lat' dir='ltr'><strong>puta:</strong></span> <span class='ocrx_word' id='word_1_17' title='bbox 534 794 679 855; x_wconf 88' lang='lat' dir='ltr'><strong>horum</strong></span> <span class='ocrx_word' id='word_1_18' title='bbox 696 794 738 874; x_wconf 75' lang='grc'><strong>79)</strong></span> <span class='ocrx_word' id='word_1_19' title='bbox 761 790 982 876; x_wconf 79' lang='lat' dir='ltr'><strong>parietum,</strong></span> <span class='ocrx_word' id='word_1_20' title='bbox 1007 790 1080 852; x_wconf 81' lang='lat' dir='ltr'><strong>laos</strong></span> <span class='ocrx_word' id='word_1_21' title='bbox 1097 786 1303 872; x_wconf 60' lang='lat' dir='ltr'><strong>parietem</strong></span> <span class='ocrx_word' id='word_1_22' title='bbox 1328 798 1362 849; x_wconf 92' lang='lat' dir='ltr'><strong>at</strong></span> <span class='ocrx_word' id='word_1_23' title='bbox 1381 805 1462 850; x_wconf 87' lang='lat' dir='ltr'><strong>vero</strong></span> <span class='ocrx_word' id='word_1_24' title='bbox 1479 798 1563 850; x_wconf 91' lang='lat' dir='ltr'><strong>tunc</strong></span> <span class='ocrx_word' id='word_1_25' title='bbox 1579 781 1623 872; x_wconf 68' lang='grc' dir='ltr'><strong>ὀ)</strong></span> 
     </span>
     <span class='ocr_line' id='line_1_4' title="bbox 158 886 1620 977; baseline 0.001 -26"><span class='ocrx_word' id='word_1_26' title='bbox 158 891 366 956; x_wconf 77' lang='lat' dir='ltr'><strong>accusativus</strong></span> <span class='ocrx_word' id='word_1_27' title='bbox 389 888 432 973; x_wconf 79' lang='lat'><strong>³¹)</strong></span> <span class='ocrx_word' id='word_1_28' title='bbox 453 913 552 958; x_wconf 79' lang='lat' dir='ltr'><strong>caena</strong></span> <span class='ocrx_word' id='word_1_29' title='bbox 575 889 617 974; x_wconf 74' lang='lat'><strong>³²)</strong></span> <span class='ocrx_word' id='word_1_30' title='bbox 639 892 775 955; x_wconf 87' lang='lat' dir='ltr'><strong>numeri</strong></span> <span class='ocrx_word' id='word_1_31' title='bbox 796 891 940 977; x_wconf 86' lang='lat' dir='ltr'><strong>pluralis</strong></span> <span class='ocrx_word' id='word_1_32' title='bbox 967 889 1031 953; x_wconf 90' lang='lat' dir='ltr'><strong>·lS·</strong></span> <span class='ocrx_word' id='word_1_33' title='bbox 1053 889 1177 954; x_wconf 87' lang='lat' dir='ltr'><strong>litteris</strong></span> <span class='ocrx_word' id='word_1_34' title='bbox 1202 886 1449 961; x_wconf 72' lang='lat' dir='ltr'>concludatur,</span> <span class='ocrx_word' id='word_1_35' title='bbox 1480 889 1620 971; x_wconf 87' lang='lat' dir='ltr'><strong>quando</strong></span> 
     </span>
     <span class='ocr_line' id='line_1_5' title="bbox 157 990 1622 1080; baseline 0 -26"><span class='ocrx_word' id='word_1_36' title='bbox 157 993 329 1074; x_wconf 78' lang='lat' dir='ltr'><strong>genetivus</strong></span> <span class='ocrx_word' id='word_1_37' title='bbox 352 1015 450 1058; x_wconf 80' lang='lat' dir='ltr'><strong>catus</strong></span> <span class='ocrx_word' id='word_1_38' title='bbox 473 996 609 1058; x_wconf 89' lang='lat' dir='ltr'><strong>numeri</strong></span> <span class='ocrx_word' id='word_1_39' title='bbox 631 994 776 1080; x_wconf 81' lang='lat' dir='ltr'><strong>pluralia</strong></span> <span class='ocrx_word' id='word_1_40' title='bbox 801 993 913 1056; x_wconf 75' lang='lat' dir='ltr'><strong>tunt·</strong></span> <span class='ocrx_word' id='word_1_41' title='bbox 936 993 1059 1058; x_wconf 83' lang='lat' dir='ltr'><strong>litteris</strong></span> <span class='ocrx_word' id='word_1_42' title='bbox 1083 991 1255 1068; x_wconf 84' lang='lat' dir='ltr'><strong>definitur,</strong></span> <span class='ocrx_word' id='word_1_43' title='bbox 1279 1001 1440 1075; x_wconf 83' lang='lat' dir='ltr'><strong>utputa:</strong></span> <span class='ocrx_word' id='word_1_44' title='bbox 1465 990 1539 1053; x_wconf 90' lang='lat' dir='ltr'><strong>hos</strong></span> <span class='ocrx_word' id='word_1_45' title='bbox 1564 1003 1622 1054; x_wconf 82' lang='lat' dir='ltr'><strong>ta-</strong></span> 
     </span>
     <span class='ocr_line' id='line_1_6' title="bbox 157 1091 1177 1178; baseline 0.001 -24"><span class='ocrx_word' id='word_1_46' title='bbox 157 1091 220 1168; x_wconf 83' lang='lat' dir='ltr'><strong>lia,</strong></span> <span class='ocrx_word' id='word_1_47' title='bbox 244 1097 412 1178; x_wconf 88' lang='lat' dir='ltr'><strong>quoniam</strong></span> <span class='ocrx_word' id='word_1_48' title='bbox 435 1099 583 1162; x_wconf 91' lang='lat' dir='ltr'><strong>horum</strong></span> <span class='ocrx_word' id='word_1_49' title='bbox 607 1097 752 1162; x_wconf 86' lang='lat' dir='ltr'><strong>talium</strong></span> <span class='ocrx_word' id='word_1_50' title='bbox 776 1097 888 1160; x_wconf 84' lang='lat' dir='ltr'><strong>iacere</strong></span> <span class='ocrx_word' id='word_1_51' title='bbox 912 1094 1177 1159; x_wconf 86' lang='lat' dir='ltr'><strong>demonstratur.</strong></span> 
     </span>
    </p>

    <p class='ocr_par' dir='ltr' id='par_1_3' title="bbox 157 1190 1629 1690">
     <span class='ocr_line' id='line_1_7' title="bbox 232 1190 1620 1283; baseline -0.004 -22"><span class='ocrx_word' id='word_1_52' title='bbox 232 1199 307 1262; x_wconf 74' lang='lat'><em>312.</em></span> <span class='ocrx_word' id='word_1_53' title='bbox 332 1197 401 1263; x_wconf 86' lang='lat' dir='ltr'><strong>Sed</strong></span> <span class='ocrx_word' id='word_1_54' title='bbox 425 1201 492 1264; x_wconf 88' lang='lat' dir='ltr'><strong>hoo</strong></span> <span class='ocrx_word' id='word_1_55' title='bbox 510 1195 553 1283; x_wconf 77' lang='lat'><strong>⁸³)</strong></span> <span class='ocrx_word' id='word_1_56' title='bbox 578 1219 776 1276; x_wconf 84' lang='lat' dir='ltr'><strong>monemus,</strong></span> <span class='ocrx_word' id='word_1_57' title='bbox 806 1199 902 1283; x_wconf 90' lang='lat' dir='ltr'><strong>quod</strong></span> <span class='ocrx_word' id='word_1_58' title='bbox 924 1200 992 1264; x_wconf 91' lang='lat' dir='ltr'><strong>hoc</strong></span> <span class='ocrx_word' id='word_1_59' title='bbox 1011 1190 1053 1279; x_wconf 76' lang='grc'><strong>8’)</strong></span> <span class='ocrx_word' id='word_1_60' title='bbox 1083 1205 1307 1282; x_wconf 88' lang='lat' dir='ltr'><strong>praeceptum</strong></span> <span class='ocrx_word' id='word_1_61' title='bbox 1331 1192 1479 1276; x_wconf 87' lang='lat' dir='ltr'><strong>inperite</strong></span> <span class='ocrx_word' id='word_1_62' title='bbox 1503 1193 1620 1256; x_wconf 88' lang='lat' dir='ltr'><strong>datum</strong></span> 
     </span>
     <span class='ocr_line' id='line_1_8' title="bbox 158 1293 1623 1386; baseline -0.001 -26"><span class='ocrx_word' id='word_1_63' title='bbox 158 1316 221 1360; x_wconf 81' lang='lat' dir='ltr'><strong>este</strong></span> <span class='ocrx_word' id='word_1_64' title='bbox 244 1301 454 1383; x_wconf 77' lang='lat' dir='ltr'>reperiatur,</span> <span class='ocrx_word' id='word_1_65' title='bbox 486 1301 772 1386; x_wconf 87' lang='lat' dir='ltr'><strong>quandoquidem</strong></span> <span class='ocrx_word' id='word_1_66' title='bbox 796 1293 839 1382; x_wconf 83' lang='lat'><strong>⁸⁵)</strong></span> <span class='ocrx_word' id='word_1_67' title='bbox 869 1302 938 1364; x_wconf 82' lang='lat' dir='ltr'><strong>sint</strong></span> <span class='ocrx_word' id='word_1_68' title='bbox 966 1301 1124 1372; x_wconf 81' lang='lat' dir='ltr'><strong>nomina,</strong></span> <span class='ocrx_word' id='word_1_69' title='bbox 1157 1315 1246 1382; x_wconf 89' lang='lat' dir='ltr'><strong>quae</strong></span> <span class='ocrx_word' id='word_1_70' title='bbox 1267 1295 1429 1380; x_wconf 81' lang='lat' dir='ltr'><strong>genetivo</strong></span> <span class='ocrx_word' id='word_1_71' title='bbox 1454 1315 1534 1358; x_wconf 85' lang='lat' dir='ltr'><strong>casu</strong></span> <span class='ocrx_word' id='word_1_72' title='bbox 1557 1316 1623 1358; x_wconf 89' lang='lat' dir='ltr'><strong>nu-</strong></span> 
     </span>
     <span class='ocr_line' id='line_1_9' title="bbox 158 1391 1629 1486; baseline -0.001 -28"><span class='ocrx_word' id='word_1_73' title='bbox 158 1399 235 1461; x_wconf 90' lang='lat' dir='ltr'><strong>meri</strong></span> <span class='ocrx_word' id='word_1_74' title='bbox 258 1400 403 1486; x_wconf 86' lang='lat' dir='ltr'><strong>pluralia</strong></span> <span class='ocrx_word' id='word_1_75' title='bbox 436 1402 548 1468; x_wconf 84' lang='lat' dir='ltr'><strong>·lUM·</strong></span> <span class='ocrx_word' id='word_1_76' title='bbox 571 1403 695 1468; x_wconf 82' lang='lat' dir='ltr'><strong>litteris</strong></span> <span class='ocrx_word' id='word_1_77' title='bbox 723 1402 931 1467; x_wconf 87' lang='lat' dir='ltr'><strong>definiantur</strong></span> <span class='ocrx_word' id='word_1_78' title='bbox 950 1397 1010 1482; x_wconf 76' lang='lat'><strong>⁸⁶),</strong></span> <span class='ocrx_word' id='word_1_79' title='bbox 1042 1414 1076 1465; x_wconf 90' lang='lat' dir='ltr'><strong>et</strong></span> <span class='ocrx_word' id='word_1_80' title='bbox 1098 1399 1294 1466; x_wconf 85' lang='lat' dir='ltr'><strong>accusativo</strong></span> <span class='ocrx_word' id='word_1_81' title='bbox 1323 1417 1404 1460; x_wconf 88' lang='lat' dir='ltr'><strong>casu</strong></span> <span class='ocrx_word' id='word_1_82' title='bbox 1425 1397 1563 1458; x_wconf 91' lang='lat' dir='ltr'><strong>numeri</strong></span> <span class='ocrx_word' id='word_1_83' title='bbox 1579 1391 1629 1478; x_wconf 75' lang='lat'><strong>⁸7)</strong></span> 
     </span>
     <span class='ocr_line' id='line_1_10' title="bbox 157 1491 1621 1592; baseline -0.001 -30"><span class='ocrx_word' id='word_1_84' title='bbox 157 1499 292 1584; x_wconf 75' lang='lat' dir='ltr'><strong>pluralia</strong></span> <span class='ocrx_word' id='word_1_85' title='bbox 325 1505 404 1568; x_wconf 84' lang='lat' dir='ltr'><strong>·ES·</strong></span> <span class='ocrx_word' id='word_1_86' title='bbox 435 1506 560 1569; x_wconf 84' lang='lat' dir='ltr'><strong>litteris</strong></span> <span class='ocrx_word' id='word_1_87' title='bbox 590 1505 863 1583; x_wconf 84' lang='lat' dir='ltr'><strong>concludantur,</strong></span> <span class='ocrx_word' id='word_1_88' title='bbox 893 1518 932 1569; x_wconf 92' lang='lat' dir='ltr'><strong>ut</strong></span> <span class='ocrx_word' id='word_1_89' title='bbox 957 1518 1057 1592; x_wconf 90' lang='lat' dir='ltr'><strong>puta:</strong></span> <span class='ocrx_word' id='word_1_90' title='bbox 1088 1506 1237 1566; x_wconf 78' lang='lat' dir='ltr'><strong>haruin</strong></span> <span class='ocrx_word' id='word_1_91' title='bbox 1260 1498 1434 1562; x_wconf 89' lang='lat' dir='ltr'><strong>nubium</strong></span> <span class='ocrx_word' id='word_1_92' title='bbox 1453 1491 1496 1578; x_wconf 79' lang='lat'><strong>⁸⁸)</strong></span> <span class='ocrx_word' id='word_1_93' title='bbox 1520 1519 1621 1562; x_wconf 88' lang='lat' dir='ltr'><strong>nunr-</strong></span> 
     </span>
     <span class='ocr_line' id='line_1_11' title="bbox 158 1596 1364 1690; baseline -0.002 -24"><span class='ocrx_word' id='word_1_94' title='bbox 158 1604 316 1687; x_wconf 84' lang='lat' dir='ltr'><strong>tpridnam</strong></span> <span class='ocrx_word' id='word_1_95' title='bbox 340 1609 402 1670; x_wconf 89' lang='lat' dir='ltr'><strong>haa</strong></span> <span class='ocrx_word' id='word_1_96' title='bbox 424 1607 567 1684; x_wconf 81' lang='lat' dir='ltr'><strong>uubis,</strong></span> <span class='ocrx_word' id='word_1_97' title='bbox 591 1607 652 1672; x_wconf 83' lang='lat' dir='ltr'><strong>aed</strong></span> <span class='ocrx_word' id='word_1_98' title='bbox 674 1609 735 1672; x_wconf 82' lang='lat' dir='ltr'><strong>hae</strong></span> <span class='ocrx_word' id='word_1_99' title='bbox 758 1607 892 1672; x_wconf 85' lang='lat' dir='ltr'><strong>nubes</strong></span> <span class='ocrx_word' id='word_1_100' title='bbox 915 1607 1028 1671; x_wconf 84' lang='lat' dir='ltr'><strong>iacere</strong></span> <span class='ocrx_word' id='word_1_101' title='bbox 1050 1605 1296 1690; x_wconf 80' lang='lat' dir='ltr'><strong>pronuntiatur</strong></span> <span class='ocrx_word' id='word_1_102' title='bbox 1310 1596 1364 1683; x_wconf 80' lang='lat'><em>⁸⁹).</em></span> 
     </span>
    </p>

    <p class='ocr_par' dir='ltr' id='par_1_4' title="bbox 153 1695 1622 2204">
     <span class='ocr_line' id='line_1_12' title="bbox 232 1695 1622 1794; baseline -0.004 -24"><span class='ocrx_word' id='word_1_103' title='bbox 232 1709 309 1773; x_wconf 82' lang='lat'><em>313.</em></span> <span class='ocrx_word' id='word_1_104' title='bbox 333 1708 419 1772; x_wconf 86' lang='lat' dir='ltr'><strong>Item</strong></span> <span class='ocrx_word' id='word_1_105' title='bbox 443 1723 523 1774; x_wconf 84' lang='lat' dir='ltr'><strong>aunt</strong></span> <span class='ocrx_word' id='word_1_106' title='bbox 539 1713 583 1792; x_wconf 77' lang='lat'><strong>⁹⁰)</strong></span> <span class='ocrx_word' id='word_1_107' title='bbox 606 1711 765 1786; x_wconf 83' lang='lat' dir='ltr'><strong>nomina,</strong></span> <span class='ocrx_word' id='word_1_108' title='bbox 797 1731 886 1794; x_wconf 89' lang='lat' dir='ltr'><strong>quae</strong></span> <span class='ocrx_word' id='word_1_109' title='bbox 909 1709 1071 1794; x_wconf 80' lang='lat' dir='ltr'><strong>genetivo</strong></span> <span class='ocrx_word' id='word_1_110' title='bbox 1095 1726 1176 1770; x_wconf 86' lang='lat' dir='ltr'><strong>casu</strong></span> <span class='ocrx_word' id='word_1_111' title='bbox 1198 1705 1334 1768; x_wconf 89' lang='lat' dir='ltr'><strong>numeri</strong></span> <span class='ocrx_word' id='word_1_112' title='bbox 1358 1695 1500 1789; x_wconf 81' lang='lat' dir='ltr'><strong>pluralis</strong></span> <span class='ocrx_word' id='word_1_113' title='bbox 1525 1701 1622 1766; x_wconf 88' lang='lat' dir='ltr'><strong>·UM·</strong></span> 
     </span>
     <span class='ocr_line' id='line_1_13' title="bbox 156 1805 1622 1896; baseline -0.002 -26"><span class='ocrx_word' id='word_1_114' title='bbox 156 1806 272 1871; x_wconf 82' lang='lat' dir='ltr'><strong>litteris</strong></span> <span class='ocrx_word' id='word_1_115' title='bbox 295 1812 432 1896; x_wconf 82' lang='lat' dir='ltr'><strong>post⁹¹)</strong></span> <span class='ocrx_word' id='word_1_116' title='bbox 455 1825 706 1876; x_wconf 79' lang='lat' dir='ltr'><strong>consonantem</strong></span> <span class='ocrx_word' id='word_1_117' title='bbox 730 1813 938 1876; x_wconf 89' lang='lat' dir='ltr'><strong>deliniantur</strong></span> <span class='ocrx_word' id='word_1_118' title='bbox 952 1814 995 1894; x_wconf 78' lang='grc'><strong>9’)</strong></span> <span class='ocrx_word' id='word_1_119' title='bbox 1019 1823 1052 1876; x_wconf 91' lang='lat' dir='ltr'><strong>et</strong></span> <span class='ocrx_word' id='word_1_120' title='bbox 1066 1809 1262 1874; x_wconf 87' lang='lat' dir='ltr'><strong>accusativo</strong></span> <span class='ocrx_word' id='word_1_121' title='bbox 1287 1827 1367 1870; x_wconf 89' lang='lat' dir='ltr'><strong>casu</strong></span> <span class='ocrx_word' id='word_1_122' title='bbox 1381 1806 1517 1868; x_wconf 87' lang='lat' dir='ltr'><strong>numeri</strong></span> <span class='ocrx_word' id='word_1_123' title='bbox 1544 1805 1622 1890; x_wconf 93' lang='lat' dir='ltr'><strong>plu-</strong></span> 
     </span>
     <span class='ocr_line' id='line_1_14' title="bbox 156 1908 1622 2000; baseline 0 -30"><span class='ocrx_word' id='word_1_124' title='bbox 156 1909 228 1973; x_wconf 83' lang='lat' dir='ltr'><strong>ralis</strong></span> <span class='ocrx_word' id='word_1_125' title='bbox 253 1911 319 1975; x_wconf 74' lang='lat' dir='ltr'><strong>ts·</strong></span> <span class='ocrx_word' id='word_1_126' title='bbox 341 1912 465 1976; x_wconf 82' lang='lat' dir='ltr'><strong>litteris</strong></span> <span class='ocrx_word' id='word_1_127' title='bbox 489 1908 815 1997; x_wconf 57' lang='lat' dir='ltr'><strong>conclamatum),</strong></span> <span class='ocrx_word' id='word_1_128' title='bbox 839 1925 997 2000; x_wconf 82' lang='lat' dir='ltr'><strong>utputa:</strong></span> <span class='ocrx_word' id='word_1_129' title='bbox 1022 1915 1164 1976; x_wconf 86' lang='lat' dir='ltr'><strong>horum</strong></span> <span class='ocrx_word' id='word_1_130' title='bbox 1188 1923 1430 1996; x_wconf 77' lang='lat' dir='ltr'><strong>parentum,</strong></span> <span class='ocrx_word' id='word_1_131' title='bbox 1454 1911 1530 1972; x_wconf 88' lang='lat' dir='ltr'><strong>hos</strong></span> <span class='ocrx_word' id='word_1_132' title='bbox 1552 1929 1622 1994; x_wconf 90' lang='lat' dir='ltr'><strong>pa-</strong></span> 
     </span>
     <span class='ocr_line' id='line_1_15' title="bbox 154 2011 1620 2100; baseline 0 -27"><span class='ocrx_word' id='word_1_133' title='bbox 154 2013 302 2089; x_wconf 78' lang='lat' dir='ltr'><strong>rentis3</strong></span> <span class='ocrx_word' id='word_1_134' title='bbox 341 2034 412 2100; x_wconf 86' lang='lat' dir='ltr'><strong>quo</strong></span> <span class='ocrx_word' id='word_1_135' title='bbox 447 2035 533 2079; x_wconf 80' lang='lat' dir='ltr'><strong>sono</strong></span> <span class='ocrx_word' id='word_1_136' title='bbox 571 2015 740 2080; x_wconf 78' lang='lat' dir='ltr'><strong>Salustius</strong></span> <span class='ocrx_word' id='word_1_137' title='bbox 776 2053 819 2064; x_wconf 88' lang='lat'><strong>--</strong></span> <span class='ocrx_word' id='word_1_138' title='bbox 854 2015 933 2080; x_wconf 89' lang='lat' dir='ltr'><strong>Per</strong></span> <span class='ocrx_word' id='word_1_139' title='bbox 966 2014 1130 2079; x_wconf 81' lang='lat' dir='ltr'><strong>liberos</strong></span> <span class='ocrx_word' id='word_1_140' title='bbox 1164 2025 1288 2098; x_wconf 84' lang='lat' dir='ltr'><strong>atque</strong></span> <span class='ocrx_word' id='word_1_141' title='bbox 1324 2011 1519 2096; x_wconf 82' lang='lat' dir='ltr'><strong>parentia</strong></span> <span class='ocrx_word' id='word_1_142' title='bbox 1554 2031 1620 2074; x_wconf 82' lang='lat' dir='ltr'><strong>re-</strong></span> 
     </span>
     <span class='ocr_line' id='line_1_16' title="bbox 153 2116 916 2204; baseline 0.005 -28"><span class='ocrx_word' id='word_1_143' title='bbox 153 2126 258 2178; x_wconf 81' lang='lat' dir='ltr'><strong>atros</strong></span> <span class='ocrx_word' id='word_1_144' title='bbox 277 2118 307 2195; x_wconf 90' lang='grc'><strong>·)</strong></span> <span class='ocrx_word' id='word_1_145' title='bbox 325 2153 367 2164; x_wconf 94' lang='grc'><strong>-</strong></span> <span class='ocrx_word' id='word_1_146' title='bbox 389 2118 490 2181; x_wconf 79' lang='lat' dir='ltr'><strong>scivit</strong></span> <span class='ocrx_word' id='word_1_147' title='bbox 513 2139 586 2182; x_wconf 79' lang='lat' dir='ltr'><strong>ease</strong></span> <span class='ocrx_word' id='word_1_148' title='bbox 609 2116 916 2204; x_wconf 88' lang='lat' dir='ltr'><strong>pronuntiandum.</strong></span> 
     </span>
    </p>

    <p class='ocr_par' dir='ltr' id='par_1_5' title="bbox 151 2211 1626 3020">
     <span class='ocr_line' id='line_1_17' title="bbox 229 2211 1626 2305; baseline -0.004 -23"><span class='ocrx_word' id='word_1_149' title='bbox 229 2221 304 2283; x_wconf 80' lang='grc'><strong>314.</strong></span> <span class='ocrx_word' id='word_1_150' title='bbox 331 2219 417 2282; x_wconf 93' lang='lat' dir='ltr'><strong>ltem</strong></span> <span class='ocrx_word' id='word_1_151' title='bbox 440 2211 574 2302; x_wconf 58' lang='lat' dir='ltr'><strong>sumiti)</strong></span> <span class='ocrx_word' id='word_1_152' title='bbox 598 2221 757 2293; x_wconf 88' lang='lat' dir='ltr'><strong>uomina,</strong></span> <span class='ocrx_word' id='word_1_153' title='bbox 780 2241 868 2305; x_wconf 85' lang='lat' dir='ltr'><strong>quae</strong></span> <span class='ocrx_word' id='word_1_154' title='bbox 892 2219 1053 2304; x_wconf 88' lang='lat' dir='ltr'><strong>genetivo</strong></span> <span class='ocrx_word' id='word_1_155' title='bbox 1078 2237 1159 2282; x_wconf 84' lang='lat' dir='ltr'><strong>casu</strong></span> <span class='ocrx_word' id='word_1_156' title='bbox 1181 2216 1317 2280; x_wconf 85' lang='lat' dir='ltr'><strong>numeri</strong></span> <span class='ocrx_word' id='word_1_157' title='bbox 1340 2213 1482 2299; x_wconf 85' lang='lat' dir='ltr'><strong>pluralia</strong></span> <span class='ocrx_word' id='word_1_158' title='bbox 1507 2213 1626 2278; x_wconf 70' lang='lat' dir='ltr'><strong>tunt·</strong></span> 
     </span>
     <span class='ocr_line' id='line_1_18' title="bbox 153 2309 1620 2404; baseline 0 -24"><span class='ocrx_word' id='word_1_159' title='bbox 153 2316 269 2382; x_wconf 83' lang='lat' dir='ltr'><strong>littoris</strong></span> <span class='ocrx_word' id='word_1_160' title='bbox 292 2321 501 2385; x_wconf 88' lang='lat' dir='ltr'><strong>deliniantur</strong></span> <span class='ocrx_word' id='word_1_161' title='bbox 522 2317 583 2404; x_wconf 73' lang='lat'><strong>⁹⁵),</strong></span> <span class='ocrx_word' id='word_1_162' title='bbox 614 2335 647 2386; x_wconf 88' lang='lat' dir='ltr'><strong>et</strong></span> <span class='ocrx_word' id='word_1_163' title='bbox 671 2324 869 2387; x_wconf 85' lang='lat' dir='ltr'><strong>accusativo</strong></span> <span class='ocrx_word' id='word_1_164' title='bbox 899 2329 979 2386; x_wconf 83' lang='lat' dir='ltr'><strong>caari</strong></span> <span class='ocrx_word' id='word_1_165' title='bbox 1002 2321 1139 2383; x_wconf 87' lang='lat' dir='ltr'><strong>numeri</strong></span> <span class='ocrx_word' id='word_1_166' title='bbox 1162 2317 1305 2404; x_wconf 84' lang='lat' dir='ltr'><strong>pluralia</strong></span> <span class='ocrx_word' id='word_1_167' title='bbox 1329 2316 1405 2380; x_wconf 85' lang='lat' dir='ltr'><strong>·ES·</strong></span> <span class='ocrx_word' id='word_1_168' title='bbox 1429 2309 1473 2400; x_wconf 71' lang='grc'><strong>96)</strong></span> <span class='ocrx_word' id='word_1_169' title='bbox 1497 2329 1530 2380; x_wconf 93' lang='lat' dir='ltr'><strong>et</strong></span> <span class='ocrx_word' id='word_1_170' title='bbox 1554 2317 1620 2380; x_wconf 86' lang='lat' dir='ltr'><strong>·lS·</strong></span> 
     </span>
     <span class='ocr_line' id='line_1_19' title="bbox 152 2418 1623 2510; baseline -0.001 -28"><span class='ocrx_word' id='word_1_171' title='bbox 152 2418 268 2485; x_wconf 83' lang='lat' dir='ltr'><strong>litteris</strong></span> <span class='ocrx_word' id='word_1_172' title='bbox 292 2423 556 2502; x_wconf 87' lang='lat' dir='ltr'><strong>concludantur,</strong></span> <span class='ocrx_word' id='word_1_173' title='bbox 580 2438 618 2488; x_wconf 93' lang='lat' dir='ltr'><strong>ut</strong></span> <span class='ocrx_word' id='word_1_174' title='bbox 639 2437 740 2510; x_wconf 92' lang='lat' dir='ltr'><strong>puta:</strong></span> <span class='ocrx_word' id='word_1_175' title='bbox 764 2427 914 2488; x_wconf 88' lang='lat' dir='ltr'><strong>horum</strong></span> <span class='ocrx_word' id='word_1_176' title='bbox 935 2423 1137 2509; x_wconf 82' lang='lat' dir='ltr'><strong>postium,</strong></span> <span class='ocrx_word' id='word_1_177' title='bbox 1163 2423 1237 2484; x_wconf 86' lang='lat' dir='ltr'><strong>hos</strong></span> <span class='ocrx_word' id='word_1_178' title='bbox 1259 2431 1407 2504; x_wconf 82' lang='lat' dir='ltr'><strong>postea</strong></span> <span class='ocrx_word' id='word_1_179' title='bbox 1430 2431 1464 2481; x_wconf 91' lang='lat' dir='ltr'><strong>et</strong></span> <span class='ocrx_word' id='word_1_180' title='bbox 1486 2419 1559 2480; x_wconf 80' lang='lat' dir='ltr'><strong>hoa</strong></span> <span class='ocrx_word' id='word_1_181' title='bbox 1574 2423 1623 2499; x_wconf 81' lang='grc'><strong>97)</strong></span> 
     </span>
     <span class='ocr_line' id='line_1_20' title="bbox 153 2517 1618 2613; baseline -0.003 -27"><span class='ocrx_word' id='word_1_182' title='bbox 153 2525 296 2606; x_wconf 79' lang='lat' dir='ltr'><strong>portia,</strong></span> <span class='ocrx_word' id='word_1_183' title='bbox 321 2547 389 2610; x_wconf 89' lang='lat' dir='ltr'><strong>qua</strong></span> <span class='ocrx_word' id='word_1_184' title='bbox 400 2528 535 2592; x_wconf 86' lang='lat' dir='ltr'><strong>ratione</strong></span> <span class='ocrx_word' id='word_1_185' title='bbox 548 2526 735 2613; x_wconf 79' lang='lat' dir='ltr'><strong>praecipue</strong></span> <span class='ocrx_word' id='word_1_186' title='bbox 748 2517 792 2608; x_wconf 77' lang='lat'><strong>⁹⁸)</strong></span> <span class='ocrx_word' id='word_1_187' title='bbox 807 2521 908 2588; x_wconf 89' lang='lat' dir='ltr'><strong>Maro</strong></span> <span class='ocrx_word' id='word_1_188' title='bbox 926 2523 1066 2588; x_wconf 80' lang='lat' dir='ltr'><strong>eoadem</strong></span> <span class='ocrx_word' id='word_1_189' title='bbox 1088 2535 1232 2608; x_wconf 74' lang='lat' dir='ltr'><strong>poetes</strong></span> <span class='ocrx_word' id='word_1_190' title='bbox 1247 2543 1292 2584; x_wconf 89' lang='lat' dir='ltr'><strong>ex</strong></span> <span class='ocrx_word' id='word_1_191' title='bbox 1308 2534 1456 2605; x_wconf 88' lang='lat' dir='ltr'><strong>utroque</strong></span> <span class='ocrx_word' id='word_1_192' title='bbox 1473 2539 1559 2582; x_wconf 85' lang='lat' dir='ltr'><strong>sono</strong></span> <span class='ocrx_word' id='word_1_193' title='bbox 1574 2523 1618 2600; x_wconf 75' lang='grc'><strong>’7)</strong></span> 
     </span>
     <span class='ocr_line' id='line_1_21' title="bbox 154 2621 1617 2714; baseline -0.001 -26"><span class='ocrx_word' id='word_1_194' title='bbox 154 2627 451 2707; x_wconf 87' lang='lat' dir='ltr'><strong>pronuntiavit-</strong></span> <span class='ocrx_word' id='word_1_195' title='bbox 474 2626 791 2714; x_wconf 75' lang='lat' dir='ltr'><strong>Amplexaeque</strong></span> <span class='ocrx_word' id='word_1_196' title='bbox 810 2628 866 2708; x_wconf 79' lang='lat'><strong>¹⁰⁰)</strong></span> <span class='ocrx_word' id='word_1_197' title='bbox 888 2638 1034 2690; x_wconf 89' lang='lat' dir='ltr'><strong>tenent</strong></span> <span class='ocrx_word' id='word_1_198' title='bbox 1055 2636 1201 2710; x_wconf 80' lang='lat' dir='ltr'><strong>poetes</strong></span> <span class='ocrx_word' id='word_1_199' title='bbox 1218 2621 1251 2704; x_wconf 71' lang='lat'><strong>⁵)</strong></span> <span class='ocrx_word' id='word_1_200' title='bbox 1269 2657 1311 2673; x_wconf 89' lang='lat'>-</span> <span class='ocrx_word' id='word_1_201' title='bbox 1334 2622 1417 2685; x_wconf 87' lang='lat' dir='ltr'><strong>item</strong></span> <span class='ocrx_word' id='word_1_202' title='bbox 1434 2625 1458 2702; x_wconf 88' lang='lat'><strong>¹)</strong></span> <span class='ocrx_word' id='word_1_203' title='bbox 1481 2659 1524 2670; x_wconf 52' lang='grc' dir='ltr'><strong>-κ</strong></span> <span class='ocrx_word' id='word_1_204' title='bbox 1547 2643 1617 2706; x_wconf 87' lang='lat' dir='ltr'><strong>po·</strong></span> 
     </span>
     <span class='ocr_line' id='line_1_22' title="bbox 152 2722 1618 2813; baseline -0.003 -25"><span class='ocrx_word' id='word_1_205' title='bbox 152 2727 315 2813; x_wconf 78' lang='lat' dir='ltr'><strong>otiaque</strong></span> <span class='ocrx_word' id='word_1_206' title='bbox 340 2730 368 2810; x_wconf 89' lang='lat'><strong>²)</strong></span> <span class='ocrx_word' id='word_1_207' title='bbox 398 2727 471 2792; x_wconf 86' lang='lat' dir='ltr'><strong>sub</strong></span> <span class='ocrx_word' id='word_1_208' title='bbox 501 2729 620 2813; x_wconf 80' lang='lat' dir='ltr'><strong>ipsos</strong></span> <span class='ocrx_word' id='word_1_209' title='bbox 647 2728 854 2793; x_wconf 90' lang='lat' dir='ltr'><strong>Nituutur</strong></span> <span class='ocrx_word' id='word_1_210' title='bbox 882 2722 1146 2813; x_wconf 78' lang='lat' dir='ltr'><strong>gradibus⁶).</strong></span> <span class='ocrx_word' id='word_1_211' title='bbox 1168 2761 1210 2772; x_wconf 93' lang='lat'><em>-</em></span> <span class='ocrx_word' id='word_1_212' title='bbox 1240 2724 1357 2807; x_wconf 80' lang='lat' dir='ltr'><strong>Quare</strong></span> <span class='ocrx_word' id='word_1_213' title='bbox 1381 2723 1618 2808; x_wconf 74' lang='lat' dir='ltr'><strong>supradictum</strong></span> 
     </span>
     <span class='ocr_line' id='line_1_23' title="bbox 151 2823 1617 2916; baseline -0.003 -24"><span class='ocrx_word' id='word_1_214' title='bbox 151 2843 369 2915; x_wconf 86' lang='lat' dir='ltr'><strong>praeceptum</strong></span> <span class='ocrx_word' id='word_1_215' title='bbox 399 2843 529 2894; x_wconf 86' lang='lat' dir='ltr'><strong>temere</strong></span> <span class='ocrx_word' id='word_1_216' title='bbox 558 2831 724 2895; x_wconf 88' lang='lat' dir='ltr'><strong>traditum</strong></span> <span class='ocrx_word' id='word_1_217' title='bbox 754 2853 827 2896; x_wconf 83' lang='lat' dir='ltr'><strong>ease</strong></span> <span class='ocrx_word' id='word_1_218' title='bbox 850 2823 1136 2916; x_wconf 65' lang='lat' dir='ltr'><strong>cognoscitur),</strong></span> <span class='ocrx_word' id='word_1_219' title='bbox 1161 2839 1195 2890; x_wconf 91' lang='lat' dir='ltr'><strong>et</strong></span> <span class='ocrx_word' id='word_1_220' title='bbox 1217 2827 1296 2890; x_wconf 84' lang='lat' dir='ltr'><strong>ideo</strong></span> <span class='ocrx_word' id='word_1_221' title='bbox 1319 2846 1383 2891; x_wconf 81' lang='lat' dir='ltr'><strong>noa</strong></span> <span class='ocrx_word' id='word_1_222' title='bbox 1406 2827 1473 2890; x_wconf 87' lang='lat' dir='ltr'><strong>hoc</strong></span> <span class='ocrx_word' id='word_1_223' title='bbox 1496 2844 1617 2890; x_wconf 84' lang='lat' dir='ltr'><strong>mone-</strong></span> 
     </span>
     <span class='ocr_line' id='line_1_24' title="bbox 152 2925 1327 3020; baseline 0.002 -28"><span class='ocrx_word' id='word_1_224' title='bbox 152 2947 236 3008; x_wconf 83' lang='lat' dir='ltr'><strong>mus,</strong></span> <span class='ocrx_word' id='word_1_225' title='bbox 261 2932 360 3017; x_wconf 87' lang='lat' dir='ltr'><strong>quod</strong></span> <span class='ocrx_word' id='word_1_226' title='bbox 381 2933 467 2996; x_wconf 86' lang='lat' dir='ltr'><strong>haec</strong></span> <span class='ocrx_word' id='word_1_227' title='bbox 489 2933 525 2996; x_wconf 87' lang='lat' dir='ltr'><strong>iu</strong></span> <span class='ocrx_word' id='word_1_228' title='bbox 547 2933 643 2998; x_wconf 86' lang='lat' dir='ltr'><strong>aonis</strong></span> <span class='ocrx_word' id='word_1_229' title='bbox 659 2925 688 3016; x_wconf 71' lang='lat'><strong>⁴)</strong></span> <span class='ocrx_word' id='word_1_230' title='bbox 710 2947 938 3020; x_wconf 83' lang='lat' dir='ltr'><strong>conpetenter</strong></span> <span class='ocrx_word' id='word_1_231' title='bbox 960 2944 1106 2996; x_wconf 87' lang='lat' dir='ltr'><strong>tractare</strong></span> <span class='ocrx_word' id='word_1_232' title='bbox 1130 2929 1327 2994; x_wconf 82' lang='lat' dir='ltr'><strong>debeamus.</strong></span> 
     </span>
    </p>
   </div>
   <div class='ocr_carea' id='block_1_3' title="bbox 151 3027 1618 3526">
    <p class='ocr_par' dir='ltr' id='par_1_6' title="bbox 151 3027 1618 3526">
     <span class='ocr_line' id='line_1_25' title="bbox 228 3027 1618 3120; baseline -0.006 -20"><span class='ocrx_word' id='word_1_233' title='bbox 228 3037 302 3100; x_wconf 82' lang='lat'><em>315.</em></span> <span class='ocrx_word' id='word_1_234' title='bbox 327 3034 413 3098; x_wconf 90' lang='lat' dir='ltr'><strong>ltem</strong></span> <span class='ocrx_word' id='word_1_235' title='bbox 438 3035 474 3097; x_wconf 93' lang='lat' dir='ltr'><strong>in</strong></span> <span class='ocrx_word' id='word_1_236' title='bbox 498 3035 551 3098; x_wconf 81' lang='lat' dir='ltr'><strong>hia</strong></span> <span class='ocrx_word' id='word_1_237' title='bbox 568 3035 774 3120; x_wconf 82' lang='lat' dir='ltr'><strong>supradictis</strong></span> <span class='ocrx_word' id='word_1_238' title='bbox 786 3035 971 3120; x_wconf 80' lang='lat' dir='ltr'><strong>generibus</strong></span> <span class='ocrx_word' id='word_1_239' title='bbox 995 3046 1074 3097; x_wconf 84' lang='lat' dir='ltr'><strong>sunt</strong></span> <span class='ocrx_word' id='word_1_240' title='bbox 1096 3033 1211 3117; x_wconf 86' lang='lat' dir='ltr'><strong>aliqua</strong></span> <span class='ocrx_word' id='word_1_241' title='bbox 1235 3031 1387 3104; x_wconf 85' lang='lat' dir='ltr'><strong>nomina,</strong></span> <span class='ocrx_word' id='word_1_242' title='bbox 1411 3049 1503 3112; x_wconf 82' lang='lat' dir='ltr'><strong>quac</strong></span> <span class='ocrx_word' id='word_1_243' title='bbox 1522 3027 1618 3092; x_wconf 87' lang='lat' dir='ltr'><strong>abla-</strong></span> 
     </span>
     <span class='ocr_line' id='line_1_26' title="bbox 153 3131 1616 3220; baseline -0.002 -26"><span class='ocrx_word' id='word_1_244' title='bbox 153 3133 216 3198; x_wconf 86' lang='lat' dir='ltr'><strong>tiro</strong></span> <span class='ocrx_word' id='word_1_245' title='bbox 239 3155 324 3200; x_wconf 82' lang='lat' dir='ltr'><strong>casu</strong></span> <span class='ocrx_word' id='word_1_246' title='bbox 351 3137 488 3200; x_wconf 91' lang='lat' dir='ltr'><strong>numeri</strong></span> <span class='ocrx_word' id='word_1_247' title='bbox 511 3137 696 3220; x_wconf 82' lang='lat' dir='ltr'><strong>singularis</strong></span> <span class='ocrx_word' id='word_1_248' title='bbox 724 3139 760 3202; x_wconf 93' lang='lat' dir='ltr'><strong>in</strong></span> <span class='ocrx_word' id='word_1_249' title='bbox 787 3160 857 3202; x_wconf 89' lang='lat' dir='ltr'><strong>uno</strong></span> <span class='ocrx_word' id='word_1_250' title='bbox 881 3136 1051 3202; x_wconf 82' lang='lat' dir='ltr'><strong>vocabulo</strong></span> <span class='ocrx_word' id='word_1_251' title='bbox 1075 3154 1137 3198; x_wconf 88' lang='lat' dir='ltr'><strong>auo</strong></span> <span class='ocrx_word' id='word_1_252' title='bbox 1166 3133 1301 3198; x_wconf 87' lang='lat' dir='ltr'><strong>duobus</strong></span> <span class='ocrx_word' id='word_1_253' title='bbox 1325 3131 1493 3194; x_wconf 73' lang='lat' dir='ltr'><strong>historiis</strong></span> <span class='ocrx_word' id='word_1_254' title='bbox 1518 3151 1616 3213; x_wconf 90' lang='lat' dir='ltr'><strong>repe-</strong></span> 
     </span>
     <span class='ocr_line' id='line_1_27' title="bbox 153 3227 1614 3330; baseline -0.001 -34"><span class='ocrx_word' id='word_1_255' title='bbox 153 3234 276 3299; x_wconf 88' lang='lat' dir='ltr'><strong>riantur</strong></span> <span class='ocrx_word' id='word_1_256' title='bbox 297 3233 325 3317; x_wconf 83' lang='lat'><strong>⁵)</strong></span> <span class='ocrx_word' id='word_1_257' title='bbox 357 3237 509 3316; x_wconf 87' lang='lat' dir='ltr'><strong>definiri,</strong></span> <span class='ocrx_word' id='word_1_258' title='bbox 541 3238 577 3302; x_wconf 90' lang='lat' dir='ltr'><strong>id</strong></span> <span class='ocrx_word' id='word_1_259' title='bbox 608 3255 658 3306; x_wconf 85' lang='lat' dir='ltr'><strong>est</strong></span> <span class='ocrx_word' id='word_1_260' title='bbox 690 3242 741 3302; x_wconf 90' lang='lat' dir='ltr'><strong>·E·</strong></span> <span class='ocrx_word' id='word_1_261' title='bbox 765 3253 800 3304; x_wconf 91' lang='lat' dir='ltr'><strong>et</strong></span> <span class='ocrx_word' id='word_1_262' title='bbox 823 3241 880 3330; x_wconf 65' lang='lat' dir='ltr'><strong>·lj‚</strong></span> <span class='ocrx_word' id='word_1_263' title='bbox 911 3251 949 3302; x_wconf 91' lang='lat' dir='ltr'><strong>ut</strong></span> <span class='ocrx_word' id='word_1_264' title='bbox 977 3250 1076 3323; x_wconf 77' lang='lat' dir='ltr'><strong>putat</strong></span> <span class='ocrx_word' id='word_1_265' title='bbox 1107 3235 1156 3299; x_wconf 89' lang='lat' dir='ltr'><strong>ab</strong></span> <span class='ocrx_word' id='word_1_266' title='bbox 1180 3237 1260 3298; x_wconf 88' lang='lat' dir='ltr'><strong>hoo</strong></span> <span class='ocrx_word' id='word_1_267' title='bbox 1280 3227 1310 3316; x_wconf 79' lang='grc'><strong>6)</strong></span> <span class='ocrx_word' id='word_1_268' title='bbox 1334 3235 1429 3317; x_wconf 86' lang='lat' dir='ltr'><strong>igue</strong></span> <span class='ocrx_word' id='word_1_269' title='bbox 1452 3243 1486 3294; x_wconf 92' lang='lat' dir='ltr'><strong>et</strong></span> <span class='ocrx_word' id='word_1_270' title='bbox 1509 3231 1614 3314; x_wconf 83' lang='lat' dir='ltr'><strong>igni.</strong></span> 
     </span>
     <span class='ocr_line' id='line_1_28' title="bbox 151 3325 1613 3426; baseline -0.001 -30"><span class='ocrx_word' id='word_1_271' title='bbox 151 3333 244 3401; x_wconf 89' lang='lat' dir='ltr'><strong>Nunc</strong></span> <span class='ocrx_word' id='word_1_272' title='bbox 266 3341 334 3404; x_wconf 92' lang='lat' dir='ltr'><strong>hoc</strong></span> <span class='ocrx_word' id='word_1_273' title='bbox 359 3359 551 3419; x_wconf 83' lang='lat' dir='ltr'><strong>monemus,</strong></span> <span class='ocrx_word' id='word_1_274' title='bbox 576 3341 672 3426; x_wconf 92' lang='lat' dir='ltr'><strong>quod</strong></span> <span class='ocrx_word' id='word_1_275' title='bbox 694 3342 763 3406; x_wconf 91' lang='lat' dir='ltr'><strong>sint</strong></span> <span class='ocrx_word' id='word_1_276' title='bbox 785 3340 905 3425; x_wconf 82' lang='lat' dir='ltr'><strong>aliqui,</strong></span> <span class='ocrx_word' id='word_1_277' title='bbox 930 3341 991 3424; x_wconf 92' lang='lat' dir='ltr'><strong>qui</strong></span> <span class='ocrx_word' id='word_1_278' title='bbox 1008 3341 1035 3420; x_wconf 86' lang='lat'><strong>⁷)</strong></span> <span class='ocrx_word' id='word_1_279' title='bbox 1051 3339 1132 3402; x_wconf 88' lang='lat' dir='ltr'><strong>huic</strong></span> <span class='ocrx_word' id='word_1_280' title='bbox 1156 3338 1250 3402; x_wconf 84' lang='lat' dir='ltr'><strong>casui</strong></span> <span class='ocrx_word' id='word_1_281' title='bbox 1266 3339 1334 3400; x_wconf 90' lang='lat' dir='ltr'><strong>hoo</strong></span> <span class='ocrx_word' id='word_1_282' title='bbox 1349 3347 1571 3422; x_wconf 86' lang='lat' dir='ltr'><strong>praeceptum</strong></span> <span class='ocrx_word' id='word_1_283' title='bbox 1587 3325 1613 3412; x_wconf 75' lang='lat'><strong>⁸)</strong></span> 
     </span>
     <span class='ocr_line' id='line_1_29' title="bbox 152 3436 1616 3526; baseline 0 -28"><span class='ocrx_word' id='word_1_284' title='bbox 152 3449 292 3504; x_wconf 85' lang='lat' dir='ltr'><strong>atatnere</strong></span> <span class='ocrx_word' id='word_1_285' title='bbox 314 3441 561 3526; x_wconf 78' lang='lat' dir='ltr'><strong>voluerunt⁹)‚</strong></span> <span class='ocrx_word' id='word_1_286' title='bbox 585 3445 653 3506; x_wconf 88' lang='lat' dir='ltr'><strong>lroo</strong></span> <span class='ocrx_word' id='word_1_287' title='bbox 676 3457 743 3521; x_wconf 79' lang='lat' dir='ltr'><strong>est,</strong></span> <span class='ocrx_word' id='word_1_288' title='bbox 766 3455 805 3507; x_wconf 90' lang='lat' dir='ltr'><strong>nt</strong></span> <span class='ocrx_word' id='word_1_289' title='bbox 827 3454 911 3507; x_wconf 89' lang='lat' dir='ltr'><strong>tuuc</strong></span> <span class='ocrx_word' id='word_1_290' title='bbox 929 3447 969 3526; x_wconf 88' lang='lat'><strong>¹⁰)</strong></span> <span class='ocrx_word' id='word_1_291' title='bbox 992 3442 1050 3506; x_wconf 89' lang='lat' dir='ltr'><strong>hic</strong></span> <span class='ocrx_word' id='word_1_292' title='bbox 1072 3439 1242 3504; x_wconf 85' lang='lat' dir='ltr'><strong>ablativus</strong></span> <span class='ocrx_word' id='word_1_293' title='bbox 1265 3459 1374 3516; x_wconf 84' lang='lat' dir='ltr'><strong>casua,</strong></span> <span class='ocrx_word' id='word_1_294' title='bbox 1396 3436 1533 3500; x_wconf 89' lang='lat' dir='ltr'><strong>numeri</strong></span> <span class='ocrx_word' id='word_1_295' title='bbox 1548 3437 1616 3500; x_wconf 85' lang='lat' dir='ltr'><strong>aci-</strong></span> 
     </span>
    </p>
   </div>
   <div class='ocr_carea' id='block_1_4' title="bbox 154 3695 1657 5175">
    <p class='ocr_par' dir='ltr' id='par_1_7' title="bbox 191 3695 1657 4824">
     <span class='ocr_line' id='line_1_30' title="bbox 191 3695 1612 3769; baseline 0.002 -20"><span class='ocrx_word' id='word_1_296' title='bbox 191 3697 226 3768; x_wconf 82' lang='grc'><strong>77)</strong></span> <span class='ocrx_word' id='word_1_297' title='bbox 244 3695 419 3752; x_wconf 82' lang='lat' dir='ltr'><strong>concluditur</strong></span> <span class='ocrx_word' id='word_1_298' title='bbox 438 3700 475 3755; x_wconf 89' lang='lat' dir='ltr'><strong>V.</strong></span> <span class='ocrx_word' id='word_1_299' title='bbox 494 3729 530 3744; x_wconf 88' lang='lat'><em>-</em></span> <span class='ocrx_word' id='word_1_300' title='bbox 549 3697 753 3752; x_wconf 83' lang='lat' dir='ltr'><strong>concluduntur</strong></span> <span class='ocrx_word' id='word_1_301' title='bbox 768 3700 801 3753; x_wconf 87' lang='lat' dir='ltr'><strong>B.</strong></span> <span class='ocrx_word' id='word_1_302' title='bbox 820 3699 857 3753; x_wconf 98' lang='lat' dir='ltr'><strong>A.</strong></span> <span class='ocrx_word' id='word_1_303' title='bbox 881 3701 930 3752; x_wconf 81' lang='lat' dir='ltr'><strong>red</strong></span> <span class='ocrx_word' id='word_1_304' title='bbox 947 3719 981 3752; x_wconf 81' lang='lat' dir='ltr'><strong>ex</strong></span> <span class='ocrx_word' id='word_1_305' title='bbox 999 3717 1050 3752; x_wconf 83' lang='lat' dir='ltr'><em>ent.</em></span> <span class='ocrx_word' id='word_1_306' title='bbox 1069 3711 1168 3769; x_wconf 77' lang='lat' dir='ltr'><strong>recept.</strong></span> <span class='ocrx_word' id='word_1_307' title='bbox 1189 3699 1225 3769; x_wconf 81' lang='lat'><strong>⁷⁸)</strong></span> <span class='ocrx_word' id='word_1_308' title='bbox 1240 3707 1307 3752; x_wconf 85' lang='lat' dir='ltr'><strong>tuuc</strong></span> <span class='ocrx_word' id='word_1_309' title='bbox 1326 3699 1361 3752; x_wconf 94' lang='lat' dir='ltr'><strong>V.</strong></span> <span class='ocrx_word' id='word_1_310' title='bbox 1377 3697 1415 3752; x_wconf 88' lang='lat' dir='ltr'><strong>A.</strong></span> <span class='ocrx_word' id='word_1_311' title='bbox 1435 3729 1470 3739; x_wconf 92' lang='lat'><em>-</em></span> <span class='ocrx_word' id='word_1_312' title='bbox 1487 3715 1561 3752; x_wconf 85' lang='lat' dir='ltr'><strong>uunc</strong></span> <span class='ocrx_word' id='word_1_313' title='bbox 1580 3701 1612 3752; x_wconf 82' lang='lat' dir='ltr'><strong>B.</strong></span> 
     </span>
     <span class='ocr_line' id='line_1_31' title="bbox 250 3782 1613 3858; baseline 0 -20"><span class='ocrx_word' id='word_1_314' title='bbox 250 3791 284 3856; x_wconf 80' lang='grc'><strong>77)</strong></span> <span class='ocrx_word' id='word_1_315' title='bbox 298 3782 396 3839; x_wconf 83' lang='lat' dir='ltr'><strong>horum</strong></span> <span class='ocrx_word' id='word_1_316' title='bbox 414 3788 446 3841; x_wconf 88' lang='lat' dir='ltr'><strong>B.</strong></span> <span class='ocrx_word' id='word_1_317' title='bbox 468 3788 504 3843; x_wconf 89' lang='lat' dir='ltr'><strong>V.</strong></span> <span class='ocrx_word' id='word_1_318' title='bbox 524 3787 646 3841; x_wconf 87' lang='lat' dir='ltr'><em>P.=A.</em></span> <span class='ocrx_word' id='word_1_319' title='bbox 666 3789 702 3855; x_wconf 69' lang='grc' dir='ltr'><strong>ὀ)</strong></span> <span class='ocrx_word' id='word_1_320' title='bbox 723 3794 789 3838; x_wconf 88' lang='lat' dir='ltr'><strong>tuuc</strong></span> <span class='ocrx_word' id='word_1_321' title='bbox 809 3788 844 3841; x_wconf 91' lang='lat' dir='ltr'><strong>V.</strong></span> <span class='ocrx_word' id='word_1_322' title='bbox 859 3787 887 3840; x_wconf 98' lang='lat' dir='ltr'><em>A</em></span> <span class='ocrx_word' id='word_1_323' title='bbox 906 3789 937 3840; x_wconf 82' lang='lat' dir='ltr'><strong>B.</strong></span> <span class='ocrx_word' id='word_1_324' title='bbox 958 3807 992 3840; x_wconf 74' lang='lat' dir='ltr'><strong>ex</strong></span> <span class='ocrx_word' id='word_1_325' title='bbox 1007 3805 1056 3841; x_wconf 83' lang='lat' dir='ltr'><em>em.</em></span> <span class='ocrx_word' id='word_1_326' title='bbox 1075 3807 1118 3858; x_wconf 86' lang='lat' dir='ltr'><em>pr.</em></span> <span class='ocrx_word' id='word_1_327' title='bbox 1137 3805 1172 3838; x_wconf 86' lang='lat' dir='ltr'><em>rn.</em></span> <span class='ocrx_word' id='word_1_328' title='bbox 1189 3817 1225 3830; x_wconf 90' lang='grc'><strong>--</strong></span> <span class='ocrx_word' id='word_1_329' title='bbox 1239 3793 1302 3838; x_wconf 81' lang='lat' dir='ltr'><strong>tunt</strong></span> <span class='ocrx_word' id='word_1_330' title='bbox 1321 3787 1345 3839; x_wconf 85' lang='lat' dir='ltr'><em>B</em></span> <span class='ocrx_word' id='word_1_331' title='bbox 1362 3805 1379 3838; x_wconf 86' lang='lat' dir='ltr'><strong>a</strong></span> <span class='ocrx_word' id='word_1_332' title='bbox 1397 3805 1439 3856; x_wconf 90' lang='lat' dir='ltr'><em>pr.</em></span> <span class='ocrx_word' id='word_1_333' title='bbox 1459 3805 1493 3838; x_wconf 90' lang='lat' dir='ltr'><strong>m.</strong></span> <span class='ocrx_word' id='word_1_334' title='bbox 1513 3787 1550 3854; x_wconf 84' lang='lat'><strong>⁸¹)</strong></span> <span class='ocrx_word' id='word_1_335' title='bbox 1570 3803 1613 3838; x_wconf 84' lang='lat' dir='ltr'><strong>ac·</strong></span> 
     </span>
     <span class='ocr_line' id='line_1_32' title="bbox 251 3871 1613 3944; baseline 0.001 -20"><span class='ocrx_word' id='word_1_336' title='bbox 251 3875 388 3927; x_wconf 78' lang='lat' dir='ltr'><strong>casatiroa</strong></span> <span class='ocrx_word' id='word_1_337' title='bbox 409 3875 445 3930; x_wconf 95' lang='lat' dir='ltr'><strong>V.</strong></span> <span class='ocrx_word' id='word_1_338' title='bbox 464 3876 546 3928; x_wconf 86' lang='lat' dir='ltr'><strong>A·-</strong></span> <span class='ocrx_word' id='word_1_339' title='bbox 564 3875 711 3928; x_wconf 74' lang='lat' dir='ltr'><strong>accusativi</strong></span> <span class='ocrx_word' id='word_1_340' title='bbox 730 3876 763 3928; x_wconf 83' lang='lat' dir='ltr'><strong>B.</strong></span> <span class='ocrx_word' id='word_1_341' title='bbox 784 3877 819 3944; x_wconf 83' lang='lat'><strong>⁸²)</strong></span> <span class='ocrx_word' id='word_1_342' title='bbox 840 3891 918 3926; x_wconf 76' lang='lat' dir='ltr'><strong>casua</strong></span> <span class='ocrx_word' id='word_1_343' title='bbox 938 3875 1104 3930; x_wconf 83' lang='lat' dir='ltr'><em>B.V.P.=</em></span> <span class='ocrx_word' id='word_1_344' title='bbox 1122 3872 1157 3926; x_wconf 94' lang='lat' dir='ltr'><strong>A.</strong></span> <span class='ocrx_word' id='word_1_345' title='bbox 1179 3875 1214 3942; x_wconf 77' lang='lat'><strong>⁸⁵)</strong></span> <span class='ocrx_word' id='word_1_346' title='bbox 1234 3871 1285 3927; x_wconf 81' lang='lat' dir='ltr'><strong>aed</strong></span> <span class='ocrx_word' id='word_1_347' title='bbox 1303 3871 1357 3928; x_wconf 87' lang='lat' dir='ltr'><strong>hoc</strong></span> <span class='ocrx_word' id='word_1_348' title='bbox 1374 3874 1400 3927; x_wconf 87' lang='lat' dir='ltr'><em>B</em></span> <span class='ocrx_word' id='word_1_349' title='bbox 1429 3873 1466 3928; x_wconf 88' lang='lat' dir='ltr'><strong>V.</strong></span> <span class='ocrx_word' id='word_1_350' title='bbox 1484 3903 1521 3915; x_wconf 91' lang='lat'><strong>·-</strong></span> <span class='ocrx_word' id='word_1_351' title='bbox 1546 3891 1613 3926; x_wconf 76' lang='lat' dir='ltr'><strong>rau·</strong></span> 
     </span>
     <span class='ocr_line' id='line_1_33' title="bbox 250 3957 1612 4036; baseline 0.002 -24"><span class='ocrx_word' id='word_1_352' title='bbox 250 3957 302 4014; x_wconf 77' lang='lat' dir='ltr'><strong>lieo</strong></span> <span class='ocrx_word' id='word_1_353' title='bbox 327 3964 364 4015; x_wconf 90' lang='lat' dir='ltr'><strong>A.</strong></span> <span class='ocrx_word' id='word_1_354' title='bbox 391 3964 427 4033; x_wconf 92' lang='grc'><strong>”)</strong></span> <span class='ocrx_word' id='word_1_355' title='bbox 454 3961 509 4016; x_wconf 83' lang='lat' dir='ltr'><strong>hoc</strong></span> <span class='ocrx_word' id='word_1_356' title='bbox 536 3965 571 4018; x_wconf 92' lang='lat' dir='ltr'><strong>V.</strong></span> <span class='ocrx_word' id='word_1_357' title='bbox 599 3962 635 4016; x_wconf 91' lang='lat' dir='ltr'><strong>A.</strong></span> <span class='ocrx_word' id='word_1_358' title='bbox 662 3960 779 4032; x_wconf 81' lang='lat' dir='ltr'><strong>-plut</strong></span> <span class='ocrx_word' id='word_1_359' title='bbox 804 3963 838 4016; x_wconf 88' lang='lat' dir='ltr'><strong>B.</strong></span> <span class='ocrx_word' id='word_1_360' title='bbox 867 3965 903 4032; x_wconf 81' lang='lat'><strong>⁸⁵)</strong></span> <span class='ocrx_word' id='word_1_361' title='bbox 928 3959 1151 4034; x_wconf 84' lang='lat' dir='ltr'><strong>quandoquidem</strong></span> <span class='ocrx_word' id='word_1_362' title='bbox 1178 3962 1216 4018; x_wconf 91' lang='lat' dir='ltr'><strong>V.</strong></span> <span class='ocrx_word' id='word_1_363' title='bbox 1240 3961 1277 4015; x_wconf 91' lang='lat' dir='ltr'><strong>A.</strong></span> <span class='ocrx_word' id='word_1_364' title='bbox 1297 3993 1333 4036; x_wconf 93' lang='grc' dir='ltr'><strong>Ι-</strong></span> <span class='ocrx_word' id='word_1_365' title='bbox 1357 3958 1561 4034; x_wconf 75' lang='lat' dir='ltr'><strong>qandoquidem</strong></span> <span class='ocrx_word' id='word_1_366' title='bbox 1579 3963 1612 4015; x_wconf 90' lang='lat' dir='ltr'><strong>B.</strong></span> 
     </span>
     <span class='ocr_line' id='line_1_34' title="bbox 252 4046 1614 4120; baseline 0.001 -19"><span class='ocrx_word' id='word_1_367' title='bbox 252 4050 286 4118; x_wconf 78' lang='lat'><strong>⁸⁶)</strong></span> <span class='ocrx_word' id='word_1_368' title='bbox 306 4047 471 4110; x_wconf 70' lang='lat' dir='ltr'><strong>deliniantur</strong></span> <span class='ocrx_word' id='word_1_369' title='bbox 489 4053 520 4106; x_wconf 89' lang='lat' dir='ltr'><strong>B.</strong></span> <span class='ocrx_word' id='word_1_370' title='bbox 541 4052 578 4105; x_wconf 86' lang='lat' dir='ltr'><strong>V·</strong></span> <span class='ocrx_word' id='word_1_371' title='bbox 588 4049 626 4104; x_wconf 88' lang='lat' dir='ltr'><strong>A.</strong></span> <span class='ocrx_word' id='word_1_372' title='bbox 644 4082 680 4091; x_wconf 94' lang='lat'>-</span> <span class='ocrx_word' id='word_1_373' title='bbox 699 4047 867 4102; x_wconf 76' lang='lat' dir='ltr'><strong>definiuntur</strong></span> <span class='ocrx_word' id='word_1_374' title='bbox 886 4052 917 4104; x_wconf 88' lang='lat' dir='ltr'><strong>P.</strong></span> <span class='ocrx_word' id='word_1_375' title='bbox 937 4052 972 4120; x_wconf 89' lang='grc'><strong>’7)</strong></span> <span class='ocrx_word' id='word_1_376' title='bbox 984 4068 1048 4103; x_wconf 81' lang='lat' dir='ltr'><strong>caru</strong></span> <span class='ocrx_word' id='word_1_377' title='bbox 1066 4049 1172 4101; x_wconf 84' lang='lat' dir='ltr'><strong>uumari</strong></span> <span class='ocrx_word' id='word_1_378' title='bbox 1192 4050 1222 4102; x_wconf 83' lang='lat' dir='ltr'><strong>lt.</strong></span> <span class='ocrx_word' id='word_1_379' title='bbox 1234 4049 1270 4104; x_wconf 90' lang='lat' dir='ltr'><strong>V.</strong></span> <span class='ocrx_word' id='word_1_380' title='bbox 1283 4051 1313 4103; x_wconf 88' lang='lat' dir='ltr'><strong>P.</strong></span> <span class='ocrx_word' id='word_1_381' title='bbox 1330 4072 1370 4100; x_wconf 85' lang='lat'>=</span> <span class='ocrx_word' id='word_1_382' title='bbox 1384 4049 1422 4104; x_wconf 89' lang='lat' dir='ltr'><strong>A.</strong></span> <span class='ocrx_word' id='word_1_383' title='bbox 1442 4051 1478 4119; x_wconf 83' lang='lat'><strong>⁸⁸)</strong></span> <span class='ocrx_word' id='word_1_384' title='bbox 1497 4046 1614 4102; x_wconf 85' lang='lat' dir='ltr'><strong>nubium</strong></span> 
     </span>
     <span class='ocr_line' id='line_1_35' title="bbox 253 4135 1657 4209; baseline 0.001 -20"><span class='ocrx_word' id='word_1_385' title='bbox 253 4136 333 4190; x_wconf 89' lang='lat' dir='ltr'><em>V.A.</em></span> <span class='ocrx_word' id='word_1_386' title='bbox 354 4169 387 4180; x_wconf 92' lang='lat'><em>-</em></span> <span class='ocrx_word' id='word_1_387' title='bbox 406 4139 517 4192; x_wconf 81' lang='lat' dir='ltr'><strong>nuvium</strong></span> <span class='ocrx_word' id='word_1_388' title='bbox 534 4139 568 4192; x_wconf 88' lang='lat' dir='ltr'><strong>B.</strong></span> <span class='ocrx_word' id='word_1_389' title='bbox 596 4138 632 4209; x_wconf 79' lang='lat'><strong>⁸⁹)</strong></span> <span class='ocrx_word' id='word_1_390' title='bbox 651 4139 846 4208; x_wconf 84' lang='lat' dir='ltr'><strong>pronuntiatur</strong></span> <span class='ocrx_word' id='word_1_391' title='bbox 864 4135 902 4192; x_wconf 88' lang='lat' dir='ltr'><strong>V.</strong></span> <span class='ocrx_word' id='word_1_392' title='bbox 921 4137 956 4190; x_wconf 89' lang='lat' dir='ltr'><strong>A.</strong></span> <span class='ocrx_word' id='word_1_393' title='bbox 976 4169 1012 4178; x_wconf 91' lang='lat'>-</span> <span class='ocrx_word' id='word_1_394' title='bbox 1037 4138 1251 4209; x_wconf 82' lang='lat' dir='ltr'><strong>pronuntiantur</strong></span> <span class='ocrx_word' id='word_1_395' title='bbox 1268 4139 1302 4191; x_wconf 88' lang='lat' dir='ltr'><strong>B.</strong></span> <span class='ocrx_word' id='word_1_396' title='bbox 1330 4139 1368 4206; x_wconf 81' lang='lat'><strong>⁹⁰)</strong></span> <span class='ocrx_word' id='word_1_397' title='bbox 1387 4145 1453 4190; x_wconf 81' lang='lat' dir='ltr'><strong>runt</strong></span> <span class='ocrx_word' id='word_1_398' title='bbox 1471 4138 1507 4192; x_wconf 90' lang='lat' dir='ltr'><strong>V.</strong></span> <span class='ocrx_word' id='word_1_399' title='bbox 1528 4139 1559 4191; x_wconf 88' lang='lat' dir='ltr'><strong>P.</strong></span> <span class='ocrx_word' id='word_1_400' title='bbox 1577 4169 1614 4179; x_wconf 93' lang='lat'><em>-</em></span> <span class='ocrx_word' id='word_1_401' title='bbox 1654 4165 1657 4172; x_wconf 39' lang='lat'><em>¹</em></span> 
     </span>
     <span class='ocr_line' id='line_1_36' title="bbox 247 4209 1612 4299; baseline 0.001 -24"><span class='ocrx_word' id='word_1_402' title='bbox 247 4224 302 4278; x_wconf 80' lang='lat' dir='ltr'><strong>rint</strong></span> <span class='ocrx_word' id='word_1_403' title='bbox 320 4227 353 4279; x_wconf 87' lang='lat' dir='ltr'><strong>B.</strong></span> <span class='ocrx_word' id='word_1_404' title='bbox 373 4227 411 4280; x_wconf 75' lang='lat' dir='ltr'><strong>A.</strong></span> <span class='ocrx_word' id='word_1_405' title='bbox 439 4228 478 4299; x_wconf 76' lang='grc'><strong>7’)</strong></span> <span class='ocrx_word' id='word_1_406' title='bbox 502 4233 568 4299; x_wconf 78' lang='lat' dir='ltr'><strong>post</strong></span> <span class='ocrx_word' id='word_1_407' title='bbox 584 4227 618 4280; x_wconf 86' lang='lat' dir='ltr'><strong>B.</strong></span> <span class='ocrx_word' id='word_1_408' title='bbox 639 4253 671 4268; x_wconf 89' lang='lat'><em>-</em></span> <span class='ocrx_word' id='word_1_409' title='bbox 691 4233 754 4276; x_wconf 85' lang='lat' dir='ltr'><strong>oute</strong></span> <span class='ocrx_word' id='word_1_410' title='bbox 774 4225 810 4280; x_wconf 92' lang='lat' dir='ltr'><strong>V.</strong></span> <span class='ocrx_word' id='word_1_411' title='bbox 829 4223 866 4281; x_wconf 89' lang='lat' dir='ltr'><strong>A.</strong></span> <span class='ocrx_word' id='word_1_412' title='bbox 892 4228 928 4291; x_wconf 73' lang='lat' dir='ltr'><strong>t&#39;)</strong></span> <span class='ocrx_word' id='word_1_413' title='bbox 949 4222 1114 4278; x_wconf 84' lang='lat' dir='ltr'><strong>definiantur</strong></span> <span class='ocrx_word' id='word_1_414' title='bbox 1131 4227 1163 4280; x_wconf 86' lang='lat' dir='ltr'><strong>B.</strong></span> <span class='ocrx_word' id='word_1_415' title='bbox 1182 4255 1218 4266; x_wconf 93' lang='lat'><strong>—-</strong></span> <span class='ocrx_word' id='word_1_416' title='bbox 1237 4209 1441 4277; x_wconf 85' lang='lat' dir='ltr'><strong>concluduntur</strong></span> <span class='ocrx_word' id='word_1_417' title='bbox 1468 4225 1504 4279; x_wconf 88' lang='lat' dir='ltr'><strong>V.</strong></span> <span class='ocrx_word' id='word_1_418' title='bbox 1524 4226 1561 4279; x_wconf 95' lang='lat' dir='ltr'><strong>A.</strong></span> <span class='ocrx_word' id='word_1_419' title='bbox 1581 4227 1612 4278; x_wconf 89' lang='lat' dir='ltr'><em>P.</em></span> 
     </span>
     <span class='ocr_line' id='line_1_37' title="bbox 248 4309 1611 4383; baseline 0 -19"><span class='ocrx_word' id='word_1_420' title='bbox 248 4313 283 4381; x_wconf 80' lang='lat'><strong>⁰¹)</strong></span> <span class='ocrx_word' id='word_1_421' title='bbox 302 4321 331 4364; x_wconf 82' lang='lat' dir='ltr'><strong>at</strong></span> <span class='ocrx_word' id='word_1_422' title='bbox 357 4315 513 4366; x_wconf 72' lang='lat' dir='ltr'><strong>accusativo</strong></span> <span class='ocrx_word' id='word_1_423' title='bbox 527 4349 624 4366; x_wconf 88' lang='lat'><em>......</em></span> <span class='ocrx_word' id='word_1_424' title='bbox 643 4309 844 4366; x_wconf 83' lang='lat' dir='ltr'><strong>concludantur</strong></span> <span class='ocrx_word' id='word_1_425' title='bbox 862 4313 894 4364; x_wconf 88' lang='lat' dir='ltr'><strong>B.</strong></span> <span class='ocrx_word' id='word_1_426' title='bbox 915 4313 952 4367; x_wconf 92' lang='lat' dir='ltr'><em>V.</em></span> <span class='ocrx_word' id='word_1_427' title='bbox 973 4315 1003 4368; x_wconf 92' lang='lat' dir='ltr'><em>P.</em></span> <span class='ocrx_word' id='word_1_428' title='bbox 1021 4335 1058 4364; x_wconf 92' lang='lat'><em>=</em></span> <span class='ocrx_word' id='word_1_429' title='bbox 1076 4315 1112 4367; x_wconf 91' lang='lat' dir='ltr'><strong>A.</strong></span> <span class='ocrx_word' id='word_1_430' title='bbox 1139 4315 1177 4383; x_wconf 73' lang='grc' dir='ltr'><strong>ο’)</strong></span> <span class='ocrx_word' id='word_1_431' title='bbox 1196 4319 1261 4364; x_wconf 84' lang='lat' dir='ltr'><strong>aout</strong></span> <span class='ocrx_word' id='word_1_432' title='bbox 1278 4313 1311 4366; x_wconf 88' lang='lat' dir='ltr'><strong>B.</strong></span> <span class='ocrx_word' id='word_1_433' title='bbox 1332 4313 1369 4367; x_wconf 96' lang='lat' dir='ltr'><em>V.</em></span> <span class='ocrx_word' id='word_1_434' title='bbox 1388 4313 1420 4366; x_wconf 88' lang='lat' dir='ltr'><em>P.</em></span> <span class='ocrx_word' id='word_1_435' title='bbox 1439 4341 1476 4356; x_wconf 89' lang='lat'>-</span> <span class='ocrx_word' id='word_1_436' title='bbox 1500 4311 1558 4364; x_wconf 81' lang='lat' dir='ltr'><strong>tint</strong></span> <span class='ocrx_word' id='word_1_437' title='bbox 1575 4315 1611 4366; x_wconf 91' lang='lat' dir='ltr'><em>A.</em></span> 
     </span>
     <span class='ocr_line' id='line_1_38' title="bbox 248 4396 1610 4470; baseline 0.004 -20"><span class='ocrx_word' id='word_1_438' title='bbox 248 4401 284 4468; x_wconf 80' lang='lat'><strong>⁰⁵)</strong></span> <span class='ocrx_word' id='word_1_439' title='bbox 303 4397 469 4454; x_wconf 82' lang='lat' dir='ltr'><strong>deliniantur</strong></span> <span class='ocrx_word' id='word_1_440' title='bbox 486 4402 519 4456; x_wconf 82' lang='lat' dir='ltr'><strong>B.</strong></span> <span class='ocrx_word' id='word_1_441' title='bbox 541 4402 577 4455; x_wconf 93' lang='lat' dir='ltr'><em>V.</em></span> <span class='ocrx_word' id='word_1_442' title='bbox 597 4401 632 4454; x_wconf 89' lang='lat' dir='ltr'><strong>A.</strong></span> <span class='ocrx_word' id='word_1_443' title='bbox 652 4431 687 4442; x_wconf 90' lang='lat'>-</span> <span class='ocrx_word' id='word_1_444' title='bbox 706 4397 873 4452; x_wconf 85' lang='lat' dir='ltr'><strong>deliniuntur</strong></span> <span class='ocrx_word' id='word_1_445' title='bbox 892 4401 923 4453; x_wconf 85' lang='lat' dir='ltr'><strong>P·</strong></span> <span class='ocrx_word' id='word_1_446' title='bbox 948 4403 984 4470; x_wconf 75' lang='lat'><strong>⁹⁶)</strong></span> <span class='ocrx_word' id='word_1_447' title='bbox 1006 4401 1067 4456; x_wconf 62' lang='lat' dir='ltr'><strong>fas·</strong></span> <span class='ocrx_word' id='word_1_448' title='bbox 1085 4402 1119 4456; x_wconf 81' lang='lat' dir='ltr'><strong>B.</strong></span> <span class='ocrx_word' id='word_1_449' title='bbox 1137 4402 1174 4454; x_wconf 90' lang='lat' dir='ltr'><strong>A.</strong></span> <span class='ocrx_word' id='word_1_450' title='bbox 1199 4431 1236 4444; x_wconf 89' lang='lat'>-</span> <span class='ocrx_word' id='word_1_451' title='bbox 1254 4409 1283 4454; x_wconf 84' lang='lat' dir='ltr'><strong>et</strong></span> <span class='ocrx_word' id='word_1_452' title='bbox 1301 4400 1364 4455; x_wconf 81' lang='lat' dir='ltr'><strong>·ES·</strong></span> <span class='ocrx_word' id='word_1_453' title='bbox 1383 4401 1421 4457; x_wconf 87' lang='lat' dir='ltr'><strong>V.</strong></span> <span class='ocrx_word' id='word_1_454' title='bbox 1448 4403 1484 4470; x_wconf 82' lang='grc'><strong>’7)</strong></span> <span class='ocrx_word' id='word_1_455' title='bbox 1503 4396 1555 4453; x_wconf 78' lang='lat' dir='ltr'><strong>bor</strong></span> <span class='ocrx_word' id='word_1_456' title='bbox 1575 4401 1610 4456; x_wconf 88' lang='lat' dir='ltr'><strong>V.</strong></span> 
     </span>
     <span class='ocr_line' id='line_1_39' title="bbox 245 4487 1611 4562; baseline 0 -22"><span class='ocrx_word' id='word_1_457' title='bbox 245 4488 281 4540; x_wconf 91' lang='lat' dir='ltr'><strong>A.</strong></span> <span class='ocrx_word' id='word_1_458' title='bbox 298 4511 335 4538; x_wconf 91' lang='lat'>=</span> <span class='ocrx_word' id='word_1_459' title='bbox 354 4489 387 4542; x_wconf 87' lang='lat' dir='ltr'><strong>B.</strong></span> <span class='ocrx_word' id='word_1_460' title='bbox 408 4491 445 4560; x_wconf 75' lang='lat'><strong>⁹¹)</strong></span> <span class='ocrx_word' id='word_1_461' title='bbox 464 4489 611 4560; x_wconf 80' lang='lat' dir='ltr'><strong>praecipue</strong></span> <span class='ocrx_word' id='word_1_462' title='bbox 630 4517 667 4532; x_wconf 84' lang='lat'><strong>-·</strong></span> <span class='ocrx_word' id='word_1_463' title='bbox 687 4487 844 4560; x_wconf 79' lang='lat' dir='ltr'><strong>praecipior</strong></span> <span class='ocrx_word' id='word_1_464' title='bbox 861 4490 896 4543; x_wconf 89' lang='lat' dir='ltr'><strong>B.</strong></span> <span class='ocrx_word' id='word_1_465' title='bbox 916 4519 950 4532; x_wconf 93' lang='lat'>-</span> <span class='ocrx_word' id='word_1_466' title='bbox 961 4490 1126 4561; x_wconf 87' lang='lat' dir='ltr'><strong>praecipuot</strong></span> <span class='ocrx_word' id='word_1_467' title='bbox 1146 4491 1229 4543; x_wconf 89' lang='lat' dir='ltr'><strong>A.-</strong></span> <span class='ocrx_word' id='word_1_468' title='bbox 1243 4489 1421 4562; x_wconf 74' lang='lat' dir='ltr'><strong>proecipuum</strong></span> <span class='ocrx_word' id='word_1_469' title='bbox 1441 4489 1522 4558; x_wconf 59' lang='lat' dir='ltr'><strong>VM)</strong></span> <span class='ocrx_word' id='word_1_470' title='bbox 1542 4503 1611 4541; x_wconf 86' lang='lat' dir='ltr'><strong>tono</strong></span> 
     </span>
     <span class='ocr_line' id='line_1_40' title="bbox 249 4573 1611 4650; baseline -0.001 -24"><span class='ocrx_word' id='word_1_471' title='bbox 249 4576 279 4626; x_wconf 87' lang='lat' dir='ltr'><strong>B.</strong></span> <span class='ocrx_word' id='word_1_472' title='bbox 299 4575 331 4630; x_wconf 96' lang='lat' dir='ltr'><em>V</em></span> <span class='ocrx_word' id='word_1_473' title='bbox 329 4612 335 4627; x_wconf 94' lang='lat'><strong>.</strong></span> <span class='ocrx_word' id='word_1_474' title='bbox 347 4577 378 4628; x_wconf 85' lang='grc' dir='ltr'><strong>Ρ.</strong></span> <span class='ocrx_word' id='word_1_475' title='bbox 396 4597 432 4626; x_wconf 90' lang='lat'>=</span> <span class='ocrx_word' id='word_1_476' title='bbox 449 4574 486 4629; x_wconf 90' lang='lat' dir='ltr'><strong>A.</strong></span> <span class='ocrx_word' id='word_1_477' title='bbox 508 4579 555 4648; x_wconf 87' lang='lat'><strong>¹⁰⁰)</strong></span> <span class='ocrx_word' id='word_1_478' title='bbox 575 4573 768 4648; x_wconf 78' lang='lat' dir='ltr'><strong>amplexaeque</strong></span> <span class='ocrx_word' id='word_1_479' title='bbox 788 4575 824 4634; x_wconf 90' lang='lat' dir='ltr'><em>V.</em></span> <span class='ocrx_word' id='word_1_480' title='bbox 837 4579 867 4631; x_wconf 87' lang='lat' dir='ltr'><em>P.</em></span> <span class='ocrx_word' id='word_1_481' title='bbox 887 4607 920 4622; x_wconf 84' lang='lat'><strong>-·</strong></span> <span class='ocrx_word' id='word_1_482' title='bbox 941 4575 1118 4650; x_wconf 74' lang='lat' dir='ltr'><strong>amplexoque</strong></span> <span class='ocrx_word' id='word_1_483' title='bbox 1137 4573 1428 4647; x_wconf 79' lang='lat' dir='ltr'><strong>B.-ampleartequa</strong></span> <span class='ocrx_word' id='word_1_484' title='bbox 1446 4575 1483 4627; x_wconf 88' lang='lat' dir='ltr'><strong>A.</strong></span> <span class='ocrx_word' id='word_1_485' title='bbox 1495 4585 1498 4594; x_wconf 95' lang='grc'><strong>’</strong></span> <span class='ocrx_word' id='word_1_486' title='bbox 1511 4578 1532 4644; x_wconf 84' lang='grc'><strong>’)</strong></span> <span class='ocrx_word' id='word_1_487' title='bbox 1544 4573 1611 4626; x_wconf 83' lang='lat' dir='ltr'><strong>itam</strong></span> 
     </span>
     <span class='ocr_line' id='line_1_41' title="bbox 247 4660 1609 4738; baseline 0 -24"><span class='ocrx_word' id='word_1_488' title='bbox 247 4662 277 4714; x_wconf 92' lang='lat' dir='ltr'><strong>B.</strong></span> <span class='ocrx_word' id='word_1_489' title='bbox 298 4663 334 4716; x_wconf 91' lang='lat' dir='ltr'><strong>V.</strong></span> <span class='ocrx_word' id='word_1_490' title='bbox 352 4665 385 4716; x_wconf 90' lang='lat' dir='ltr'><em>P.</em></span> <span class='ocrx_word' id='word_1_491' title='bbox 404 4693 440 4706; x_wconf 88' lang='lat'><em>-</em></span> <span class='ocrx_word' id='word_1_492' title='bbox 457 4663 579 4736; x_wconf 80' lang='lat' dir='ltr'><strong>itemque</strong></span> <span class='ocrx_word' id='word_1_493' title='bbox 597 4664 634 4720; x_wconf 89' lang='lat' dir='ltr'><strong>A.</strong></span> <span class='ocrx_word' id='word_1_494' title='bbox 655 4665 680 4737; x_wconf 87' lang='lat'><strong>¹)</strong></span> <span class='ocrx_word' id='word_1_495' title='bbox 701 4665 845 4738; x_wconf 71' lang='lat' dir='ltr'><strong>portisque</strong></span> <span class='ocrx_word' id='word_1_496' title='bbox 865 4666 900 4720; x_wconf 91' lang='lat' dir='ltr'><strong>V.</strong></span> <span class='ocrx_word' id='word_1_497' title='bbox 917 4666 946 4718; x_wconf 89' lang='lat' dir='ltr'><strong>P.</strong></span> <span class='ocrx_word' id='word_1_498' title='bbox 965 4695 1001 4706; x_wconf 94' lang='lat'><em>-</em></span> <span class='ocrx_word' id='word_1_499' title='bbox 1020 4666 1179 4736; x_wconf 84' lang='lat' dir='ltr'><strong>postiaquac</strong></span> <span class='ocrx_word' id='word_1_500' title='bbox 1198 4665 1230 4718; x_wconf 82' lang='lat' dir='ltr'><em>lt.</em></span> <span class='ocrx_word' id='word_1_501' title='bbox 1249 4695 1284 4704; x_wconf 92' lang='lat'>-</span> <span class='ocrx_word' id='word_1_502' title='bbox 1302 4669 1451 4734; x_wconf 77' lang='lat' dir='ltr'><strong>portetque</strong></span> <span class='ocrx_word' id='word_1_503' title='bbox 1461 4660 1500 4716; x_wconf 91' lang='lat' dir='ltr'><strong>A.</strong></span> <span class='ocrx_word' id='word_1_504' title='bbox 1520 4663 1542 4730; x_wconf 77' lang='lat'><strong>⁸)</strong></span> <span class='ocrx_word' id='word_1_505' title='bbox 1563 4677 1609 4714; x_wconf 85' lang='lat' dir='ltr'><strong>co·</strong></span> 
     </span>
     <span class='ocr_line' id='line_1_42' title="bbox 245 4745 1608 4824; baseline 0 -23"><span class='ocrx_word' id='word_1_506' title='bbox 245 4750 387 4818; x_wconf 74' lang='lat' dir='ltr'><strong>puoaeitur</strong></span> <span class='ocrx_word' id='word_1_507' title='bbox 413 4751 449 4806; x_wconf 92' lang='lat' dir='ltr'><strong>V.</strong></span> <span class='ocrx_word' id='word_1_508' title='bbox 467 4752 504 4806; x_wconf 85' lang='lat' dir='ltr'><strong>A.</strong></span> <span class='ocrx_word' id='word_1_509' title='bbox 523 4783 558 4794; x_wconf 88' lang='lat'><em>-</em></span> <span class='ocrx_word' id='word_1_510' title='bbox 584 4753 762 4823; x_wconf 74' lang='lat' dir='ltr'><strong>cognoscitur</strong></span> <span class='ocrx_word' id='word_1_511' title='bbox 780 4753 813 4806; x_wconf 84' lang='lat' dir='ltr'><strong>B.</strong></span> <span class='ocrx_word' id='word_1_512' title='bbox 841 4753 864 4820; x_wconf 86' lang='lat'><strong>⁴)</strong></span> <span class='ocrx_word' id='word_1_513' title='bbox 885 4748 961 4824; x_wconf 83' lang='lat' dir='ltr'><strong>qood</strong></span> <span class='ocrx_word' id='word_1_514' title='bbox 980 4749 1049 4804; x_wconf 80' lang='lat' dir='ltr'><strong>lraec</strong></span> <span class='ocrx_word' id='word_1_515' title='bbox 1067 4751 1095 4804; x_wconf 90' lang='lat' dir='ltr'><strong>iu</strong></span> <span class='ocrx_word' id='word_1_516' title='bbox 1114 4753 1190 4804; x_wconf 80' lang='lat' dir='ltr'><strong>aonia·</strong></span> <span class='ocrx_word' id='word_1_517' title='bbox 1211 4753 1246 4804; x_wconf 90' lang='lat' dir='ltr'><em>V.</em></span> <span class='ocrx_word' id='word_1_518' title='bbox 1269 4779 1300 4794; x_wconf 89' lang='lat'>-</span> <span class='ocrx_word' id='word_1_519' title='bbox 1328 4745 1403 4820; x_wconf 88' lang='lat' dir='ltr'><strong>quod</strong></span> <span class='ocrx_word' id='word_1_520' title='bbox 1422 4745 1490 4799; x_wconf 79' lang='lat' dir='ltr'><strong>heac</strong></span> <span class='ocrx_word' id='word_1_521' title='bbox 1508 4745 1561 4801; x_wconf 74' lang='lat' dir='ltr'><strong>lace</strong></span> <span class='ocrx_word' id='word_1_522' title='bbox 1580 4749 1608 4800; x_wconf 90' lang='lat' dir='ltr'><strong>in</strong></span> 
     </span>
    </p>

    <p class='ocr_par' dir='ltr' id='par_1_8' title="bbox 154 4836 1610 5175">
     <span class='ocr_line' id='line_1_43' title="bbox 154 4836 1608 4912; baseline 0 -22"><span class='ocrx_word' id='word_1_523' title='bbox 154 4891 160 4900; x_wconf 75' lang='grc'>,</span> <span class='ocrx_word' id='word_1_524' title='bbox 244 4840 319 4892; x_wconf 75' lang='lat' dir='ltr'><strong>sonia</strong></span> <span class='ocrx_word' id='word_1_525' title='bbox 337 4840 370 4894; x_wconf 90' lang='lat' dir='ltr'><strong>B.</strong></span> <span class='ocrx_word' id='word_1_526' title='bbox 390 4851 425 4880; x_wconf 76' lang='lat'><strong>-‘-</strong></span> <span class='ocrx_word' id='word_1_527' title='bbox 443 4837 518 4912; x_wconf 87' lang='lat' dir='ltr'><strong>qnod</strong></span> <span class='ocrx_word' id='word_1_528' title='bbox 544 4837 628 4892; x_wconf 83' lang='lat' dir='ltr'><strong>habet</strong></span> <span class='ocrx_word' id='word_1_529' title='bbox 646 4841 674 4892; x_wconf 92' lang='lat' dir='ltr'><strong>iu</strong></span> <span class='ocrx_word' id='word_1_530' title='bbox 701 4841 778 4893; x_wconf 80' lang='lat' dir='ltr'><strong>aonia</strong></span> <span class='ocrx_word' id='word_1_531' title='bbox 796 4841 828 4893; x_wconf 86' lang='lat' dir='ltr'><strong>P.</strong></span> <span class='ocrx_word' id='word_1_532' title='bbox 849 4868 882 4880; x_wconf 88' lang='lat'><strong>-·</strong></span> <span class='ocrx_word' id='word_1_533' title='bbox 901 4837 976 4910; x_wconf 81' lang='lat' dir='ltr'><strong>quod</strong></span> <span class='ocrx_word' id='word_1_534' title='bbox 996 4839 1025 4890; x_wconf 91' lang='lat' dir='ltr'><strong>iu</strong></span> <span class='ocrx_word' id='word_1_535' title='bbox 1044 4842 1120 4894; x_wconf 82' lang='lat' dir='ltr'><strong>tonia</strong></span> <span class='ocrx_word' id='word_1_536' title='bbox 1146 4837 1212 4892; x_wconf 80' lang='lat' dir='ltr'><strong>inec</strong></span> <span class='ocrx_word' id='word_1_537' title='bbox 1231 4839 1266 4892; x_wconf 93' lang='lat' dir='ltr'><strong>A.</strong></span> <span class='ocrx_word' id='word_1_538' title='bbox 1288 4839 1310 4906; x_wconf 78' lang='lat'><strong>⁵)</strong></span> <span class='ocrx_word' id='word_1_539' title='bbox 1330 4836 1500 4907; x_wconf 82' lang='lat' dir='ltr'><strong>reperiantur</strong></span> <span class='ocrx_word' id='word_1_540' title='bbox 1518 4837 1550 4890; x_wconf 88' lang='lat' dir='ltr'><strong>B.</strong></span> <span class='ocrx_word' id='word_1_541' title='bbox 1573 4837 1608 4890; x_wconf 91' lang='lat' dir='ltr'><strong>V.</strong></span> 
     </span>
     <span class='ocr_line' id='line_1_44' title="bbox 243 4921 1610 5000; baseline 0 -24"><span class='ocrx_word' id='word_1_542' title='bbox 243 4925 273 4976; x_wconf 91' lang='lat' dir='ltr'><strong>P.</strong></span> <span class='ocrx_word' id='word_1_543' title='bbox 290 4957 327 4970; x_wconf 91' lang='lat'><em>-</em></span> <span class='ocrx_word' id='word_1_544' title='bbox 345 4929 519 4998; x_wconf 82' lang='lat' dir='ltr'><strong>reperiuntur</strong></span> <span class='ocrx_word' id='word_1_545' title='bbox 537 4929 574 4981; x_wconf 90' lang='lat' dir='ltr'><strong>A.</strong></span> <span class='ocrx_word' id='word_1_546' title='bbox 596 4929 620 5000; x_wconf 85' lang='lat'><strong>⁶)</strong></span> <span class='ocrx_word' id='word_1_547' title='bbox 640 4925 674 4978; x_wconf 82' lang='lat' dir='ltr'><strong>ab</strong></span> <span class='ocrx_word' id='word_1_548' title='bbox 695 4925 746 4980; x_wconf 87' lang='lat' dir='ltr'><strong>lroo</strong></span> <span class='ocrx_word' id='word_1_549' title='bbox 765 4929 798 4982; x_wconf 88' lang='lat' dir='ltr'><strong>B.</strong></span> <span class='ocrx_word' id='word_1_550' title='bbox 826 4927 861 4981; x_wconf 92' lang='lat' dir='ltr'><em>V.</em></span> <span class='ocrx_word' id='word_1_551' title='bbox 884 4928 912 4980; x_wconf 91' lang='lat' dir='ltr'><strong>P.</strong></span> <span class='ocrx_word' id='word_1_552' title='bbox 934 4955 967 4968; x_wconf 91' lang='lat'>-</span> <span class='ocrx_word' id='word_1_553' title='bbox 985 4924 1035 4992; x_wconf 69' lang='lat' dir='ltr'><strong>lior</strong></span> <span class='ocrx_word' id='word_1_554' title='bbox 1056 4929 1102 4993; x_wconf 89' lang='lat'><em>(..-.·</em></span> <span class='ocrx_word' id='word_1_555' title='bbox 1116 4923 1162 4996; x_wconf 84' lang='lat' dir='ltr'><strong>ab)</strong></span> <span class='ocrx_word' id='word_1_556' title='bbox 1183 4927 1217 4978; x_wconf 91' lang='lat' dir='ltr'><strong>A.</strong></span> <span class='ocrx_word' id='word_1_557' title='bbox 1244 4933 1266 4992; x_wconf 80' lang='grc'><strong>7)</strong></span> <span class='ocrx_word' id='word_1_558' title='bbox 1292 4922 1376 4996; x_wconf 86' lang='lat' dir='ltr'><strong>aliqui</strong></span> <span class='ocrx_word' id='word_1_559' title='bbox 1396 4921 1444 4996; x_wconf 91' lang='lat' dir='ltr'><strong>qui</strong></span> <span class='ocrx_word' id='word_1_560' title='bbox 1463 4925 1500 4978; x_wconf 94' lang='lat' dir='ltr'><em>V.</em></span> <span class='ocrx_word' id='word_1_561' title='bbox 1519 4924 1555 4976; x_wconf 92' lang='lat' dir='ltr'><strong>A.</strong></span> <span class='ocrx_word' id='word_1_562' title='bbox 1567 4923 1610 4965; x_wconf 76' lang='lat'><strong>⁹-</strong></span> 
     </span>
     <span class='ocr_line' id='line_1_45' title="bbox 243 5009 1609 5088; baseline -0.001 -23"><span class='ocrx_word' id='word_1_563' title='bbox 243 5009 287 5066; x_wconf 73' lang='lat' dir='ltr'><strong>alii</strong></span> <span class='ocrx_word' id='word_1_564' title='bbox 307 5015 353 5086; x_wconf 88' lang='lat' dir='ltr'><strong>qui</strong></span> <span class='ocrx_word' id='word_1_565' title='bbox 373 5017 405 5070; x_wconf 87' lang='lat' dir='ltr'><strong>B.</strong></span> <span class='ocrx_word' id='word_1_566' title='bbox 425 5013 562 5088; x_wconf 83' lang='lat' dir='ltr'><strong>-aliqui</strong></span> <span class='ocrx_word' id='word_1_567' title='bbox 583 5018 628 5084; x_wconf 88' lang='lat'><strong>(=</strong></span> <span class='ocrx_word' id='word_1_568' title='bbox 647 5016 706 5088; x_wconf 87' lang='lat' dir='ltr'><strong>qui)</strong></span> <span class='ocrx_word' id='word_1_569' title='bbox 727 5017 757 5068; x_wconf 88' lang='lat' dir='ltr'><em>P.</em></span> <span class='ocrx_word' id='word_1_570' title='bbox 787 5017 811 5087; x_wconf 81' lang='lat'><strong>¹)</strong></span> <span class='ocrx_word' id='word_1_571' title='bbox 831 5023 1007 5085; x_wconf 81' lang='lat' dir='ltr'><strong>praerrptnnr</strong></span> <span class='ocrx_word' id='word_1_572' title='bbox 1027 5015 1063 5068; x_wconf 93' lang='lat' dir='ltr'><strong>V.</strong></span> <span class='ocrx_word' id='word_1_573' title='bbox 1084 5015 1119 5068; x_wconf 90' lang='lat' dir='ltr'><strong>A.</strong></span> <span class='ocrx_word' id='word_1_574' title='bbox 1141 5041 1173 5054; x_wconf 93' lang='lat'>-</span> <span class='ocrx_word' id='word_1_575' title='bbox 1193 5021 1371 5084; x_wconf 67' lang='lat' dir='ltr'><strong>purrooepturn</strong></span> <span class='ocrx_word' id='word_1_576' title='bbox 1392 5019 1448 5064; x_wconf 82' lang='lat' dir='ltr'><strong>turn</strong></span> <span class='ocrx_word' id='word_1_577' title='bbox 1468 5012 1499 5066; x_wconf 83' lang='lat' dir='ltr'><strong>B.</strong></span> <span class='ocrx_word' id='word_1_578' title='bbox 1517 5013 1540 5083; x_wconf 71' lang='lat' dir='ltr'><strong>l)</strong></span> <span class='ocrx_word' id='word_1_579' title='bbox 1561 5029 1609 5064; x_wconf 85' lang='lat' dir='ltr'><strong>ro·</strong></span> 
     </span>
     <span class='ocr_line' id='line_1_46' title="bbox 244 5099 1348 5175; baseline 0.001 -24"><span class='ocrx_word' id='word_1_580' title='bbox 244 5099 349 5156; x_wconf 82' lang='lat' dir='ltr'><strong>luerunt</strong></span> <span class='ocrx_word' id='word_1_581' title='bbox 369 5105 404 5156; x_wconf 92' lang='lat' dir='ltr'><strong>V.</strong></span> <span class='ocrx_word' id='word_1_582' title='bbox 424 5105 516 5158; x_wconf 55' lang='lat' dir='ltr'><em>A.1-</em></span> <span class='ocrx_word' id='word_1_583' title='bbox 535 5101 680 5156; x_wconf 81' lang='lat' dir='ltr'><strong>volueruut</strong></span> <span class='ocrx_word' id='word_1_584' title='bbox 700 5101 844 5156; x_wconf 78' lang='lat' dir='ltr'><strong>noluerunt</strong></span> <span class='ocrx_word' id='word_1_585' title='bbox 865 5106 894 5157; x_wconf 85' lang='lat' dir='ltr'><strong>Il.</strong></span> <span class='ocrx_word' id='word_1_586' title='bbox 924 5106 957 5175; x_wconf 85' lang='lat'><strong>&#39;⁰)</strong></span> <span class='ocrx_word' id='word_1_587' title='bbox 978 5113 1044 5156; x_wconf 88' lang='lat' dir='ltr'><strong>tunc</strong></span> <span class='ocrx_word' id='word_1_588' title='bbox 1064 5103 1099 5156; x_wconf 93' lang='lat' dir='ltr'><strong>V.</strong></span> <span class='ocrx_word' id='word_1_589' title='bbox 1120 5103 1155 5154; x_wconf 85' lang='lat' dir='ltr'><strong>A.</strong></span> <span class='ocrx_word' id='word_1_590' title='bbox 1176 5133 1210 5144; x_wconf 92' lang='lat'><strong>—-</strong></span> <span class='ocrx_word' id='word_1_591' title='bbox 1228 5119 1298 5152; x_wconf 81' lang='lat' dir='ltr'><strong>ntrao</strong></span> <span class='ocrx_word' id='word_1_592' title='bbox 1317 5101 1348 5153; x_wconf 89' lang='lat' dir='ltr'><strong>B.</strong></span> 
     </span>
    </p>
   </div>
   <div class='ocr_carea' id='block_1_5' title="bbox 189 5204 1419 5280">
    <p class='ocr_par' dir='ltr' id='par_1_9' title="bbox 189 5204 1419 5280">
     <span class='ocr_line' id='line_1_47' title="bbox 189 5204 1419 5280; baseline -0.002 -20"><span class='ocrx_word' id='word_1_593' title='bbox 189 5204 216 5272; x_wconf 68' lang='grc' dir='ltr'><strong>ι)</strong></span> <span class='ocrx_word' id='word_1_594' title='bbox 243 5205 352 5262; x_wconf 75' lang='lat' dir='ltr'><strong>Sallust.</strong></span> <span class='ocrx_word' id='word_1_595' title='bbox 372 5207 500 5278; x_wconf 78' lang='lat' dir='ltr'><strong>iugurth.</strong></span> <span class='ocrx_word' id='word_1_596' title='bbox 524 5228 547 5260; x_wconf 87' lang='lat' dir='ltr'><strong>o.</strong></span> <span class='ocrx_word' id='word_1_597' title='bbox 568 5214 608 5268; x_wconf 73' lang='lat'><strong>35.</strong></span> <span class='ocrx_word' id='word_1_598' title='bbox 630 5211 658 5278; x_wconf 78' lang='lat' dir='ltr'><strong>b)</strong></span> <span class='ocrx_word' id='word_1_599' title='bbox 678 5208 752 5278; x_wconf 81' lang='lat' dir='ltr'><em>Virg.</em></span> <span class='ocrx_word' id='word_1_600' title='bbox 772 5210 839 5261; x_wconf 70' lang='grc' dir='ltr'><strong>Λευ.</strong></span> <span class='ocrx_word' id='word_1_601' title='bbox 859 5209 895 5262; x_wconf 89' lang='lat' dir='ltr'><em>ll.</em></span> <span class='ocrx_word' id='word_1_602' title='bbox 914 5215 975 5268; x_wconf 67' lang='lat'><em>290.</em></span> <span class='ocrx_word' id='word_1_603' title='bbox 995 5211 1025 5280; x_wconf 82' lang='lat' dir='ltr'><strong>o)</strong></span> <span class='ocrx_word' id='word_1_604' title='bbox 1043 5208 1116 5277; x_wconf 79' lang='lat' dir='ltr'><em>Virg.</em></span> <span class='ocrx_word' id='word_1_605' title='bbox 1137 5211 1202 5263; x_wconf 66' lang='lat' dir='ltr'><em>Aen.</em></span> <span class='ocrx_word' id='word_1_606' title='bbox 1225 5206 1258 5258; x_wconf 90' lang='lat' dir='ltr'><em>ll.</em></span> <span class='ocrx_word' id='word_1_607' title='bbox 1279 5211 1340 5266; x_wconf 69' lang='grc'><strong>4472.</strong></span> <span class='ocrx_word' id='word_1_608' title='bbox 1361 5223 1419 5277; x_wconf 77' lang='lat' dir='ltr'><strong>req.</strong></span> 
     </span>
    </p>
   </div>
   <div class='ocr_carea' id='block_1_6' title="bbox 0 0 2020 6070">
    <p class='ocr_par' dir='ltr' id='par_1_10' title="bbox 0 0 2020 6070">
     <span class='ocr_line' id='line_1_48' title="bbox 0 0 2020 6070; baseline 0 5"><span class='ocrx_word' id='word_1_609' title='bbox 0 0 2020 6070; x_wconf 95' lang='lat' dir='ltr'><strong> </strong></span> 
     </span>
    </p>
   </div>
  </div>
 </body>
</html>
