4036 6068
579 473 898 534 onorrsas
935 472 1135 531 nrnon.
1532 473 1603 546 mn

130 628 180 682 est
201 627 237 684 st
258 607 302 702 ⁸⁵)
321 617 439 686 minus
459 639 565 706 qaam
588 621 742 707 perfeeto
766 623 838 688 sive
861 623 1073 699 inchoativa,
1105 618 1277 707 perfecta,
1306 639 1397 706 qnae
1426 632 1478 684 est
1500 631 1535 683 et
1555 609 1599 701 ⁸⁴)

130 717 302 796 absoluta;
324 720 683 808 plusquamperfecta,
707 745 797 810 quae
820 739 871 790 eat
894 739 928 789 et
942 721 986 809 85)
1010 723 1226 790 recordativa
1247 723 1320 787 sive
1342 735 1474 787 exacta.
1496 722 1601 786 Nunc

131 823 192 886 bae
213 813 258 903 ⁸⁸⁶)
280 823 431 908 speeies,
455 825 750 909 quemadmodum
774 826 889 891 verbis
913 827 1109 891 deserviant
1132 837 1166 890 ct
1187 845 1207 890 a
1229 843 1300 910 qno
1323 838 1485 911 tempore
1505 825 1599 898 bant,

132 924 166 986 in
189 924 424 988 declinatione
446 924 615 1012 probatur
631 923 687 1010 Ι7).

213 1027 288 1092 767.
309 1027 370 1090 De
392 1039 574 1092 accentu
589 1019 643 1112 ⁸⁸).
666 1028 840 1095 Accentns
853 1029 1051 1104 verborum,
1068 1029 1171 1094 sicuti
1187 1039 1221 1092 et
1237 1040 1428 1093 ceterarum
1450 1026 1602 1113 partium

133 1127 310 1202 orationis,
333 1127 370 1190 in
393 1128 488 1192 souis
504 1120 546 1212 ⁸⁰)
569 1143 809 1216 competenter
829 1130 1053 1196 tractabimus
1067 1133 1122 1212 90).

214 1228 288 1293 768.
321 1227 574 1295 Declinatio
603 1232 774 1316 primae
808 1231 1132 1316 coniugationis
1160 1230 1395 1311 activae⁹¹).
1419 1227 1604 1308 PROBO,

133 1326 274 1393 verbum
288 1329 454 1404 activum,
471 1329 660 1397 indicativo
672 1334 717 1417 ⁹²)
735 1333 807 1398 sive
825 1334 1086 1418 pronuntiativo
1104 1332 1208 1397 modo
1221 1330 1352 1396 dictum
1369 1323 1425 1414 θ’),
1436 1330 1606 1416 temporis

134 1431 321 1516 praesentis
348 1429 421 1494 sive
448 1431 625 1508 instantis,
652 1435 790 1498 numeri
817 1435 1018 1520 singularis,
1054 1436 1184 1519 figurae
1213 1432 1400 1520 simplicis,
1435 1450 1605 1518 personae

135 1533 284 1617 primae,
309 1532 566 1617 coniugationia
589 1536 739 1622 primae,
763 1535 860 1621 quod
881 1536 1115 1602 declinabitur
1129 1531 1175 1618 91)
1197 1535 1269 1598 sicr

216 1629 352 1696 *Modo
375 1632 566 1699 indicativo
589 1637 757 1721 temporis
779 1639 982 1722 praesentis.
1005 1639 1151 1702 Numeri
1167 1629 1426 1720 singularia&
1449 1626 1711 1734 probo,¹‘cj¹³:·

137 1732 312 1820 probas,
342 1733 516 1819 probat;
546 1738 684 1800 numeri
706 1738 868 1822 pluralis=
892 1740 1142 1824 probamus,
1174 1735 1383 1822 probatis,
1405 1735 1605 1822 probant.

215 1835 354 1899 Eodem
377 1835 495 1910 modo,
517 1848 675 1924 tempore
698 1841 898 1924 praeterito,
921 1841 1036 1926 specie
1057 1839 1248 1925 inperfecta
1270 1839 1342 1902 sive
1364 1838 1479 1900 miuus
1502 1856 1606 1922 qnam

138 1935 287 2022 perfecta
308 1935 364 2001 vel
388 1928 434 2016 ⁹⁶)
466 1935 675 2003 inchoativa.
699 1939 845 2004 Numeri
867 1942 1070 2024 singularis:
1100 1938 1353 2026 probabam,
1377 1935 1605 2022 probabas,

137 2037 359 2122 probabat;
382 2038 572 2120 uumeri97)
584 2037 746 2124 pluralis:
763 2040 1060 2126 probabamus,
1078 2039 1339 2126 probabatis,
1356 2037 1605 2123 probabant.

216 2137 352 2202 Eodem
380 2136 504 2215 modo,
528 2140 650 2203 eodem
674 2152 831 2226 tempore
854 2137 909 2223 ⁹³),
934 2144 1049 2228 specie
1072 2141 1224 2227 perfecta
1247 2143 1319 2206 sive
1342 2139 1509 2206 absoluta.
1531 2139 1607 2202 Nu-

139 2241 222 2304 meri
237 2240 441 2323 singularis:
464 2239 704 2324 probarint)
718 2261 790 2306 non
806 2242 968 2328 probai,
984 2243 1175 2328 probasti
1192 2241 1523 2336 nonprobavisti
1539 2243 1606 2321 ¹⁰⁰),

140 2340 343 2426 probavit
364 2360 437 2404 non
452 2339 625 2426 probait
646 2343 688 2424 ¹);
706 2345 842 2407 numeri
860 2343 1019 2429 pluralis:
1042 2343 1323 2430 probavimus
1344 2350 1417 2406 nou
1438 2339 1608 2428 probai-

140 2463 241 2518 mus,
285 2441 552 2528 probavistis
589 2455 623 2508 et
654 2442 948 2528 probastis),
978 2444 1280 2534 probaverunt
1307 2457 1343 2508 et
1368 2443 1611 2530 probarunt

140 2556 171 2606 et
190 2542 431 2630 probavere
460 2537 497 2625 3).
1465 2573 1467 2576 ·

215 2645 352 2708 Eodem
375 2643 493 2722 modo,
517 2645 639 2708 eodem
664 2657 833 2730 tempore,
857 2645 1329 2733 specieplusqnamperiecte
1352 2646 1426 2710 sivs'
1447 2646 1616 2726 recorda-¹

139 2745 206 2809 tiva
228 2746 282 2810 vel
313 2757 436 2810 exacta
459 2738 498 2828 ⁴).
527 2745 674 2810 Numeri
702 2747 904 2831 singularis:
933 2747 1218 2834 probaveram
1239 2743 1268 2832 ⁵)
1299 2759 1334 2812 et
1359 2746 1607 2832 probaram,
1710 2833 1712 2839 Ι

136 2845 402 2932 probaveras
425 2861 460 2910 et
481 2846 709 2932 probares,
732 2849 993 2934 probaverat
1015 2861 1049 2913 et
1070 2849 1294 2935 probarat3
1326 2848 1463 2912 numeri
1478 2841 1507 2927 6)
1529 2847 1607 2930 pln-

140 2948 233 3012 ratis:
256 2945 590 3034 probaveramus
608 2952 638 3030 ⁷)
662 2961 697 3014 et
718 2950 1009 3036 probaramus,
1032 2941 1381 3038 probaveratis⁸)
1403 2960 1437 3012 et
1458 2946 1607 3032 proba-

139 3051 258 3125 ratis,
281 3047 577 3135 probaverant
599 3062 633 3112 et
654 3050 905 3135 probarent.

217 3151 352 3216 Eodem
385 3148 503 3225 modo,
526 3164 684 3236 tempore
708 3149 823 3214 futuro
846 3153 919 3216 sive
941 3152 1150 3236 promissivo
1174 3150 1279 3216 modo
1296 3150 1338 3232 ⁹).
1367 3149 1513 3214 Numeri
1536 3144 1607 3212 ain-

137 3252 279 3336 gutaris:
302 3251 519 3342 probabo,
541 3252 767 3337 probabis,
791 3251 996 3338 probabit
1014 3256 1071 3336 '');
1100 3252 1237 3314 numeri
1260 3253 1299 3334 ¹¹)
1320 3248 1480 3336 pluralis:
1509 3269 1606 3334 pro·

137 3349 346 3429 habimus,
370 3353 612 3438 probabitis
632 3355 691 3436 ¹⁹),
714 3352 976 3440 probabunt.

217 3451 326 3520 Modo
350 3454 569 3540 imperativo,
593 3465 751 3540 tompore
773 3455 947 3540 praesenti
969 3454 1041 3518 sive
1060 3453 1200 3518 instanti
1217 3451 1262 3518 ad
1277 3450 1463 3516 secundam
1488 3463 1522 3516 et
1537 3463 1606 3514 ter-

178 3797 217 3866 ”)
239 3803 281 3849 est
299 3804 329 3849 et
348 3796 384 3850 V.
403 3825 439 3837 -
457 3803 500 3849 est
518 3798 567 3866 (=
585 3799 626 3869 et)
645 3799 677 3851 B.
697 3825 732 3840 -
751 3805 780 3850 ot
798 3797 846 3867 (=
864 3797 918 3866 est)
938 3795 975 3850 A.
1004 3795 1039 3864 ⁸⁴)
1059 3811 1128 3868 qnos
1148 3801 1189 3846 est
1209 3801 1236 3846 et
1264 3791 1299 3846 V.
1319 3823 1353 3834 -
1373 3799 1415 3842 cst
1434 3807 1502 3862 quae
1522 3799 1549 3843 et
1570 3792 1602 3843 A.

239 3913 276 3926 -
292 3901 363 3954 quaa
382 3889 426 3936 ut
443 3885 474 3936 Β.
501 3885 539 3952 ⁸⁵)
558 3893 587 3938 at
603 3885 635 3936 B.
657 3885 691 3938 V.
710 3906 748 3934 =
765 3883 802 3938 A.
829 3884 866 3952 ⁸⁸)
884 3881 935 3934 bae
955 3884 991 3937 V·
1011 3881 1045 3934 A.
1066 3911 1100 3924 -
1119 3878 1145 3933 b.
1165 3881 1196 3949 (i.
1217 3901 1241 3934 e.
1262 3878 1340 3946 bare)
1360 3881 1392 3933 B.
1417 3880 1454 3947 ⁸⁷)
1472 3873 1605 3946 probatur

239 3971 271 4024 Β.
291 3970 329 4025 V.
349 3970 385 4025 A.
404 4001 440 4012 -··
457 3967 610 4041 probantur
628 3973 659 4024 Ρ.
679 3971 718 4042 ⁸⁸)
738 3971 780 4022 De
799 3978 915 4022 accentu
934 3971 966 4022 Β.
987 3970 1022 4022 V.
1042 3970 1072 4022 Ρ.
1092 3991 1129 4018 =
1146 3967 1182 4020 A.
1210 3969 1246 4032 ⁸⁹)
1265 3967 1294 4018 ia
1313 3965 1389 4018 souis
1409 3965 1445 4019 V.
1463 3963 1500 4018 A.
1518 3985 1555 4014 =
1573 3965 1603 4018 Β.

241 4063 276 4128 ⁹⁶)
296 4053 475 4128 tractabimus
495 4057 531 4112 V.
549 4058 588 4110 A.
607 4085 644 4100 —-
662 4057 838 4110 tractuimus
856 4057 889 4111 Β.
914 4057 953 4127 ⁹¹)
979 4051 1136 4106 Declioatio
1156 4089 1162 4104 .
1184 4091 1191 4106 .
1212 4091 1218 4106 .
1239 4092 1246 4104 .
1265 4053 1369 4104 activae
1389 4053 1425 4107 V.
1444 4050 1475 4103 P.
1494 4053 1528 4104 B.
1547 4053 1606 4118 (sed

236 4143 425 4216 activa)=A.
441 4147 477 4214 ⁹¹)
492 4140 642 4196 indicativo
654 4140 1116 4205 VA.-iudecat'ro,iudicntrvo
1136 4141 1168 4192 B.
1188 4140 1226 4212 ⁹³)
1246 4137 1351 4192 dictum
1370 4139 1404 4192 B.
1422 4171 1458 4184 -
1477 4137 1546 4190 dicti
1567 4139 1604 4192 V.

238 4263 272 4272 -—
291 4229 397 4282 dictum
422 4235 450 4282 et
468 4231 505 4285 A.
534 4233 570 4299 ⁹⁴)
596 4226 782 4282 declinabitur
800 4230 832 4283 Β.
854 4229 931 4285 V.P.
951 4257 986 4272 -
1005 4225 1158 4280 declinatur
1177 4227 1212 4279 A.
1241 4227 1281 4298 ⁹⁵)
1298 4223 1382 4278 modo
1402 4264 1409 4279 .
1428 4265 1436 4283 .
1457 4263 1464 4280 .
1484 4265 1491 4278 .
1509 4225 1604 4292 singu-

239 4314 302 4369 laria
322 4319 352 4369 B.
373 4317 408 4372 V.
427 4317 463 4372 A.
483 4340 519 4367 =
536 4319 568 4370 P.
587 4319 623 4387 ⁰⁶)
642 4316 686 4370 vel
704 4319 738 4370 Β.
757 4345 793 4362 ·-
811 4325 859 4369 aut
878 4317 915 4370 V.
936 4347 969 4358 -
988 4315 1045 4368 sive
1064 4314 1100 4367 A.
1120 4314 1159 4384 ⁹⁷)
1180 4314 1286 4367 numeri
1307 4315 1341 4369 V.
1361 4314 1397 4368 A.
1409 4315 1491 4366 =B.
1511 4314 1604 4380 ⁹⁸)eo-

239 4403 301 4455 dem
319 4411 444 4475 tempore
462 4407 495 4458 Β.
506 4406 543 4461 V.
563 4435 599 4446 -
617 4411 742 4474 tempere
759 4404 909 4474 praeterito
929 4405 960 4456 Ρ.
980 4425 1016 4452 =
1034 4403 1070 4456 A.
1090 4403 1125 4470 tt)
1145 4399 1259 4472 probavi
1279 4392 1317 4456 V.
1335 4401 1371 4454 A.
1390 4431 1427 4444 -
1442 4395 1559 4470 probabi
1570 4399 1602 4452 Β.

240 4491 286 4560 ¹⁰⁰)
304 4488 458 4562 probavisti
476 4491 505 4544 A
532 4523 568 4536 -
585 4489 743 4564 probabisti
760 4493 793 4544 Β.
814 4492 850 4546 V.
876 4492 900 4562 ¹)
920 4487 1031 4561 probait
1050 4489 1080 4540 Β.
1101 4489 1135 4541 A.
1157 4520 1192 4530 -
1216 4483 1347 4559 probabit
1373 4489 1408 4540 V.
1437 4486 1462 4555 ¹)
1476 4481 1602 4556 probavi·

240 4578 289 4630 stis
307 4587 337 4632 et
353 4575 493 4648 probastis
512 4579 542 4632 Β.
564 4580 600 4635 V.
619 4609 655 4622 -
673 4575 813 4650 probastis
830 4591 886 4629 non
913 4574 1080 4648 probavistis
1099 4577 1134 4628 A.
1163 4577 1185 4640 ι)
1205 4572 1354 4645 probavere
1374 4573 1410 4628 V.
1429 4573 1466 4624 A.
1485 4599 1521 4612 -
1538 4587 1602 4641 pro·

238 4661 339 4717 babere
357 4665 390 4719 B.
409 4667 433 4736 ⁴)
453 4673 547 4718 exacta
564 4666 596 4719 B.
618 4665 653 4720 V.
673 4672 786 4717 -acta
805 4665 843 4719 A.
863 4665 886 4731 Β)
904 4659 1082 4734 probaveram
1103 4663 1137 4714 V.
1159 4661 1194 4714 A.
1215 4692 1249 4708 -ι-
1268 4655 1447 4730 probnbsram
1466 4658 1498 4709 B.
1509 4657 1531 4725 ⁶)
1552 4671 1602 4706 nn·

238 4751 304 4805 neri
323 4753 360 4810 V·
379 4753 462 4806 A.=·.
478 4753 511 4808 Β.
536 4755 559 4822 ³)
579 4748 790 4823 probaveramua
811 4751 847 4804 V.
868 4749 902 4803 Λ.
922 4749 953 4802 Β.
976 4767 1009 4801 ex
1023 4769 1063 4802 em
1085 4769 1128 4820 pr.
1142 4767 1177 4798 m.
1196 4777 1232 4788 -
1250 4739 1463 4816 probabcramns
1481 4743 1513 4796 Β.
1526 4763 1544 4794 ιι
1559 4763 1600 4813 pr.

239 4855 271 4891 nt.
290 4841 316 4910 ⁸)
333 4835 521 4911 probamentis
541 4840 579 4895 V.
599 4843 635 4895 A.
655 4840 687 4892 Β.
706 4859 741 4892 ex
757 4855 806 4892 em.
827 4857 869 4908 pr.
886 4855 920 4890 m.
941 4866 973 4874 —
994 4832 1184 4906 protraheretis
1204 4835 1233 4886 Β.
1245 4853 1262 4884 a
1278 4849 1319 4900 pr.
1339 4847 1374 4882 rn.
1394 4831 1420 4902 ⁹)
1438 4829 1601 4902 promissivo

239 4925 318 4980 modo
339 4927 371 4981 Β.
393 4928 430 4983 V.
451 4927 481 4980 Ρ.
499 4945 535 4978 .··.-·.
554 4928 589 4980 Α.
612 4929 645 4995 ¹⁰)
665 4923 790 4998 probabo
811 4965 817 4978 .
838 4963 844 4975 .
866 4963 871 4975 .
892 4920 1023 4995 probabit
1042 4923 1077 4976 V.
1097 4921 1133 4974 A.
1156 4949 1188 4963 -
1207 4915 1345 4990 probaro,
1372 4913 1517 4989 probavis,
1535 4935 1601 4988 pro·

131 5084 137 5094 η
239 5009 311 5066 bavit
328 5017 361 5068 Β.
391 5018 425 5083 ¹¹)
444 5021 551 5069 numeri
571 5015 605 5070 V.
626 5016 663 5068 A.
683 5037 718 5065 =
736 5015 769 5067 B.
798 5015 833 5083 ¹²)
862 5010 1057 5084 probabimus,
1075 5003 1230 5082 probabitis
1251 5005 1285 5062 V.
1308 5006 1341 5058 A.
1363 5035 1397 5048 -
1417 4994 1602 5076 probr'tviuaus,

242 5098 391 5168 probavitis
411 5103 444 5157 Β.
