4032 6070
392 501 463 574 nn
552 511 559 526 ·
850 497 1405 554 ruosisssuruoa

394 664 476 708 vum
490 641 1076 732 casumnumeripluralisel'liciant,
1094 657 1238 731 utputa:
1263 644 1312 709 ab
1335 647 1413 708 hoc
1428 643 1527 720 Deo,
1551 645 1699 708 berum
1720 645 1868 709 Deum.

395 745 464 812 Sed
486 749 590 825 baec,
617 767 706 834 quse
725 738 766 830 57)
796 749 864 812 sint
885 746 1047 824 uomina,
1078 761 1112 811 et
1134 769 1202 832 qua
1225 747 1268 810 de
1291 767 1392 810 cansa
1416 767 1460 810 ex
1482 747 1682 832 supradicto
1706 767 1787 810 casu
1810 748 1868 810 iu·

392 849 528 912 terdum
551 863 697 936 propter
718 862 829 913 metra
849 849 904 914 vel
928 861 1116 914 structuras
1140 847 1197 914 ·O·
1220 849 1382 912 ultimum
1406 861 1439 912 et
1461 849 1498 910 iu
1522 849 1616 912 ·UM·
1632 848 1866 914 litterssccu-

392 963 528 1016 vertant
545 941 605 1033 ⁵.⁸)e
629 965 667 1016 ut
695 953 894 1036 genetivum
925 971 1041 1014 casum
1070 951 1206 1014 numeri
1228 951 1372 1036 pluralis
1395 950 1564 1026 efficiant,
1591 951 1719 1014 hocin
1741 953 1864 1014 metris

391 1051 447 1118 vel
469 1055 650 1118 structuris
673 1066 911 1140 competenter
933 1051 1157 1118 tractabimus
1172 1045 1224 1135 577).

476 1157 549 1222 357.
578 1155 665 1220 Item
696 1157 732 1222 in
759 1159 825 1219 hac
853 1155 1088 1241 suprascripta
1109 1149 1153 1238 ⁰⁰)
1192 1155 1303 1218 forma
1334 1155 1402 1218 hcc
1432 1173 1632 1232 monemus,
1669 1152 1766 1238 quod
1793 1155 1864 1220 boc

390 1243 505 1318 unum'
531 1276 660 1321 nomeu
688 1271 833 1344 propter
861 1259 1030 1322 rationem
1059 1277 1244 1333 sonorum,
1268 1256 1502 1332 nominativo,
1527 1255 1642 1319 dativo
1668 1247 1732 1339 ⁶¹),
1756 1277 1864 1322 voca-

392 1358 464 1422 tivo
479 1350 523 1439 61)
547 1371 580 1421 et
603 1358 753 1423 ablativo
778 1380 859 1424 casu
880 1359 1017 1423 numeri
1039 1357 1183 1443 pluralis
1206 1359 1255 1422 sic
1278 1357 1436 1422 anomale
1459 1355 1583 1420 debeat
1610 1356 1795 1436 declinari,
1826 1360 1864 1424 id

392 1472 459 1539 eet,
482 1459 618 1536 Deum
643 1461 724 1526 iacit
738 1455 783 1544 71)
807 1463 898 1526 enim
923 1463 963 1526 bi
986 1461 1075 1536 Dii,
1106 1462 1171 1524 his
1194 1461 1306 1538 Diis,
1337 1481 1357 1524 o
1381 1460 1453 1524 Dii
1476 1471 1509 1523 et
1532 1457 1581 1523 ab
1604 1460 1668 1523 his
1689 1459 1786 1526 Diis
1803 1451 1861 1544 67).

389 1562 493 1627 Nunc
516 1583 584 1647 qua
613 1562 655 1625 de
687 1582 808 1638 causa,
838 1565 906 1626 boc
935 1563 1206 1648 suprascriptum
1238 1581 1366 1627 nomeu
1396 1574 1541 1649 propter
1562 1561 1730 1626 rationem
1753 1582 1864 1626 souc-

390 1683 466 1728 rum
489 1664 526 1727 iu
550 1665 792 1752 suprascriptis
815 1664 951 1730 casilrue
974 1665 1025 1728 sic
1047 1664 1205 1728 anomale
1235 1665 1429 1728 declinetur
1448 1656 1509 1746 ⁶⁴),
1540 1663 1578 1726 iu
1600 1663 1693 1727 sonis
1715 1683 1863 1750 compe-

389 1778 503 1832 tenter
524 1766 748 1831 tractabimus
764 1760 818 1850 77).
1510 1845 1515 1856 ⁸

474 1871 547 1934 358.
571 1866 658 1931 Item
682 1869 718 1932 in
741 1871 809 1934 boc
832 1869 953 1933 eodem
976 1869 1136 1943 nomine,
1161 1867 1257 1953 quod
1279 1867 1431 1932 diximus
1445 1864 1596 1930 ablativo
1620 1887 1702 1931 casu
1723 1867 1864 1930 numeri

390 1970 574 2054 singularis
606 1967 663 2034 ·O·
692 1969 807 2034 littera
840 1971 1019 2034 terminari
1049 1983 1084 2034 et
1109 1971 1325 2034 nominativo
1349 1991 1431 2034 casu
1459 1969 1595 2032 numeri
1619 1968 1804 2052 singularis
1818 1961 1865 2053 ⁶⁷)

390 2071 501 2136 ·EUS·
525 2071 648 2134 litteris
672 2071 807 2134 definiri
822 2067 876 2154 77),
900 2093 1052 2137 necnon
1075 2085 1109 2136 et
1125 2073 1352 2150 nominativo,
1376 2071 1492 2136 dativo
1509 2065 1564 2154 77),
1587 2071 1748 2136 vocativo
1768 2084 1803 2135 et
1820 2071 1864 2152 7“)

389 2173 541 2238 ablativo
573 2193 655 2238 casu
683 2174 821 2238 numeri
849 2173 994 2260 pluralis
1025 2187 1170 2260 propter
1192 2176 1361 2239 rationem
1383 2177 1424 2256 7·)
1453 2176 1678 2256 sonorum⁷²)
1702 2171 1863 2238 anomale

389 2274 577 2350 declinari,
607 2276 786 2360 quaeritur
800 2269 859 2358 ⁷³),
890 2297 959 2362 qua
982 2277 1026 2341 de
1049 2298 1151 2342 cansa
1174 2279 1210 2339 in
1239 2276 1360 2340 iisdem
1385 2277 1594 2362 supradictis
1617 2275 1751 2340 casibus
1774 2295 1863 2340 ano-

319 2435 323 2444 .
389 2377 491 2440 malis
518 2397 584 2462 per
605 2376 688 2440 duas
713 2377 749 2440 ·1·
773 2377 906 2442 litteras
930 2381 1149 2464 reperiantur
1167 2369 1209 2460 77)
1233 2378 1359 2442 scribi?
1389 2378 1462 2442 Hac
1486 2379 1529 2442 de
1552 2397 1669 2454 causa,
1694 2379 1862 2462 quoniam

389 2497 630 2562 quaecumque
660 2479 803 2542 uomina
830 2481 966 2562 generis
996 2479 1179 2544 masculini
1206 2479 1358 2544 ablativo
1388 2501 1469 2544 casu
1502 2482 1639 2544 numeri
1675 2480 1862 2564 singularis

389 2577 448 2644 ·O·
471 2579 586 2643 littera
609 2580 839 2643 terminantur
861 2593 895 2643 et
918 2583 1135 2646 nominativo
1159 2602 1241 2647 casu
1262 2583 1398 2646 numeri
1425 2581 1610 2666 singularis
1633 2581 1743 2646 ·EUS·
1767 2582 1863 2646 litte-

389 2682 436 2746 ris
465 2681 692 2757 defiuiuutur,
724 2683 810 2746 baec
840 2683 1076 2760 nominativo,
1109 2683 1245 2760 dativo,
1275 2685 1435 2748 vocativo
1463 2675 1506 2764 75)
1538 2695 1571 2746 et
1598 2682 1749 2748 ablativo
1778 2705 1861 2748 casu

384 2802 412 2845 n
438 2783 525 2846 meri
546 2781 690 2868 pluralis
713 2803 792 2846 cum
816 2784 1031 2848 nominativo
1051 2780 1092 2870 77)
1115 2806 1197 2850 casu
1209 2787 1346 2850 numeri
1361 2785 1546 2870 singularis
1561 2785 1638 2870 pari
1653 2805 1801 2848 numero
1817 2789 1861 2868 ⁷⁷)

388 2883 596 2967 syllabarum
620 2883 828 2950 scribuntur.

473 2989 547 3054 359.
577 2985 681 3050 Nunc
710 2987 747 3050 in
771 2989 835 3052 hac
860 2982 901 3072 ⁷⁸)
925 2988 1035 3052 forma
1058 2989 1194 3074 generis
1217 2991 1415 3068 masculini,
1441 3011 1511 3076 qua
1532 2989 1684 3054 diximus
1706 2987 1862 3052 ablativo

387 3108 471 3154 casu
500 3087 637 3152 numeri
664 3088 848 3172 singularis
880 3092 1024 3154 nomina
1053 3088 1110 3155 ·0·
1141 3073 1255 3157 littera
1274 3095 1314 3174 77)
1349 3095 1547 3170 terminari,
1581 3105 1614 3156 et
1642 3091 1862 3156 nonainativo

388 3211 469 3254 casn
491 3191 628 3253 numeri
651 3190 836 3275 singularis
860 3191 972 3255 ·EUS·
995 3192 1119 3256 litteris
1142 3193 1295 3270 definiri,
1320 3197 1387 3259 hoc
1411 3213 1609 3269 nionenaus,
1633 3194 1730 3278 quod
1753 3214 1799 3258 ex
1821 3214 1862 3256 ea
1911 3249 1915 3255 .

371 3287 461 3356 'nou
491 3312 538 3422 ec8
562 3292 705 3377 plurimi
737 3293 832 3368 soni,
860 3294 929 3357 boc
959 3307 1028 3372 est,
1056 3316 1129 3362 non
1158 3317 1199 3362 eo
1229 3297 1381 3382 plurima
1399 3293 1442 3380 77)
1475 3296 1619 3360 nomine
1639 3295 1777 3382 possint
1800 3317 1863 3360 ex-

390 3392 501 3458 biberi
542 3395 578 3472 ¹).

279 3254 311 3304 V.
326 3267 370 3301 asc

474 3493 528 3558 De
552 3493 662 3558 lorma
684 3497 821 3578 generis
844 3498 1042 3573 masculini,
1067 3518 1135 3583 qua
1157 3497 1308 3565 ablativo
1331 3521 1413 3564 casu
1435 3500 1571 3564 numeri
1594 3499 1780 3584 singularis
1795 3519 1862 3564 nu·

389 3596 485 3660 mina
508 3594 565 3659 ·0·
588 3593 703 3660 littera
727 3597 966 3674 terminantur,
990 3613 1024 3664 et
1041 3602 1257 3664 neusinativo
1276 3623 1358 3666 casu
1378 3603 1515 3666 numeri
1538 3602 1723 3688 singularis
1747 3601 1861 3666 ·EUS·

389 3697 512 3762 litteris
536 3698 763 3776 definiuntur,
787 3713 955 3785 quantum
979 3703 1066 3766 ratio
1089 3702 1272 3788 poscebat,
1297 3707 1519 3769 tractavimus
1535 3698 1589 3788 ⁸²).

430 4020 466 4088 77)
493 4015 544 4069 aed
562 4014 643 4083 baec,
669 4037 738 4092 quae
757 4021 844 4074 B.·-
861 4018 912 4074 sed
932 4029 960 4073 et
978 4039 1046 4092 quae
1066 4023 1103 4076 V.
1123 4022 1154 4075 P.
1170 4053 1206 4063 -
1224 4022 1275 4076 sed
1294 4043 1362 4096 qnae
1380 4026 1417 4078 A.
1446 4027 1483 4097 77)
1504 4031 1665 4079 convertant
1684 4024 1719 4077 V.
1739 4053 1774 4065 -
1796 4041 1864 4076 con·

492 4113 603 4160 sensas
620 4107 652 4160 B.
669 4107 705 4160 A.
734 4101 770 4179 77)
791 4107 967 4162 tractabimus
995 4111 1031 4164 V.
1051 4111 1087 4164 A.
1106 4140 1142 4152 -
1165 4113 1339 4164 assensimus
1357 4113 1389 4166 B.
1406 4114 1438 4164 P.
1466 4113 1706 4184 ⁰⁰)sup1ascripta
1722 4113 1755 4164 B.
1772 4112 1809 4165 V.
1829 4115 1861 4166 P.

493 4223 530 4234 -
547 4193 707 4264 supradicta
725 4197 760 4250 A.
781 4195 818 4266 77)
838 4194 929 4250 datiae
948 4197 981 4250 B.
1001 4197 1038 4252 V.
1056 4220 1093 4246 =
1111 4198 1148 4251 A.
1168 4200 1204 4268 ⁶²)
1223 4201 1348 4253 vocativo
1366 4202 1398 4255 B.
1420 4201 1455 4256 V.
1474 4233 1510 4244 -
1526 4210 1556 4254 et
1569 4202 1692 4254 sessura
1711 4201 1748 4254 A.
1769 4201 1807 4271 77)
1821 4200 1864 4250 la-

494 4281 535 4332 cit
556 4311 593 4322 -
617 4281 722 4334 faciunt
748 4284 780 4336 B.
809 4283 846 4338 V.
862 4282 900 4338 A.
928 4286 963 4354 77)
991 4292 1020 4335 et
1044 4282 1078 4336 ab
1097 4281 1140 4338 bis
1160 4283 1214 4338 diis
1240 4288 1272 4340 Β.
1290 4319 1326 4331 -
1344 4285 1378 4340 ab
1397 4285 1441 4340 bis
1460 4287 1515 4341 diis
1533 4291 1570 4343 A.
1591 4323 1625 4334 -
1644 4298 1673 4342 st
1690 4285 1724 4340 ab
1746 4285 1802 4339 diis
1824 4289 1864 4342 V.

495 4367 532 4437 77)
552 4365 707 4420 declinetur
723 4371 756 4424 B.
778 4370 813 4423 V.
825 4370 862 4422 A.
882 4399 917 4414 -
936 4369 1110 4427 declinantur
1127 4373 1158 4426 P.
1178 4373 1214 4443 77)
1235 4375 1412 4429 tractabimus
1432 4377 1468 4431 V.
1487 4377 1523 4430 A.
1542 4405 1576 4420 -
1592 4377 1766 4430 tractavimus
1785 4375 1820 4428 B.
1831 4375 1864 4428 P.

494 4457 533 4529 77)
553 4455 597 4508 ·O·
616 4453 709 4508 littera
719 4491 796 4509 .....
807 4455 952 4526 singularis
972 4459 1008 4514 V.
1023 4460 1059 4514 A.
1076 4461 1156 4514 =B.
1187 4463 1223 4533 77)
1244 4461 1353 4516 deliniri
1371 4465 1403 4516 B.
1421 4465 1458 4517 A.
1477 4494 1512 4506 -
1530 4463 1669 4516 terminari
1691 4463 1726 4516 V.
1754 4463 1792 4532 77)
1813 4459 1865 4512 da·

495 4545 551 4600 tivo
571 4545 602 4598 B.
623 4543 659 4598 V.
677 4566 714 4594 =
730 4545 768 4598 A.
796 4549 832 4616 7ο)
860 4552 889 4596 et
907 4546 944 4600 V.
963 4547 1000 4600 A.
1018 4551 1103 4602 =B.
1130 4553 1166 4618 77)
1193 4551 1326 4606 rationem
1354 4552 1389 4607 V·
1409 4551 1445 4604 A.
1464 4581 1501 4592 ·-
1520 4551 1625 4604 ratione
1651 4550 1684 4602 Β.
1711 4551 1866 4619 (fortassis

494 4631 639 4706 legendum
658 4632 800 4712 rationes).
820 4635 856 4702 77)
877 4649 1005 4685 sonorum
1025 4636 1056 4687 Β.
1078 4636 1113 4689 V.
1133 4637 1164 4688 P.
1183 4667 1219 4682 -
1237 4648 1384 4692 metrorum
1402 4637 1439 4692 A.
1466 4639 1504 4710 77)
1524 4637 1663 4709 quaeritur
1680 4639 1713 4690 Β.
1729 4638 1766 4692 V.
1785 4638 1866 4690 P.-

494 4721 631 4795 repsritur
662 4721 699 4775 A.
727 4722 763 4788 77)
804 4719 976 4792 reperiantur
997 4723 1031 4775 B.
1056 4723 1092 4778 V.
1118 4724 1155 4777 A.
1180 4753 1217 4765 —
1242 4727 1416 4796 reperiuntur
1434 4727 1464 4777 P.
1498 4727 1535 4798 ⁷⁵)
1560 4726 1684 4778 vocative
1703 4726 1735 4780 B.
1764 4725 1801 4782 V.
1831 4727 1865 4778 P.

428 4809 436 4822 ⁸
492 4833 529 4862 a
550 4810 586 4864 A.
626 4809 663 4879 77)
690 4809 859 4864 nominativo
886 4809 919 4863 B.
935 4809 975 4874 V.
1002 4841 1038 4852 -
1068 4807 1102 4862 ab
1130 4812 1298 4868 nominativo
1324 4815 1359 4868 A.
1387 4817 1423 4884 77)
1451 4830 1563 4866 nurnero
1592 4815 1628 4868 V.
1653 4817 1740 4868 A.-
1764 4829 1867 4863 uume-

493 4915 554 4949 rum
569 4898 603 4951 B.
624 4898 661 4968 77)
681 4893 732 4950 laac
752 4898 787 4953 V.
806 4897 843 4952 A.
862 4927 898 4942 -
916 4915 948 4951 sc
965 4899 998 4952 B.
1019 4903 1053 4969 77)
1072 4895 1165 4952 littera
1183 4902 1215 4952 B.
1236 4901 1271 4954 V.
1291 4933 1325 4944 —
1343 4900 1444 4956 litteris
1462 4901 1499 4954 A.
1520 4902 1557 4972 ¹⁰)
1571 4917 1628 4954 non
1646 4919 1679 4952 eo
1699 4897 1819 4970 plurima
1827 4901 1866 4952 A.

494 5001 532 5047 es
545 5001 602 5038 nan
620 4982 738 5055 plurima
755 4986 788 5039 Β.
807 5017 843 5028 -
862 5003 918 5040 non
937 4983 1054 5060 plurima
1073 4987 1110 5043 V.
1130 4989 1166 5058 77)
1182 4985 1306 5042 ‘exbiberi
1325 4989 1361 5044 V.
1380 4990 1417 5043 A.
1437 5016 1473 5031 -
1489 4985 1594 5042 exiberi
1610 4989 1645 5042 B.
1664 4989 1701 5059 77)
1720 4985 1868 5040 Delemna

494 5107 579 5124 ....
607 5073 781 5126 tractavimus
808 5074 845 5127 V.
863 5075 898 5128 A.
918 5105 953 5116 -
972 5073 1016 5128 De
1034 5075 1221 5148 suprascripta
1246 5076 1331 5130 forma
1350 5076 1458 5147 generis
1475 5075 1620 5130 masculini
1640 5085 1772 5150 quantum
1793 5075 1868 5128 ratio

493 5154 629 5228 poscebat
647 5159 820 5214 tractavimus
839 5161 870 5211 B.
