4036 6068
360 503 430 580 m
819 499 1377 562 enotriusutuott.

372 673 377 688 ·
447 647 584 714 Eodem
606 647 724 728 medo,
748 648 871 716 eodem
895 662 1066 735 tempore,
1089 649 1205 736 speeie
1227 647 1382 735 perfecte
1405 647 1478 712 sive
1500 643 1668 714 absoluta.
1691 648 1843 715 Numeri

363 750 572 835 singularis:
613 771 692 816 eum
721 751 778 816 vel
811 751 841 816 si
871 750 1084 836 probatus
1114 751 1212 828 sim,
1245 769 1324 815 cum
1357 749 1414 815 vel
1444 750 1474 814 si
1509 748 1727 835 probatus
1757 751 1840 828 sis,

363 869 443 916 uum
478 851 536 918 vel
572 853 602 917 si
634 852 848 939 probatus
879 853 956 929 sit;
986 853 1123 916 numeri
1151 851 1295 938 pluralis
1316 844 1377 936 ⁸⁷):
1409 871 1487 916 eum
1517 851 1573 916 vel
1603 853 1632 914 si
1659 851 1840 937 probati

362 953 512 1028 simus,
543 975 623 1018 cum
653 954 708 1019 vel
738 956 767 1018 si
794 953 973 1040 probati
1002 955 1122 1030 sitis,
1153 973 1231 1017 eum
1256 953 1311 1017 vel
1333 955 1362 1018 si
1384 952 1562 1039 probati
1585 953 1686 1016 siut.

444 1053 492 1118 Et
520 1055 688 1120 ulteriore
718 1055 871 1142 perfecte
894 1047 938 1138 ⁸⁸)
969 1057 1042 1119 sive
1072 1053 1240 1120 absolute.
1262 1055 1410 1136 Numeri
1432 1053 1635 1138 singularis:
1673 1073 1752 1118 cum
1780 1057 1839 1119 vei

361 1153 391 1218 si
425 1154 640 1239 probatus
676 1157 854 1234 fuerim,
893 1177 972 1221 eum
1001 1156 1057 1221 vel
1086 1157 1115 1220 si
1144 1154 1354 1242 probatus
1390 1155 1555 1227 fueris,
1598 1177 1678 1220 cum
1714 1157 1769 1220 vel
1808 1158 1841 1221 si

360 1255 572 1340 probatus
595 1258 747 1334 fuerit3
769 1259 907 1324 numeri
929 1258 1072 1344 pluralis
1090 1253 1152 1340 ⁹⁹)=
1184 1277 1263 1322 uum
1285 1256 1342 1320 vel
1364 1257 1393 1320 si
1414 1256 1587 1342 probati
1616 1256 1839 1336 fuerimus,

362 1375 442 1422 oum
471 1357 527 1422 vel
557 1359 586 1422 si
608 1358 785 1445 probati
809 1360 987 1424 fueritis
1010 1361 1077 1443 ⁹⁰),
1109 1379 1187 1423 uum
1215 1358 1273 1422 vel
1301 1358 1330 1422 si
1352 1357 1528 1444 probuti
1551 1357 1783 1443 tuerint⁹·).

267 1441 339 1499 θοι-δ·
445 1458 580 1524 Eodem
604 1461 721 1540 modo,
746 1461 871 1526 eodem
895 1471 1064 1546 tempore,
1087 1459 1104 1491 ⁴
1120 1461 1236 1546 specie
1258 1460 1597 1546 plusquamperfeeta
1621 1461 1694 1525 sive
1716 1479 1839 1524 recor-

361 1558 479 1624 dativa
506 1561 563 1626 vel
594 1575 725 1628 exacta.
755 1563 902 1628 Numeri
931 1561 1135 1646 siugulatim
1174 1583 1252 1626 cum
1282 1561 1337 1626 vel
1371 1562 1400 1624 si
1428 1560 1645 1646 probatus
1679 1581 1839 1637 essem,

334 1679 440 1726 eum
477 1661 533 1726 vel
564 1664 594 1726 si
624 1664 838 1750 probatus
869 1685 1004 1738 esses,
1038 1683 1116 1727 oum
1147 1663 1203 1728 vel
1233 1665 1263 1729 si
1292 1662 1514 1750 probatus}
1535 1674 1670 1740 essen
1699 1663 1840 1726 numeri

360 1760 505 1846 pluralis
528 1764 589 1847 ⁹¹):
636 1786 715 1830 cum
744 1765 802 1830 vel
831 1766 861 1828 ei
891 1764 1066 1851 probati
1088 1753 1134 1847 93)
1165 1785 1373 1841 essemus,
1405 1785 1485 1830 uum
1516 1764 1572 1828 vel
1600 1765 1630 1828 si
1657 1763 1836 1849 probati

361 1865 539 1940 essetis,
564 1885 643 1930 eum
667 1867 722 1932 vel
745 1868 774 1930 si
796 1865 974 1952 probati
998 1877 1153 1931 esseut.

444 1964 491 2028 Et
519 1965 685 2032 ulteriore
714 1967 1056 2054 plusquamperfecta
1086 1968 1159 2032 sive
1187 1967 1404 2032 recordativa
1431 1965 1488 2029 vei
1518 1978 1650 2031 exacta.
1686 1965 1837 2030 Numeri

359 2063 561 2149 singularis:
586 2089 665 2132 eum
687 2067 744 2132 vel
766 2071 795 2134 si
818 2069 1028 2156 probatus
1052 2069 1243 2144 fuissem,
1268 2091 1347 2134 eum
1369 2067 1426 2132 vel
1448 2068 1478 2130 si
1507 2065 1712 2152 probatus
1735 2067 1837 2132 fuis-

359 2185 447 2244 ses,
483 2188 563 2232 eum
596 2171 654 2234 vei
689 2171 718 2236 si
753 2171 965 2257 probatus
998 2170 1166 2246 fuissem
1195 2172 1332 2235 numeri
1359 2169 1505 2257 pluralis
1522 2162 1580 2254 θῦε
1613 2189 1691 2232 eum
1720 2169 1776 2234 vel
1806 2169 1840 2232 si

359 2267 535 2352 probati
566 2270 819 2350 fuissemus,
856 2291 936 2336 cum
963 2271 1020 2337 vel
1054 2273 1084 2337 si
1116 2273 1293 2359 probati
1329 2271 1555 2348 fuissetis,
1593 2291 1674 2334 eum
1710 2270 1766 2346 ve]
1803 2271 1836 2334 si

358 2368 535 2453 probati
558 2370 748 2438 fuissent.

420 2468 555 2534 Eodem
567 2471 683 2548 modo,
699 2485 855 2560 tempore
870 2475 996 2540 futuro.
1012 2474 1160 2539 Numeri
1174 2473 1377 2559 singularis:
1400 2493 1480 2537 uum
1493 2474 1550 2538 vei
1571 2473 1600 2536 si
1621 2471 1832 2559 probatus

358 2586 446 2642 ero,
477 2589 556 2634 uum
586 2572 642 2635 vel
670 2573 699 2636 si
721 2575 933 2659 probatus
958 2578 1062 2652 eris,
1092 2595 1172 2640 cum
1195 2575 1250 2639 vel
1279 2577 1309 2639 si
1336 2574 1546 2660 probatus
1569 2576 1669 2650 erit,
1691 2573 1832 2637 numeri

357 2666 502 2752 pluralis
527 2661 587 2755 ⁹⁸):
622 2693 701 2738 eum
733 2675 791 2738 vel
822 2677 850 2740 si
880 2677 1057 2762 probati
1085 2677 1265 2754 erimus,
1295 2695 1374 2740 eum
1404 2676 1461 2741 vel
1489 2678 1519 2740 si
1549 2674 1729 2763 probati
1751 2676 1833 2739 eri-

358 2769 432 2846 tis,
457 2791 537 2835 eum
559 2773 615 2838 vel
637 2776 667 2838 ei
696 2775 868 2860 probati
896 2777 1012 2840 erint
1032 2769 1087 2860 ⁰⁶).

444 2871 489 2935 Et
503 2872 669 2940 ulteriore
691 2877 816 2941 futuro.
839 2878 985 2942 Numeri
1008 2877 1211 2962 singularis:
1236 2897 1314 2942 cum
1337 2877 1393 2942 vel
1415 2879 1445 2943 si
1467 2877 1673 2965 probatus
1696 2876 1832 2954 fuero,

360 2989 441 3038 cum
471 2973 527 3057 pel
555 2976 585 3040 si
620 2979 828 3063 probatus
859 2980 1009 3055 fueris,
1038 3000 1117 3044 eum
1145 2979 1202 3044 vel
1224 2980 1253 3042 si
1281 2979 1488 3065 probatus
1512 2979 1663 3054 fuerit;
1694 2979 1833 3042 numeri
1873 3041 1875 3048 .

358 3074 504 3158 pluralis
518 3081 581 3160 ⁹⁷):
613 3099 693 3143 eum
714 3080 770 3144 vei
793 3080 822 3144 si
849 3081 1022 3166 probati
1052 3080 1277 3158 fuerimus,
1306 3101 1385 3146 eum
1415 3079 1471 3146 vel
1493 3083 1523 3144 si
1545 3079 1723 3167 probati
1744 3079 1832 3142 fue·

360 3175 478 3252 ritis,
502 3198 581 3242 cum
603 3179 658 3244 vei
683 3181 712 3244 si
733 3181 911 3266 probati
934 3182 1110 3248 fuerint.

445 3281 518 3344 tto.
551 3279 641 3345 Sane
669 3283 772 3346 etiam
790 3279 835 3366 9“)
866 3285 934 3347 hoe
962 3303 1162 3359 monemus,
1186 3283 1282 3368 quod
1304 3285 1441 3368 generis
1462 3283 1602 3371 passivi,
1626 3283 1699 3346 eive
1721 3283 1832 3367 depo-

357 3379 484 3454 ueutis,
501 3381 555 3444 vel
568 3385 774 3459 eommunis,
789 3384 895 3448 verba
909 3384 1051 3449 modum
1069 3385 1338 3470 inpersortalem,
1356 3386 1411 3450 vei
1421 3385 1580 3470 gerundi,
1603 3387 1828 3458 siveuomen,

357 3477 414 3544 vel
428 3481 709 3566 appellationem,
733 3484 776 3548 sd
794 3485 940 3549 formam
956 3486 1093 3571 generis
1106 3486 1223 3563 activi,
1251 3487 1323 3550 sive
1339 3487 1506 3552 neutralis
1521 3487 1578 3569 99),
1606 3485 1664 3550 vel
1685 3486 1832 3549 inchoa·-

358 3579 434 3657 tivi,
457 3601 616 3647 necnon
640 3598 673 3650 et
697 3585 951 3671 frequentativi,
975 3587 1194 3672 reperientur
1213 3589 1269 3670 ¹⁰⁰)
1292 3587 1478 3654 declinere.

443 3681 619 3769 Tempora
648 3688 913 3773 participiorum
944 3690 1128 3752 trahuntur
1157 3707 1178 3752 a
1203 3687 1311 3754 verbu
1335 3693 1362 3774 ⁸)
1385 3689 1523 3776 passivo
1546 3687 1632 3752 duo:
1660 3687 1832 3773 praeteri—

251 3772 446 3848 v·¹⁹³·tttm:
469 3784 697 3869 probatus;
721 3789 892 3852 futurum:
915 3788 1177 3875 probandus.

442 3889 517 3952 771.
552 3885 641 3952 Saue
669 3890 736 3952 hoe
765 3909 966 3965 monemus,
998 3890 1094 3974 quod
1121 3909 1167 3953 ex
1197 3891 1263 3955 hee
1284 3892 1313 3973 ²)
1341 3893 1456 3977 prime
1486 3891 1732 3974 coniugatione
1759 3891 1832 3952 siut

357 3985 444 4048 haee
466 4005 592 4050 novem
615 3989 739 4065 verba,
764 3989 890 4066 idest,
921 4002 1004 4066 sto,
1028 3991 1166 4067 insto,
1190 4005 1326 4068 resto,
1349 4005 1545 4077 praesto,
1569 4001 1736 4064 onusto,
1759 3990 1833 4052 ad-

358 4098 445 4161 sto,
477 4085 619 4165 obsto,
643 4103 762 4165 exto,
786 4091 853 4168 do,
878 4112 966 4175 quae
989 4093 1104 4177 specie
1132 4091 1297 4177 perfecta,
1320 4106 1465 4180 propter
1486 4095 1641 4177 integros
1658 4085 1687 4174 3)
1708 4110 1828 4167 sonos,

358 4185 403 4250 sd
433 4188 523 4250 hene
555 4188 700 4254 formam
724 4191 872 4256 debeant
896 4192 1084 4268 declinari,
1113 4191 1149 4256 id
1181 4206 1249 4270 est,
1280 4195 1405 4273 steti,
1428 4186 1635 4278 institi⁴),
1667 4193 1833 4270 restiti,

402 4528 441 4604 ⁸⁷)
466 4530 573 4582 numeri
599 4503 713 4602 plut-slis
741 4533 778 4587 V.
805 4531 842 4585 A.
867 4553 904 4581 =
921 4531 954 4585 B.
982 4531 1017 4601 ⁸¹)
1043 4532 1166 4602 perfecte
1183 4533 1217 4586 B.
1238 4533 1274 4587 V.
1293 4532 1441 4603 -speeie
1459 4531 1581 4602 persecu
1599 4530 1636 4585 A.
1663 4531 1701 4602 ιθ)
1720 4530 1831 4581 numeri

461 4613 577 4690 plurnlis
602 4621 638 4675 V.
666 4620 703 4673 A.
727 4639 765 4669 =
787 4619 820 4672 B.
848 4621 884 4688 ⁹⁰)
911 4618 1019 4671 fueritis
1038 4620 1076 4673 V.
1096 4620 1131 4673 A.
1150 4649 1187 4662 -
1205 4619 1281 4673 eritis
1303 4620 1332 4674 B.
1358 4621 1396 4690 ν)
1415 4618 1519 4670 fuerint
1537 4619 1572 4672 V.
1592 4618 1628 4671 A.
1647 4649 1684 4658 —
1702 4617 1773 4668 erint
1791 4617 1828 4669 tt.

461 4707 501 4776 θ’)
520 4706 626 4758 numeri
644 4703 758 4777 pluralis
778 4706 814 4759 V.
833 4706 869 4759 A.
888 4729 924 4757 =
941 4707 974 4760 B.
993 4708 1029 4776 θ’)
1048 4704 1159 4777 probuti
1178 4708 1217 4761 V.
1234 4707 1272 4762 A.
1294 4737 1326 4750 -
1344 4703 1479 4778 probatus
1496 4706 1529 4758 B.
1556 4705 1593 4773 θ’)
1612 4704 1718 4756 numeri
1736 4701 1832 4774 plun-

462 4789 499 4844 tis
518 4795 555 4848 V.
574 4793 610 4846 A.
628 4821 665 4834 -
683 4801 712 4846 et
729 4791 828 4863 plural.
847 4795 879 4848 B.
903 4795 940 4864 θ’)
959 4794 1066 4846 numeri
1083 4791 1197 4864 pluralis
1217 4795 1253 4850 V.
1272 4795 1309 4848 A.
1328 4813 1364 4846 =
1380 4794 1413 4847 B.
1438 4793 1474 4860 θ’)
1495 4791 1566 4844 erint
1584 4793 1616 4845 B.
1637 4791 1673 4846 V.
1692 4801 1833 4846 -erunt

464 4879 501 4932 A.
520 4883 556 4948 ⁰⁷)
575 4879 684 4936 numeri
701 4877 814 4951 pluralis
834 4881 870 4936 V.
889 4881 926 4936 A.
943 4911 980 4924 -
998 4889 1028 4934 et
1044 4878 1144 4952 plural.
1164 4882 1196 4935 B.
1215 4883 1253 4953 θ’)
1273 4881 1354 4935 etiem
1374 4881 1403 4933 Ρ.
1422 4901 1458 4932 =
1475 4880 1508 4932 B.
1530 4879 1565 4933 V.
1584 4879 1620 4934 A.
1640 4883 1676 4946 θ’)
1695 4873 1834 4930 neutralis

466 4965 502 5020 V·
520 4966 558 5018 A.
576 4993 612 5010 -
629 4965 747 5019 nourr-lt
764 4968 797 5020 B.
820 4970 866 5037 u.)
887 4968 1057 5041 reperiantur
1074 4969 1107 5021 B.
1128 4968 1163 5025 V.
1182 4971 1221 5022 A.
1240 4997 1274 5012 -
1293 4967 1468 5039 reperiuntur
1486 4967 1515 5019 1².
1539 4973 1560 5036 ¹)
1579 4961 1662 5020 serbo
1683 4965 1720 5018 V.
1741 4965 1771 5018 Ρ.
1791 4989 1833 5007 —

464 5065 529 5102 vero
556 5053 591 5106 A.
618 5055 641 5126 ¹)
665 5033 717 5107 freti
742 5057 775 5110 B.
801 5077 837 5108 =
857 5057 892 5112 V.
911 5055 946 5111 A.
974 5060 997 5126 ²)
1024 5055 1146 5127 integros
1167 5055 1202 5110 V.
1222 5057 1258 5110 A.
1278 5087 1312 5098 -
1330 5057 1452 5109 iuteeres
1470 5055 1502 5107 B.
1532 5051 1554 5129 Ι)
1573 5051 1662 5106 iustiti
1682 5052 1718 5108 V.
1737 5051 1773 5104 A.
1792 5081 1836 5095 -

464 5134 535 5191 tuiti
554 5137 584 5192 B.
