4022 6068
396 547 462 616 190
587 617 590 630 Ι
648 539 844 596 uxouur‘rt
861 537 885 593 Ε
904 536 1098 595 ttscttooto
1117 537 1167 592 Dii
1186 535 1290 592 voto.
1309 535 1444 592 ortuo.
1463 535 1513 590 ΕΤ
1532 535 1612 590 ΜΤ.

396 691 517 756 tertius
531 707 551 752 a
566 688 633 752 line
648 685 815 753 habeatur
827 699 1007 763 accentum
1030 691 1083 748 ·Ω·
1098 695 1211 748 autem
1227 684 1430 748 naturaliter
1445 683 1588 767 longum
1600 671 1641 766 ³⁵)
1654 684 1685 762 ¹)
1702 691 1764 757 est,
1781 699 1867 762 ergo

394 811 585 876 numquam
608 803 770 855 accentus
792 788 828 852 in
851 789 1049 852 huiusmodi
1068 787 1183 850 verbis
1205 785 1298 870 apud
1320 786 1399 849 illos
1422 779 1464 867 ³⁰)
1499 787 1535 848 in
1557 785 1698 848 tertium
1719 783 1867 867 gradum

394 893 601 976 syllabarum
621 892 762 956 recedit.
787 885 922 956 Sed'ad
937 892 1156 978 propositum
1176 899 1401 953 revertamur.
1433 886 1602 952 Omnium
1618 887 1725 971 igitur
1740 884 1867 948 verbo-

394 1017 470 1060 rum
488 996 580 1081 apud
597 994 739 1058 Latinos
761 995 906 1058 omnino
930 995 1192 1078 coniugationes
1216 1003 1295 1056 aunt
1311 1005 1371 1052 tres
1393 984 1453 1072 ³⁷),
1477 990 1667 1074 inquibus,
1692 1008 1770 1052 cum
1786 987 1867 1050 nul-

393 1099 465 1161 lum
491 1097 635 1160 verbnm
657 1098 694 1160 in
715 1097 797 1173 fine,
821 1106 859 1159 ut
880 1095 1049 1172 diximus,
1073 1095 1197 1159 habeat
1218 1106 1416 1168 accentum,
1447 1093 1659 1156 differentias
1682 1087 1727 1173 ³⁸)
1750 1103 1867 1153 tamen

395 1199 680 1283 coniugationum
710 1199 840 1262 nonin
863 1199 992 1284 prima,
1023 1199 1139 1263 sedin
1166 1197 1316 1261 secunda
1336 1215 1485 1280 persona
1513 1193 1648 1260 Graeco
1668 1195 1868 1279 quaerimus

395 1301 577 1386 exemplo,
602 1301 697 1385 quod
715 1301 808 1386 apud
820 1300 898 1364 illos
913 1303 947 1364 in
962 1302 1043 1366 solis
1059 1299 1365 1364 circumflexilibus
1380 1291 1422 1381 ³⁹)
1438 1297 1616 1362 observari
1629 1297 1726 1362 solet.
1751 1296 1869 1360 Prima

395 1422 479 1487 ergo
508 1403 711 1466 Latinorum
742 1404 942 1487 coniugatio
969 1405 1006 1467 in
1033 1403 1185 1468 secunda
1213 1423 1362 1488 persona
1391 1403 1524 1487 primae
1550 1401 1735 1487 positionis
1758 1397 1867 1462 verbo

395 1506 509 1569 activo
532 1518 566 1568 et
588 1517 711 1569 neutro
736 1505 839 1568 habet
861 1506 911 1568 ·Α·
1022 1507 1121 1590 gravi
1144 1518 1287 1569 accentu
1310 1517 1389 1569 sunt
1405 1503 1450 1586 ⁶).

480 1612 510 1672 ¹l.
549 1605 693 1692 Singula
722 1620 879 1694 tempora
910 1628 981 1671 nou
1009 1607 1214 1694 simpliciter
1244 1607 1469 1693 proferuntur
1489 1610 1541 1688 ο),
1579 1618 1614 1669 et
1641 1618 1679 1668 nt
1713 1601 1867 1686 exempli

396 1727 498 1772 causa
519 1711 622 1772 unius
643 1708 742 1773 verbi
765 1710 950 1774 declinatio
974 1723 1130 1784 notetur,
1161 1717 1270 1774 τύπτω
1298 1708 1489 1795 perlectum
1514 1707 1596 1772 lacit
1622 1711 1736 1788 siscpa
1758 1698 1802 1787 to)
1833 1717 1866 1766 et

395 1812 552 1895 sequitur
585 1810 693 1876 altera
723 1812 876 1875 eiusdem
900 1813 1066 1897 temporis
1087 1805 1129 1892 ⁴¹)
1153 1813 1356 1889 declinatio,
1379 1811 1477 1897 quod
1498 1807 1866 1895 medium-perlectum

394 1927 538 1988 vocaus,
561 1917 678 1977 sisara
698 1907 752 1997 ⁴⁸).
777 1913 862 1977 ltem
886 1915 1262 2000 plusquamperlectum
1290 1912 1465 1997 insopita,
1488 1913 1641 1976 medium
1664 1912 1867 1998 plusquam-

394 2017 586 2100 perfectum
609 2019 783 2090 irsssisrsts3
807 2017 951 2092 dapiercis
973 2017 1081 2100 leuda,
1103 2018 1198 2099 picco
1220 2021 1365 2094 ἀορίστου
1381 2015 1505 2080 isurun.
1528 2015 1697 2079 Futurum
1712 2016 1867 2100 primunt

392 2121 483 2199 coya
515 2115 596 2181 lacit
622 2115 669 2198 ³),
705 2115 857 2180 loturum
881 2121 1071 2185 secundum
1095 2129 1196 2183 roso.
1221 2119 1290 2182 Sed
1312 2129 1346 2182 et
1368 2119 1404 2180 in
1427 2119 1564 2204 passiva
1587 2118 1740 2181 eiusdem
1766 2115 1865 2180 verbi

393 2219 625 2283 declinatione
657 2239 758 2305 saepe
786 2223 959 2305 contingit
986 2224 1147 2308 repetitio
1177 2223 1307 2287 variata
1333 2221 1566 2310 temporibus,
1596 2231 1758 2286 contenta
1780 2219 1864 2283 sim·

393 2321 542 2408 plicibus
565 2322 751 2388 Latinitate
775 2324 992 2409 compendiis
1012 2325 1055 2408 ’).

809 2529 874 2594 na
907 2478 1140 2594 rancone
1172 2529 1447 2594 renascunt.

478 2680 510 2741 8.
541 2676 708 2742 Praesens
736 2691 871 2766 tempus
902 2683 939 2744 iu
968 2684 1118 2747 secunda
1147 2685 1393 2769 coniugatione
1421 2685 1478 2748 vel
1505 2685 1606 2750 tertia
1635 2681 1810 2770 producta
1829 2683 1865 2745 in

394 2777 468 2842 ·lO·
496 2781 699 2846 exeuntium
726 2783 911 2847 secundam
940 2806 1124 2871 personam
1156 2771 1225 2849 u'ua
1254 2787 1385 2868 syllaba
1412 2787 1546 2874 prolert
1572 2790 1763 2863 minorem,
1797 2785 1866 2849 do-

395 2901 486 2958 ceo,
511 2881 654 2957 docet;
679 2881 836 2962 ambio,
861 2885 1017 2964 ambis;
1043 2887 1133 2950 idem
1156 2888 1287 2973 patitur
1309 2901 1344 2952 et
1365 2890 1467 2954 tertia
1483 2904 1654 2978 correpta,
1679 2889 1708 2952 si
1730 2888 1865 2952 ·1·anse

393 2981 450 3046 ·0·
474 2982 613 3059 habeat,
636 2997 675 3048 ut
698 2986 834 3070 capio,
859 2989 996 3073 capis;
1019 2989 1161 3074 pario,
1185 2991 1314 3076 paris.
1336 2992 1382 3056 m
1405 2993 1441 3055 iu
1454 2994 1566 3078 prima
1590 3006 1623 3057 et
1646 2992 1769 3056 ceteris
1785 3011 1864 3054 ver-

391 3083 444 3147 bis
469 3085 589 3148 tertiae
613 3101 793 3174 correptae
823 3089 914 3152 idem
938 3103 1054 3153 manet
1077 3111 1240 3156 numerus
1269 3093 1475 3174 syllabarum
1501 3096 1537 3158 in
1559 3096 1671 3180 prima
1695 3093 1865 3158 secunda-

393 3208 461 3272 que
484 3207 649 3272 persona,
674 3210 787 3268 seco,
813 3212 946 3268 secam
969 3193 1086 3269 dieo,
1111 3193 1229 3258 diois.
1260 3194 1475 3259 Graecorum
1498 3216 1580 3260 vero
1605 3174 1722 3262 omnia
1746 3195 1863 3274 verba,

393 3310 481 3373 quae
505 3290 540 3350 in
566 3295 616 3350 ui·
641 3305 781 3368 exeunt,
805 3314 865 3356 seu
887 3296 1144 3380 perispomcna,
1169 3291 1464 3381 seuharytona⁴³)
1488 3300 1569 3376 sint,
1593 3300 1629 3363 in
1645 3318 1865 3384 quacumque

393 3392 638 3476 coniugatione
667 3393 815 3456 eundem
846 3408 915 3458 tam
945 3396 981 3458 in
1010 3398 1140 3482 prima,
1173 3419 1277 3483 quam
1307 3400 1343 3462 in
1373 3401 1525 3466 secunda
1554 3421 1703 3488 persona
1726 3413 1865 3464 servant

392 3515 574 3558 numerum
599 3494 817 3575 syllabarum.
1363 3497 1380 3508 “
1784 3497 1788 3506 ’

477 3601 506 3666 9.
531 3595 641 3661 Porro
665 3598 701 3660 in
723 3595 840 3662 verbis
862 3599 918 3664 vel
950 3600 1042 3687 apud
1069 3602 1201 3664 Latinos
1226 3593 1269 3686 Η)
1304 3604 1341 3665 ἰιι
1371 3602 1478 3684 ·01t·‚
1507 3605 1564 3668 vel
1593 3606 1685 3694 apud
1708 3603 1863 3670 Graecos

433 3906 469 3978 ²⁵)
487 3903 600 3978 longum
621 3909 687 3960 Cocl.
698 3928 731 3962 ex
749 3928 800 3962 em.
819 3929 862 3980 pr.
871 3929 917 3974 m.,
934 3929 1007 3982 quae
1024 3916 1141 3976 primum
1159 3909 1242 3983 longa
1259 3919 1413 3985 arripuerat.
1434 3916 1471 3988 ³⁶)
1490 3913 1554 3969 illos
1575 3917 1642 3971 eos.
1653 3893 1687 3970 ea·
1698 3935 1749 3970 em·
1767 3937 1812 3988 pr.
1828 3935 1864 3970 sss.

498 4013 571 4066 quae
594 3999 711 4066 primum
736 3994 814 4048 illurn
838 4002 991 4067 scripserat.
1017 4002 1052 4069 ³⁷)
1080 4009 1135 4052 tres
1149 4023 1186 4050 =
1201 4003 1268 4056 cod.
1297 4005 1332 4073 ³¹)
1357 3999 1526 4056 diil'ereutiss
1543 4035 1581 4046 -
1599 4001 1763 4057 deterentia
1794 4005 1864 4058 cod.

433 4088 438 4096 '
499 4083 534 4152 ⁸⁹)
555 4081 796 4136 circumflexilibus
814 4083 1089 4139 -.cireumllsaibus
1110 4088 1177 4141 Cad.
1209 4089 1267 4157 Ost.
1283 4091 1422 4145 Incertum
1440 4092 1475 4144 de
1494 4091 1586 4146 Verbo
1606 4094 1628 4164 ς.
1700 4094 1736 4163 ⁴⁰)
1755 4091 1865 4166 τέττιγα

407 4189 409 4192 ·
497 4197 534 4208 -
550 4177 654 4240 rescisa
675 4172 741 4224 Ccd.
757 4171 793 4243 ⁴¹)
808 4175 939 4245 temporis
957 4206 993 4216 -
1011 4175 1170 4248 temporalis
1192 4178 1259 4231 cos.
1279 4179 1314 4248 ⁴³)
1328 4176 1431 4234 essina
1453 4181 1521 4233 cod.
1540 4201 1574 4233 ea
1593 4201 1643 4235 em.
1661 4201 1704 4252 pr.
1725 4200 1770 4244 rra,
1790 4201 1867 4254 quae

496 4259 614 4326 primam
632 4259 753 4332 τιτυπβα
770 4265 926 4332 scripserat.
947 4263 984 4333 ⁴³)
1002 4259 1135 4335 berytons
1153 4295 1189 4306 -
1206 4262 1332 4318 baritana
1353 4267 1419 4322 cos.
1440 4268 1477 4340 ⁴⁴)
1495 4267 1610 4322 Latinos
1628 4291 1665 4318 =
1685 4268 1751 4322 cos.

433 4383 464 4450 a)
490 4379 604 4450 longum
620 4409 657 4424 -·
681 4383 766 4456 lcssps
783 4379 908 4436 Msercb.
927 4381 993 4436 edit.
1022 4385 1048 4455 i)
1069 4385 1157 4440 'l'otus
1174 4385 1254 4441 locus
1273 4386 1412 4462 syrrhis:
1434 4391 1513 4454 „Sos
1530 4393 1569 4445 ad
1584 4398 1755 4467 propositum
1772 4411 1867 4445 rerer·

495 4477 610 4520 tamw‘
643 4486 731 4542 usqae
757 4467 792 4520 ad
816 4467 916 4522 rerba:
950 4478 1053 4545 „gravi
1084 4489 1198 4529 assem
1232 4488 1318 4532 surst“
1351 4479 1380 4532 in
1409 4476 1530 4533 Macrob.
1563 4479 1630 4532 edis.
1659 4478 1745 4532 deest.
1765 4478 1866 4532 Locus

477 4563 568 4607 *certe
594 4555 675 4609 etism
700 4557 730 4608 in
757 4566 853 4612 nostro
881 4559 951 4613 Cad.
977 4559 1107 4628 mutilum
1138 4561 1235 4616 lacuna
1261 4567 1408 4637 punctiss
1434 4565 1517 4621 achia
1540 4566 1676 4632 indicata,
1694 4568 1736 4620 sic
1754 4568 1867 4637 peterit

493 4641 612 4714 expleri:
648 4647 792 4707 „secanda
826 4647 887 4709 ·E·‚
922 4653 1003 4703 tertia
1034 4664 1160 4721 correpta
1193 4665 1221 4706 et
1243 4654 1380 4724 prodacta
1407 4656 1438 4708 ·l·
1462 4667 1529 4708 anta
1553 4659 1673 4709 &staram
1697 4655 1870 4728 finalem.“

491 4729 598 4787 Verba:
623 4739 726 4806 „prasi
752 4748 869 4790 accentu
890 4747 989 4799 essetf*
1014 4735 1050 4790 sd
1075 4736 1187 4794 verbum
1213 4757 1340 4811 graecum
1366 4751 1510 4813 spectant,
1528 4741 1564 4795 sd
1583 4741 1659 4815 quod
1677 4740 1795 4796 rediisse
1815 4761 1867 4796 ex·

491 4827 647 4888 carptoresn
673 4838 688 4873 e
713 4821 897 4896 sequentibus
921 4833 1008 4896 pstea.
1033 4827 1060 4896 e)
1087 4827 1205 4898 Singula
1229 4841 1353 4898 tempora
1378 4849 1434 4884 aaa
1453 4835 1611 4902 simpliciter
1626 4833 1810 4902 proferantur
1827 4859 1869 4874 -

447 4947 454 4962 ,,
489 4903 608 4976 Singula
634 4921 757 4982 tempora
774 4931 937 4983 graecorum
962 4915 1103 4968 verborum
1121 4933 1177 4968 nott
1194 4920 1361 4989 simpliciter,
1378 4923 1449 4972 sicut
1472 4921 1611 4973 Latinitas
1628 4919 1788 4989 compendio
1808 4926 1869 4973 asts'·

491 5004 538 5044 tssr
560 4998 740 5063 proferuntur
766 4998 890 5056 Macrab.
918 4999 985 5055 edit.
1012 5001 1138 5075 ἢτύψω
1147 5005 1227 5072 sacis
1241 5008 1365 5074 -sacit
1383 5005 1459 5076 stipa
1477 5004 1600 5060 Macrcb.
1618 5003 1689 5081 idll·
1713 5009 1740 5076 a)
1758 5007 1818 5059 Sesl
1838 5021 1869 5062 et

491 5081 520 5132 io
544 5087 654 5150 passivo
671 5113 708 5127 -
724 5100 854 5142 contenta
876 5091 1042 5163 simplicibus
1067 5091 1220 5150 latinitate
1244 5095 1460 5166 compendiis-
1485 5095 1618 5150 Similiter
1636 5101 1666 5150 iss
1681 5099 1791 5167 passivo
1813 5117 1869 5150 soa-

492 5171 600 5223 riantur
618 5184 741 5243 tempora
759 5173 882 5230 Macrob.
907 5178 972 5232 edis
