4032 6070
365 555 436 626 ηε
823 551 1378 612 rnontanstttnoa.

369 702 418 764 ot·
448 701 562 767 litters
589 701 813 779 definiuntur,
841 713 880 767 ut
909 715 1011 790 puta:
1042 701 1090 766 ah
1117 703 1196 768 hoc
1223 717 1257 770 et
1279 702 1327 768 ab
1355 705 1434 768 hac
1457 701 1682 784 choraula,
1711 705 1840 772 hicet

366 807 467 870 haec
482 798 526 888 ’7)
551 804 770 882 choraula,
794 807 880 870 haec
902 806 946 870 ad
969 807 1037 868 hoc
1059 806 1259 892 exemplum
1284 806 1504 870 declinantur
1519 809 1573 892 ⁷⁰).

450 909 596 972 Numeri
619 907 816 993 singularis:
848 907 925 971 llic
947 909 1106 972 ethaeo
1130 907 1349 986 choraula,
1380 909 1508 973 huius
1531 923 1565 974 et
1587 911 1712 974 huius
1735 911 1836 976 cho·

366 1009 522 1087 mulae,
546 1011 689 1074 huicet
711 1012 810 1074 huic
834 1009 1078 1087 choraulae,
1101 1012 1212 1074 huuc
1235 1023 1269 1074 et
1292 1013 1402 1074 hauc
1425 1011 1684 1089 choraulam,
1708 1031 1730 1076 o
1753 1025 1788 1076 et
1810 1033 1835 1076 o

366 1112 593 1188 choraula,
624 1111 674 1177 ab
702 1114 782 1175 hoc
814 1126 848 1177 et
876 1111 926 1176 ab
959 1115 1037 1176 hac
1068 1111 1292 1189 choraula:
1330 1127 1364 1177 et
1392 1111 1590 1199 pluraliter:
1619 1114 1662 1178 hi
1692 1125 1725 1178 et
1754 1115 1832 1177 hae

365 1214 623 1292 choraulae,
653 1215 805 1279 horum
836 1227 870 1280 et
891 1217 934 1298 7’)
963 1216 1108 1278 harum
1140 1213 1457 1293 choraularum,
1488 1215 1554 1280 his
1582 1227 1616 1280 et
1645 1216 1711 1279 his
1735 1216 1833 1280 cho-

366 1316 515 1392 ra'ulis,
539 1319 615 1380 hos
639 1331 672 1381 et
694 1318 765 1382 has
789 1317 1037 1395 choraulas,
1061 1337 1083 1380 c
1106 1329 1140 1380 et
1162 1335 1184 1380 o
1208 1317 1456 1394 choraulae,
1479 1316 1528 1381 ab
1551 1318 1616 1382 his
1638 1330 1672 1382 et
1695 1317 1746 1382 ab
1769 1319 1837 1381 his

365 1417 597 1484 choraulis.

451 1519 509 1583 Sic
532 1533 566 1584 et
588 1521 654 1585 alia
677 1522 814 1606 generis
838 1521 1032 1585 communis
1050 1522 1093 1603 7’)
1115 1521 1274 1596 nomina,
1306 1539 1395 1606 quae
1417 1518 1568 1584 ablativo
1592 1541 1674 1585 casu
1696 1521 1836 1584 numeri

365 1621 550 1706 singularis
579 1623 629 1687 nl·
659 1624 775 1688 littera
803 1623 1033 1688 terminantur
1061 1635 1095 1686 et
1127 1623 1344 1686 nominativo
1373 1641 1453 1685 casu
1483 1625 1619 1687 numeri
1648 1622 1836 1707 singularis

366 1723 415 1785 ·Α·
438 1724 554 1788 littera
576 1724 787 1789 deliniuntur
802 1719 843 1810 7’)
873 1725 915 1789 ad
939 1724 1139 1812 exemplum
1163 1722 1397 1788 choraulae
1426 1745 1491 1811 per
1512 1743 1634 1790 omues
1656 1718 1700 1809 7’)
1732 1745 1835 1790 casus

365 1821 592 1918 declinantur.

449 1924 522 1994 238.
546 1929 649 1992 Nunc
676 1931 744 1992 hoc
767 1949 967 2004 monemus,
998 1931 1035 1993 in
1058 1931 1124 1992 hac
1146 1926 1258 1992 iorma
1280 1929 1418 2014 generis
1441 1929 1656 2007 communis,
1688 1949 1758 2014 qua
1780 1929 1837 1994 di-

278 2029 290 2040 '
363 2031 479 2094 ximus
502 2029 652 2095 ablativo
677 2051 758 2094 casu
779 2034 915 2096 numeri
938 2030 1122 2117 singularis
1145 2031 1288 2094 nomina
1312 2030 1361 2094 ul·
1379 2029 1493 2094 littera
1517 2031 1696 2094 terminari
1718 2044 1751 2094 et
1769 2049 1818 2094 no

361 2132 529 2196 minativo
562 2153 643 2196 casu
670 2136 807 2198 numeri
836 2134 1021 2220 singularis
1044 2127 1087 2218 75)
1110 2132 1160 2195 ul·
1183 2130 1298 2196 littera
1320 2131 1475 2209 deliniri,
1506 2133 1602 2218 quod
1625 2153 1670 2196 ex
1692 2153 1732 2196 ea
1754 2131 1836 2218 plus

362 2253 465 2318 quam
490 2236 668 2322 octoginta
690 2249 823 2321 septem
837 2228 879 2316 ⁷⁵)
904 2236 996 2314 soni,
1027 2237 1095 2300 hoc
1117 2247 1189 2312 est,
1220 2253 1324 2320 quam
1348 2237 1389 2317 77)
1411 2233 1590 2320 octogiuta
1613 2246 1745 2322 septem
1767 2253 1837 2300 uo-

361 2337 456 2399 mina
477 2355 550 2425 non
571 2338 707 2423 possint
722 2333 761 2418 7’)
786 2337 954 2403 exhiheri.

446 2439 501 2500 De
525 2439 636 2502 lorma
658 2441 794 2522 generis
818 2439 1024 2516 communis,
1049 2458 1118 2524 qua
1135 2436 1287 2504 ablativo
1304 2456 1387 2504 casu
1399 2438 1538 2502 numeri
1559 2437 1745 2524 singularis
1768 2457 1837 2502 no-

362 2539 457 2600 mina
485 2539 536 2601 ·A·
565 2539 680 2603 littera
709 2542 941 2604 terminantur
968 2553 1002 2603 et
1032 2541 1250 2604 nominativo
1281 2559 1363 2605 casu
1400 2541 1537 2608 numeri
1566 2540 1751 2626 singularia
1783 2539 1836 2604 ·A·

361 2640 478 2704 littera
501 2640 730 2718 deliniuntur,
754 2653 922 2727 quantum
947 2643 1036 2704 ratio
1058 2641 1242 2726 poscebat,
1266 2643 1490 2708 tractavimus
1511 2643 1563 2726 ⁷⁹).

447 2743 520 2810 239.
548 2742 612 2804 DE
636 2738 781 2826 ·1n·⁸⁰).
814 2741 1068 2827 Quaecumque
1104 2745 1248 2806 uomina
1277 2743 1414 2827 generis
1452 2745 1647 2809 communis
1680 2741 1837 2808 ablativo

363 2863 444 2907 casu
474 2845 612 2906 numeri
644 2844 827 2928 singularis
858 2843 908 2907 ·Α·
935 2845 1051 2908 littera
1080 2846 1325 2923 terminantur,
1358 2857 1393 2911 et
1422 2847 1640 2912 nominativo
1664 2865 1747 2910 casu
1768 2865 1837 2909 nu-

360 2945 449 3008 meri
472 2945 657 3030 singularis
694 2947 762 3010 ·1n·
795 2946 937 3024 litteris,
973 2965 1046 3008 nou
1075 2946 1143 3008 ln·
1175 2945 1305 3028 syllaba
1332 2947 1563 3026 deliniuntur,
1594 2961 1756 3035 utputa:
1786 2945 1838 3012 ab

362 3049 441 3110 hoc
463 3059 496 3110 et
520 3046 567 3110 ab
591 3049 666 3111 hac
689 3049 889 3112 custodia
907 3042 969 3130 ⁸¹),
997 3048 1069 3112 hic
1091 3059 1126 3112 et
1148 3047 1252 3112 haec
1282 3041 1556 3134 custudia⁸’),
1584 3051 1671 3114 haec
1698 3049 1743 3114 ad
1766 3051 1838 3113 hoo

363 3149 562 3234 exemplum
586 3148 819 3214 declinantur:

255 3245 353 3352 ⁸:1¹³·
448 3249 616 3314 *Numeri
631 3252 831 3336 singularis:
856 3251 972 3314 hicet
993 3252 1097 3335 haec
1118 3251 1484 3330 custodiasshuius
1508 3263 1543 3318 et
1564 3241 1744 3336 huius⁸')
1767 3272 1838 3316 cu·

270 3318 284 3351 ⁰
318 3319 339 3350 ι’
364 3351 545 3429 stodiac,
575 3352 676 3416 huic
705 3366 739 3417 et
770 3353 871 3416 huic
896 3347 938 3433 ’7)
968 3353 1203 3428 custodiae,
1234 3353 1345 3416 hunc
1374 3365 1409 3416 et
1430 3355 1540 3418 hauc
1571 3352 1836 3430 custodiam,

364 3473 386 3518 o
409 3465 443 3518 et
465 3445 542 3536 0⁸⁵)
567 3455 777 3530 custodia,
807 3454 858 3518 ah
880 3457 961 3519 hoc
984 3467 1018 3519 et
1040 3455 1090 3518 ab
1113 3459 1189 3519 hac
1212 3454 1423 3532 custodia:
1446 3469 1481 3520 et
1501 3456 1699 3543 pluraliter:
1729 3455 1778 3518 hi
1800 3465 1836 3517 et

363 3559 438 3620 hae
462 3555 703 3634 custodiae,
734 3556 881 3620 horum
906 3570 940 3621 et
961 3557 1439 3635 harumcustodiarum,
1471 3559 1538 3623 his
1561 3569 1595 3622 et
1618 3548 1741 3639 his'⁶)
1766 3575 1835 3620 cu·

363 3660 533 3736 stodiis,
564 3659 637 3721 hos
669 3670 702 3722 et
729 3659 801 3722 has
832 3659 1068 3738 custodias,
1100 3674 1178 3727 oet
1200 3677 1222 3722 c
1242 3651 1286 3741 ’7)
1308 3659 1547 3737 custodiae,
1569 3657 1618 3724 ab
1638 3653 1683 3744 ”)
1703 3658 1777 3722 his
1801 3671 1837 3724 et

364 3760 414 3825 ab
437 3756 562 3844 his⁸⁹)
587 3761 811 3824 custodiis.
895 3767 908 3776 '

259 3875 286 3922 v.
306 3889 353 3939 ¹99
444 3862 509 3930 ,Sic
532 3876 567 3926 et
588 3875 703 3926 cetera
726 3862 807 3925 talia
829 3863 966 3946 generis
979 3865 1174 3928 communis
1197 3866 1357 3942 nomina,
1382 3883 1471 3951 quae
1488 3859 1639 3928 ablativo
1663 3879 1745 3925 casu
1767 3880 1838 3924 uu-

364 3963 452 4026 meri
474 3964 659 4048 singularis
683 3965 733 4027 n·
756 3964 871 4028 littera
893 3966 1123 4028 terminantur
1154 3978 1187 4030 et
1209 3966 1425 4032 nominativo
1449 3985 1532 4030 casu
1553 3963 1690 4028 numeri
1713 3963 1839 4048 singu-

363 4064 446 4129 laris
463 4066 508 4147 ⁹⁰)
531 4065 598 4129 lh·
620 4065 761 4142 litteris,
793 4086 865 4130 non
896 4067 964 4130 ·1n·
993 4067 1123 4148 syllaba
1146 4068 1376 4146 deliniuntur,
1400 4066 1444 4132 ad
1467 4065 1668 4153 exemplum
1690 4075 1838 4130 custo·

365 4167 461 4231 diae
483 4187 547 4252 per
569 4185 689 4230 omnes
713 4188 811 4232 casus
835 4167 1061 4232 declinantur.

409 4357 445 4426 ’7)
471 4353 539 4408 haec
560 4357 595 4410 V.
615 4358 651 4410 A.
670 4358 702 4410 B.
718 4377 752 4412 aa
771 4377 821 4412 em.
848 4377 889 4428 pr.
917 4375 953 4409 m.
973 4353 1060 4407 -ab
1079 4353 1131 4409 hac
1154 4359 1186 4411 B.
1206 4369 1284 4430 apr.
1303 4377 1338 4412 m.
1366 4359 1402 4427 77)
1423 4353 1598 4410 declinantur
1617 4356 1654 4411 V·
1672 4355 1710 4410 A.
1729 4383 1767 4397 -
1786 4352 1840 4407 tle·

473 4443 590 4498 cliuitur
606 4445 640 4498 B.
660 4451 696 4518 77)
709 4453 744 4516 ¹et
762 4445 793 4498 B.
814 4445 850 4497 V.
870 4474 905 4485 -
922 4440 966 4494 vel
984 4442 1020 4496 A.
1040 4447 1076 4515 7’)
1096 4445 1202 4514 generis
1222 4443 1373 4498 communis
1392 4446 1424 4498 B.
1446 4445 1482 4500 V.
1500 4474 1537 4485 -—
1552 4441 1704 4496 communis
1722 4443 1838 4511 generis

471 4533 508 4585 A.
528 4536 571 4603 77)
592 4543 620 4588 et
643 4533 811 4588 nominativo
829 4567 947 4586 ......
958 4527 1126 4584 deliniuntur
1146 4533 1175 4586 B.
1196 4535 1232 4588 V.
1249 4555 1285 4582 =
1304 4533 1340 4586 A.
1360 4535 1395 4604 ⁷⁴)
1416 4549 1510 4585 omues
1530 4532 1567 4588 V.
1584 4531 1621 4584 A.
1639 4559 1674 4574 -
1693 4529 1785 4582 omma
1804 4531 1841 4585 B.

438 4663 443 4676 ,
473 4621 510 4690 7’)
529 4625 639 4674 uomina
655 4659 729 4676 .....
755 4616 900 4690 singularis
926 4618 962 4675 V.
977 4619 1009 4671 B.
1028 4641 1064 4667 =
1082 4619 1117 4671 A.
1147 4621 1181 4689 7’)
1203 4623 1343 4692 octogiuta
1361 4631 1468 4692 septem
1488 4621 1524 4675 V.
1542 4618 1579 4673 A.
1597 4647 1634 4660 -
1651 4615 1785 4670 xxxvn
1807 4621 1840 4673 B.

473 4721 499 4761 et
516 4727 580 4762 mor
595 4713 670 4778 insi-a
687 4708 816 4764 xxxvl.
836 4709 871 4780 77)
892 4725 972 4778 (μω
990 4707 1023 4759 Β.
1035 4706 1071 4761 V.
1091 4729 1126 4755 =
1143 4707 1180 4760 A.
1200 4710 1238 4780 ⁷⁸)
1257 4709 1367 4782 possint
1384 4711 1417 4762 B.
1429 4709 1465 4762 V.
1484 4739 1519 4748 —
1536 4713 1656 4777 possunt
1673 4703 1709 4756 A.
1734 4705 1772 4775 77)
1793 4705 1841 4761 Dc

472 4797 558 4849 forma
577 4836 584 4851 .
605 4835 613 4850 .
632 4836 639 4848 .
661 4835 667 4850 .
687 4797 862 4850 cantavimus
882 4796 919 4849 V.
935 4795 971 4848 A.
991 4825 1027 4837 -
1045 4795 1088 4847 De
1106 4793 1265 4866 supradicta
1282 4795 1367 4849 sonna
1386 4795 1494 4866 generis
1513 4812 1529 4846 c
1547 4791 1683 4854 mmuuis,
1702 4799 1840 4862 quantum

473 4884 542 4936 ratio
561 4881 711 4955 poscebat,
734 4884 908 4939 tractavimus
927 4884 958 4937 B.
984 4882 1084 4954 ”)1)ε
1104 4881 1156 4934 ·lA·
1176 4884 1208 4935 B.
1230 4885 1266 4940 V.
1285 4915 1320 4927 -
1340 4881 1375 4936 dc
1394 4883 1447 4934 lh·
1466 4879 1566 4937 litteris
1585 4879 1622 4934 A.
1651 4882 1687 4950 Ἰ)
1708 4878 1843 4934 custodia

475 4969 506 5022 V
504 5005 510 5020 .
520 4973 556 5024 A.
576 5001 612 5012 -
630 4969 756 5024 custodia
774 4974 806 5025 B.
827 4985 911 5024 ecurt.
936 4974 973 5041 '²)
993 4967 1038 5024 hic
1057 4979 1086 5024 ct
1103 4967 1171 5024 haec
1191 4967 1317 5023 custodia
1336 4971 1414 5025 V.B.
1426 4973 1458 5026 P.
1476 4993 1512 5020 =
1529 4969 1566 5023 A.
1595 4969 1630 5040 ’7)
1651 4975 1678 5019 et
1698 4963 1781 5019 liuius
1803 4969 1842 5022 V.

475 5055 512 5108 A.
531 5077 566 5103 =
584 5059 616 5110 B.
636 5059 671 5122 ’7)
692 5067 719 5111 et
737 5055 801 5110 huic
821 5061 856 5113 V.
876 5059 912 5112 A.
932 5081 968 5107 =
986 5059 1017 5112 B.
1037 5059 1074 5128 ”)
1094 5066 1147 5111 cto
1168 5058 1204 5113 V.
1224 5061 1260 5113 A.
1274 5059 1350 5112 =B.
1371 5059 1407 5130 ’7)
1428 5067 1456 5112 ct
1474 5055 1517 5109 his
1538 5055 1704 5112 V.A.=B.
1724 5055 1762 5122 ’7)
1783 5063 1841 5108 cto

478 5143 512 5194 V.
528 5141 564 5194 A.
580 5165 615 5192 =
633 5145 665 5196 B.
686 5146 721 5210 ’7)
741 5141 774 5196 ab
794 5147 824 5199 tt.
845 5147 879 5198 V.
897 5147 926 5198 P.
937 5137 1016 5200 ΞΑ.
1037 5147 1072 5218 ”l
1088 5144 1158 5200 etah
1174 5144 1216 5200 his
1231 5148 1266 5202 V.
1277 5147 1398 5203 A.=B.
1418 5147 1453 5218 ⁹⁰)
1464 5143 1581 5200 ablativo
1602 5159 1667 5198 casu
1685 5178 1843 5199 ......

403 5263 407 5270 -
475 5229 579 5282 numeri
599 5227 742 5300 :iugularit
761 5232 792 5284 B.
815 5233 849 5286 V.
860 5233 889 5286 Ρ.
910 5255 946 5282 =
964 5234 999 5286 A.
