4042 6070
472 539 626 598 utentur
648 539 795 596 austun
818 539 1010 596 ementur.
1036 541 1308 598 rnacunurutt.
1579 549 1626 624 89

238 697 291 764 93.
316 691 356 754 ln
385 689 462 754 ·ES·
490 687 660 773 producta
687 687 877 751 masculina
898 699 1031 750 tanturn
1060 701 1094 752 et
1112 689 1287 756 feminina.
1322 689 1533 756 Masculiuea
1557 693 1680 756 bicen
1698 710 1726 758 rs

152 795 377 868 Hercules,
401 790 762 864 huiuslierculis;
786 789 1126 866 Ulixes,Ulixis;
1150 791 1332 857 feminina:
1349 793 1510 870 caedes,
1534 815 1625 858 cae-

150 901 235 974 dis;
259 896 407 970 nubes,
431 893 568 956 nubis.
593 891 683 956 Sunt
696 903 729 954 et
742 911 877 975 graeca,
902 911 990 974 quae
1008 893 1204 975 genetivum
1221 895 1350 958 iaciunt
1364 917 1428 980 per
1441 903 1551 958 ¹0Y2'·
1566 907 1624 958 aut

150 1021 213 1086 per
228 1003 314 1062 ’οΣ
335 999 360 1079 ι)
379 1003 567 1074 Σωκράτης,
591 1001 796 1070 Σωκράτους,
824 993 1034 1070 Socrates,
1060 994 1271 1072 Socratis,
1295 1001 1431 1076 Χρέμης,
1448 997 1622 1076 Χρέμητος,

151 1102 382 1174 Chremes,
420 1095 671 1162 Chremetis.
717 1094 900 1157 Terentius
939 1094 1111 1158 Chremi
1141 1097 1327 1162 declinavit
1369 1114 1408 1162 ut
1441 1096 1623 1162 Sallustius

151 1205 318 1286 Persi¹)
339 1205 374 1284 ⁶)
404 1235 450 1248 -
478 1199 608 1262 etiam
631 1217 808 1282 puerum
840 1197 937 1260 inde
961 1196 1109 1261 abiens
1132 1201 1317 1263 conveni
1346 1199 1624 1281 Chremi⁶)-

150 1309 231 1368 item
255 1303 453 1368 accusativo
476 1300 700 1365 Chremem
725 1319 789 1384 pro
818 1291 1085 1362 Chremetem
1110 1304 1159 1384 ⁶),
1189 1313 1223 1364 et
1244 1301 1430 1384 Vergilius,
1461 1301 1622 1377 Daren,

149 1427 213 1492 pro
244 1407 452 1470 Daretem
481 1403 921 1489 -praecipitemque
943 1400 1082 1464 Daren
1106 1403 1258 1466 ardens
1282 1401 1427 1486 agit‘).

236 1508 276 1570 Si
294 1527 362 1591 qua
376 1519 491 1570 autem
505 1507 597 1568 tlexo
613 1497 641 1586 3)
658 1514 802 1566 accentu
818 1503 1054 1587 reperiuntur,
1079 1505 1163 1568 baec
1183 1505 1219 1568 in
1242 1525 1303 1568 suo
1324 1515 1504 1568 remanent
1522 1517 1623 1582 stetu,

150 1625 183 1674 et
202 1629 365 1692 graecam
390 1607 656 1671 declinationem
677 1617 850 1678 secuntur,
874 1604 968 1667 velut
991 1606 1058 1668 hic
1080 1605 1302 1682 Eumenes,
1327 1608 1452 1670 huius
1474 1607 1623 1670 Eume-

149 1712 243 1786 ntis,
277 1711 520 1795 Euprepes,
550 1705 798 1793 Eupreptis,
835 1726 1045 1790 quamquam
1074 1707 1214 1790 quidam
1242 1709 1359 1773 dicant
1380 1709 1620 1795 Euprepes,

149 1813 431 1896 Euprepetis;
456 1824 485 1872 et
499 1801 528 1892 ⁴)
551 1811 780 1883 Eumenes,
802 1808 1054 1872 Eumenetis
1077 1811 1244 1875 declinari
1263 1812 1459 1876 voluerunt.

235 1913 473 1998 Excipiuntur
493 1914 589 1987 baec,
614 1933 633 1973 a
659 1909 857 1972 masculinis
884 1910 1044 1993 quidem:
1079 1911 1274 1998 locuples
1303 1927 1343 1976 et
1372 1916 1516 1990 heres,
1548 1933 1623 1977 cre-

149 2028 249 2080 scunt
272 2017 366 2078 enim
391 2013 570 2098 genetivo;
600 2015 683 2076 item
706 2034 726 2075 a
751 2010 925 2074 femininis
948 2011 1092 2096 pubes,
1121 2012 1248 2089 fides,
1271 2015 1411 2099 pleps,
1437 2015 1565 2079 Ceres
1583 2007 1622 2097 ⁵),

150 2137 363 2202 quamquam
397 2116 503 2178 lides
527 2127 561 2178 et
582 2114 715 2199 pubes
746 2113 921 2199 duplicem
950 2114 1236 2196 significationem
1260 2115 1404 2193 babent,
1430 2129 1463 2180 et
1490 2119 1622 2182 idcirco

150 2220 327 2284 diversum
354 2217 553 2302 genetivum
575 2217 723 2290 iaciunt,
748 2228 798 2278 est
822 2217 913 2278 enim
938 2215 1049 2278 lides
1071 2221 1171 2278 rtem
1196 2219 1250 2278 ml
1270 2223 1362 2296 λύρα,
1394 2231 1427 2282 et
1446 2220 1525 2283 ideo
1542 2239 1621 2283 cnm

150 2327 248 2398 λύραν
268 2321 438 2404 significat
460 2303 556 2382 suam
575 2319 720 2382 lormam
737 2330 849 2382 servat
865 2331 899 2380 et
915 2318 1108 2381 declinatur
1123 2319 1139 2381 l
1143 2319 1246 2396 ides,
1270 2319 1286 2384 t
1290 2321 1381 2396 idis,
1404 2334 1443 2384 ut
1460 2322 1621 2398 caedes,

152 2423 313 2498 caedis,
340 2443 418 2486 cum
434 2441 517 2484 vero
535 2425 637 2484 πίστιν
660 2420 784 2496 iides,
807 2419 913 2482 iidei
938 2419 1028 2484 lecit.
1133 2446 1136 2452 ¹
1187 2491 1189 2496 ,

236 2524 352 2588 Simili
368 2525 502 2586 ratione
515 2521 646 2609 pubes
664 2523 748 2586 duas
761 2521 864 2586 babet
876 2522 1156 2606 significationes,
1179 2535 1231 2586 est
1246 2523 1338 2586 enim
1353 2525 1414 2602 ἥβη
1430 2532 1483 2588 net
1495 2525 1624 2605 iudeus

152 2647 230 2688 cum
252 2647 334 2708 ergo
357 2629 436 2708 ἥβην
458 2623 1004 2710 significatdeclinaturpubes,
1043 2623 1185 2710 pubis,
1221 2639 1260 2690 ut
1288 2624 1445 2705 nubes,
1479 2625 1622 2703 nubis,

153 2747 228 2789 curn
245 2729 501 2808 veroifideem
522 2726 673 2811 pubes,
696 2726 883 2811 puberis.

232 2832 286 2896 94.
310 2830 351 2891 ln
376 2830 459 2892 ·EX·
480 2829 670 2893 masculina
688 2841 721 2891 et
744 2828 910 2893 feminina
926 2827 1165 2904 inveniuntur,
1200 2841 1362 2893 nentrum
1384 2829 1729 2914 nullum,nisicn17,

153 2931 475 3016 excommunionm
498 2925 593 2994 velut
614 2931 821 2993 masculina:
846 2932 913 2994 hic
936 2943 1107 3007 vertex,
1138 2933 1266 2994 huius
1290 2933 1495 3007 verticis,
1525 2932 1625 2995 lemi-

152 3035 229 3096 nina
247 3033 378 3110 silex,
402 3032 561 3108 silicis,
586 3033 893 3096 excommunione
916 3035 982 3096 hic
1006 3045 1040 3096 et
1063 3035 1167 3096 baec
1190 3045 1224 3098 et
1246 3036 1327 3098 b'oc
1350 3029 1546 3118 simplex.

231 3135 368 3196 Horum
385 3136 565 3198 nominum
582 3135 724 3198 ablativi
739 3135 873 3198 diverse
890 3135 1089 3210 efferuntur,
1107 3155 1258 3220 namque
1273 3156 1337 3221 per
1352 3135 1402 3198 ·Ε·
1422 3135 1623 3211 efferuntur,

154 3246 190 3296 ut
205 3235 247 3298 ab
266 3239 348 3300 boc
370 3237 553 3312 vertice,
579 3250 612 3301 et
629 3259 693 3322 per
708 3239 745 3300 ·1·
760 3251 799 3300 ut
817 3238 860 3300 ab
878 3239 959 3300 hoc
982 3237 1183 3322 simplici.

119 3415 125 3424 Ι
234 3336 471 3422 Excipiuntur
491 3359 622 3402 senex
646 3351 679 3402 et
701 3340 894 3423 supellex
922 3340 1019 3412 ideo;
1048 3338 1130 3402 lacit
1150 3341 1243 3402 enim
1268 3339 1560 3424 supellectilis
1588 3352 1625 3402 et
1816 3339 1831 3368 ⁸

153 3439 284 3514 senis,
310 3440 390 3501 item
414 3442 638 3526 excipiuntur
661 3443 747 3504 haec
770 3462 858 3526 quae
878 3441 1077 3524 genetivum
1097 3461 1161 3526 per
1182 3444 1270 3506 en·
1289 3463 1360 3506 nou
1383 3463 1447 3528 per
1468 3445 1554 3507 tus·
1573 3443 1623 3506 ia-

152 3539 257 3614 ciunt,
281 3541 376 3606 velut
398 3537 567 3626 grex0),
591 3563 680 3618 rex,
706 3563 861 3606 remex.
890 3561 893 3568 ’

237 3645 288 3708 95.
311 3643 351 3704 ln
376 3644 443 3706 ·lL·
468 3646 657 3709 masculina
683 3657 835 3720 tantum,
862 3642 957 3708 velut
984 3642 1116 3726 vigil,
1140 3644 1307 3728 vigilis3
1330 3645 1478 3729 pugil,
1500 3646 1730 3732 pugi-ch.17.

153 3741 224 3817 lis,
249 3742 454 3828 femininum
471 3767 579 3809 unum
602 3746 839 3831 Tanaquil,
864 3746 1137 3829 Tanaquilis,
1161 3748 1316 3811 neutrale
1335 3746 1479 3812 nullum.

235 3846 286 3912 96.
312 3845 351 3908 lu
367 3847 437 3910 ·1N·
452 3848 559 3912 latina
577 3849 682 3922 nulla,
697 3869 821 3933 graeca
843 3863 956 3914 autem
976 3848 1183 3932 Delphin,
1205 3849 1438 3935 Delphinis
1456 3852 1504 3932 ⁷);
1528 3849 1677 3920 Tel-cn.
1696 3885 1731 3935 ¹7·

151 3945 266 4022 chin,
298 3947 533 4015 Telchinis.
564 3952 700 4014 Horum
726 3953 935 4017 incusativus
959 3951 1148 4016 secundum
1170 3972 1329 4034 graecam
1354 3951 1622 4017 declinationem

152 4050 366 4123 terminatur,
390 4063 428 4114 ut
447 4054 540 4138 apud
554 4053 750 4139 Vergilium
765 4091 807 4104 -
822 4055 1023 4152 Orpheus
1037 4045 1065 4136 ⁸)
1088 4054 1129 4118 in
1151 4054 1283 4132 silvis,
1309 4056 1422 4118 inter
1443 4055 1622 4142 Delphi-

149 4167 225 4211 nas
241 4153 269 4228 ⁹)
292 4151 429 4216 Arion
448 4155 485 4236 ‘).

186 4409 211 4479 ¹)
235 4409 387 4479 per·0T2'.·
400 4420 446 4463 eut
459 4429 509 4482 per
518 4412 587 4466 ·ΟΣ·
597 4433 632 4460 ⁴-
650 4397 799 4494 mpebi'sut
808 4393 963 4481 πιρῖἶόοᾰ.
985 4415 1007 4482 ’)
1021 4415 1141 4466 Perel—
1151 4413 1239 4484 spersi
1251 4415 1319 4467 cod.
1339 4413 1377 4488 τῷ
1395 4431 1435 4468 se
1448 4415 1621 4486 praecedenti

256 4501 390 4550 resaluto
408 4519 493 4568 prave
510 4506 634 4570 repetite.
654 4503 679 4573 ι)
699 4501 769 4553 ssexo
790 4531 826 4543 -
843 4500 915 4553 ilexu
936 4503 1005 4555 cod.
1026 4503 1048 4570 Ι)
1069 4509 1096 4554 et
1109 4525 1147 4551 =
1167 4503 1235 4554 Cori.
1259 4503 1378 4554 Omnino
1394 4503 1559 4567 addendum,
1579 4508 1621 4554 nie

256 4589 284 4636 in
308 4579 403 4653 priore
426 4591 544 4641 membre
570 4584 603 4645 ‘re'
629 4588 723 4642 dieunt
745 4592 834 4643 delere
859 4593 931 4644 velis.
953 4589 976 4662 ⁵)
997 4589 1082 4642 Ceres
1100 4621 1137 4632 -
1155 4605 1247 4640 cretes
1270 4591 1335 4642 Cod.
1360 4580 1384 4658 ⁶)
1405 4605 1469 4657 grex
1486 4619 1523 4630 -
1541 4605 1621 4659 greex

259 4673 327 4724 cod.
348 4675 372 4744 5)
392 4671 525 4746 Delphin,
546 4674 742 4748 Delphinis-
762 4677 860 4752 delfin,
880 4676 989 4732 delliuie
1011 4680 1078 4732 cod.
1099 4674 1405 4748 'impilm-orfeu!
1425 4676 1497 4732 Cod.
1517 4683 1540 4751 ⁹)
1552 4674 1621 4731 Del·

255 4758 355 4830 pbinae
373 4792 411 4804 -
429 4759 543 4816 delfines
565 4767 632 4818 cod.

189 4853 221 4914 α)
248 4847 354 4902 Sallust
370 4846 435 4902 bist.
447 4851 468 4901 l.
485 4857 509 4908 6.
526 4871 553 4921 p.
564 4859 626 4911 213.
642 4851 716 4907 Gerl.
730 4856 829 4908 bellum
848 4857 924 4909 Persi
941 4855 1152 4908 macedonicum.
1172 4854 1200 4924 b)
1215 4855 1326 4906 Terent.
1342 4851 1619 4914 Andr.11.2.3t.ubi

253 4933 334 5006 vulgo
351 4933 457 4989 editur:
479 4939 606 5003 Chremir,
626 4942 762 4994 nicetium
777 4941 897 4996 Probum
911 4941 1012 5014 legisse
1021 4944 1091 4994 infra
1100 4943 1228 5014 Excerpt.
1237 4940 1345 5012 Prob.§
1364 4947 1407 5001 76.
1421 4941 1537 5014 patebit.
1549 4943 1621 4997 Cutn

255 5022 357 5077 Nostro
367 5025 433 5078 fecit
444 5025 570 5082 Donatus
584 5028 619 5080 ed
637 5027 662 5082 b.
674 5026 702 5093 l,
722 5049 783 5082 curn
797 5029 888 5085 Probo
905 5029 1011 5084 Charis.
1025 5035 1068 5089 st.
1083 5033 1113 5086 P.
1129 5034 1155 5100 ο)
1178 5031 1317 5086 Chremem
1335 5033 1449 5085 Terent.
1465 5030 1551 5084 Andr.
1567 5031 1618 5084 lll.

256 5119 282 5170 Q,
295 5117 347 5170 46:
359 5110 487 5166 Eunrrcb.
501 5115 550 5168 tv.
562 5122 588 5179 d,
596 5123 640 5176 56.
651 5119 685 5170 V.
695 5124 721 5180 ’2,
731 5127 773 5176 70.
788 5117 896 5172 Pborm.
906 5121 926 5170 l.
937 5127 964 5182 Q,
974 5125 1016 5177 13.
1028 5119 1060 5172 V.
1086 5123 1113 5184 6,
1131 5123 1174 5178 25.
1197 5120 1366 5176 Chremetem
1380 5119 1466 5178 Andr.
1474 5119 1511 5174 ll.

258 5205 282 5260 l,
298 5205 381 5263 143,
397 5207 438 5258 ll.
454 5203 572 5273 leirg.
591 5205 658 5260 Aen.
677 5207 712 5262 V.
732 5211 793 5268 456.
813 5207 841 5278 e)
860 5207 936 5278 Virg.
955 5208 1021 5260 Aen.
1041 5207 1118 5268 Vlll.
1137 5213 1180 5268 55.
1198 5214 1241 5269 56.
