4036 6068
582 508 1139 570 nsonrnneurnon.
1295 593 1299 602 Ι
1540 515 1611 588 m

132 673 230 738 ctae,
260 677 349 744 qnae
372 657 409 722 in
431 657 545 744 prima
574 677 723 743 persona
746 659 842 724 modi
864 659 1045 726 indicativi
1067 662 1235 748 temporis
1257 663 1451 749 praesentis
1471 663 1512 746 ¹¹)
1541 681 1608 726 nu·

19 799 21 824 .
133 764 223 828 meri
246 762 431 848 singularis
454 773 533 825 ante
557 760 613 828 ·0·
636 764 810 841 ultimum,
834 761 885 828 ·F.·
903 762 1056 830 litteram
1073 764 1203 830 babent
1218 767 1428 853 oppositam,
1451 777 1490 830 ut
1505 777 1607 852 putat

132 867 284 942 redeo,
308 865 496 929 rediens.

218 968 279 1033 Sic
302 979 336 1031 et
358 980 473 1032 cetera
496 967 562 1030 alia
580 967 620 1046 ¹¹)
642 968 829 1054 participia
851 981 935 1034 tuuc
956 989 1099 1037 necesse
1121 981 1190 1046 est,
1213 983 1252 1036 ut
1274 967 1425 1039 babeant
1446 980 1525 1032 aute
1540 987 1607 1032 no-

131 1072 311 1136 vissimam
333 1069 500 1151 syllabam
525 1071 565 1154 ¹¹)
587 1069 625 1132 ·1·
649 1070 799 1134 litteram
824 1073 1065 1151 constitutam,
1088 1073 1229 1158 quando
1252 1073 1296 1138 ab
1318 1075 1384 1138 bac
1406 1070 1606 1145 verborum,

132 1187 170 1240 ut
188 1167 228 1260 ¹³)
251 1171 506 1259 suprascripta,
530 1171 745 1240 descendunt
768 1169 808 1259 ¹⁴)
831 1175 1024 1261 disciplina.
1442 1177 1448 1186 '

219 1276 294 1342 638.
317 1275 404 1338 Item
429 1275 607 1359 quaeritur
633 1271 673 1360 ¹⁵)
696 1297 764 1362 qua
787 1277 830 1340 de
853 1299 956 1342 causa
977 1277 1135 1342 nolens
1158 1290 1194 1342 et
1219 1297 1292 1342 nou
1318 1277 1488 1341 nollens
1511 1275 1607 1340 dica·-

19 1429 20 1470 3
134 1392 206 1454 tur;
238 1379 305 1442 bac
336 1378 379 1442 de
403 1393 516 1454 causa,
547 1379 712 1462 qnoniam
743 1381 865 1444 tertiae
895 1393 1075 1468 correptae
1098 1381 1355 1466 coniugationis
1381 1379 1488 1445 verba
1511 1379 1607 1442 modi

19 1471 21 1522 l
135 1481 316 1546 indicativi
345 1501 390 1543 ex
418 1480 532 1566 prima
560 1503 711 1567 persona
732 1483 871 1548 numeri
892 1484 1077 1568 singularis
1105 1475 1145 1566 16)
1169 1481 1227 1548 ·Ο·
1249 1484 1412 1547 ultimum
1435 1482 1472 1546 in
1495 1480 1607 1546 ·ENS·

135 1585 265 1648 litteras
296 1595 504 1646 convertunt
531 1595 565 1646 et
593 1586 770 1672 participii
796 1587 988 1672 praesentis
1017 1585 1185 1672 temporis
1212 1587 1466 1650 nominativum
1489 1603 1608 1647 casnm

19 1671 20 1690 ³
135 1686 272 1750 numeri
303 1685 487 1769 singularis
516 1686 721 1762 ostendunt,
750 1700 790 1752 ut
811 1700 910 1774 puta:
941 1707 1098 1772 coquo,
1124 1707 1327 1772 coquens.
1349 1687 1453 1752 Nunc
1472 1707 1552 1752 cum
1574 1697 1610 1752 et

135 1791 200 1852 hoc
221 1788 447 1874 participium
471 1807 492 1848 a
513 1786 619 1851 uolo
641 1789 762 1852 venire
785 1790 997 1877 reperiatur,
1021 1803 1057 1855 et
1077 1790 1157 1856 ideo
1180 1790 1338 1856 nolens
1359 1810 1433 1856 non
1458 1793 1496 1871 Ιἲ)
1519 1787 1609 1852 nol-

137 1878 229 1954 lensi
254 1890 367 1954 iacere
389 1889 645 1976 pronuntiatur.

218 1995 294 2062 639.
318 1992 407 2057 Sunt
427 1993 619 2077 praesentis
642 1994 810 2080 temporis
839 1993 1042 2080 participia,
1072 2017 1161 2081 quae
1184 1997 1221 2060 in
1244 1994 1389 2062 dubium
1410 1995 1553 2060 veniant
1569 1987 1646 2075 ¹¹)V·
1664 1989 1715 2048 ⁸⁶⁷·

139 2096 264 2160 exinde
292 2096 353 2177 ¹⁹),
382 2095 478 2179 quod
507 2109 542 2159 et
568 2097 713 2179 figuram
743 2097 926 2160 nominum
950 2098 1137 2162 ostendunt
1160 2101 1224 2182 ¹¹),
1252 2111 1292 2162 ut
1312 2111 1413 2184 putat
1445 2117 1608 2170 amans,

137 2197 310 2282 sapiens
341 2209 375 2262 et
406 2211 520 2261 cetera
541 2198 635 2264 talia.
664 2197 735 2262 Sed
756 2219 825 2283 qna
855 2200 989 2263 ratione
1012 2200 1098 2264 haec
1120 2200 1275 2284 intellegi
1297 2201 1443 2286 possint,
1467 2197 1608 2282 quando

138 2301 204 2364 sint
226 2300 371 2365 nomina
393 2312 428 2362 et
450 2301 589 2385 quando
612 2302 814 2387 participia,
837 2301 991 2366 breviter
1020 2301 1229 2366 subiciamus
1258 2314 1458 2388 praecepta;
1482 2299 1609 2385 quibus

138 2405 203 2466 boc
231 2421 432 2477 monemus,
464 2414 504 2466 ut
533 2403 673 2487 quando
697 2407 781 2467 hacc
809 2389 1064 2490 comparativcs
1086 2404 1142 2470 vel
1172 2403 1400 2490 superlativus
1423 2401 1610 2486 gradus¹¹)

139 2506 207 2568 sive
239 2503 405 2568 adverbia
435 2503 548 2568 iac'ere
579 2520 728 2591 possunt
749 2509 810 2588 ²²),
841 2507 898 2571 vel
925 2508 1086 2591 genetivo
1118 2507 1212 2570 casui
1234 2507 1442 2591 iunguntur,
1466 2503 1610 2566 nomina

140 2627 210 2669 esse
234 2606 482 2689 intellegantur
502 2600 563 2689 ¹³),
592 2619 632 2671 ut
653 2621 752 2693 puta:
784 2629 946 2686 amans,
970 2609 1306 2685 amantissimum
1330 2608 1526 2694 sapiens,
1551 2624 1608 2668 sa-

138 2709 322 2794 pienter;
347 2701 573 2791 doctns¹⁴),
606 2705 854 2793 doctior¹⁵);
883 2711 1021 2774 alieni
1044 2725 1256 2796 appetens
1274 2707 1317 2795 ¹⁶)
1335 2715 1386 2795 ¹),
1415 2709 1608 2792 fugitans

136 2808 278 2873 litium
297 2813 338 2890 ¹7)
354 2809 400 2894 ¹).
424 2810 484 2874 Sic
507 2823 541 2874 et
564 2824 678 2876 cetera
701 2813 801 2888 talia,
826 2813 967 2898 quatmc
991 2815 1061 2878 sint
1076 2805 1118 2897 ¹⁸)
1139 2815 1298 2890 nomina,
1321 2814 1464 2894 haec¹⁹)
1486 2829 1608 2894 supra·
1658 2849 1661 2858 ·

137 2913 227 2976 dicta
248 2923 435 2998 praecepta
458 2912 661 2978 discernunt
680 2935 700 2976 a
721 2916 987 3002 participiorum
1003 2918 1132 2999 ligura;
1156 2917 1289 2980 scilicet
1302 2915 1466 3001 quoniam
1490 2911 1609 2975 omnis

137 3015 321 3100 participia
343 3035 457 3100 usque
481 3017 737 3104 comparativos
759 3030 819 3080 aut
834 3011 876 3101 ³⁰)
898 3019 1128 3104 superlativos
1150 3019 1277 3102 gradus
1292 3013 1351 3100 3·);
1375 3016 1434 3080 sed
1457 3033 1523 3078 nec
1545 3011 1608 3076 ad·
1702 3012 1710 3036 ‘
1829 3075 1831 3082 .

137 3115 255 3180 verbis
286 3116 399 3182 iacere
421 3132 579 3203 possunt,
602 3132 637 3183 et
658 3121 871 3198 accusativo,
901 3141 974 3184 non
1003 3121 1178 3206 genetivo,
1202 3121 1297 3186 casui
1318 3117 1417 3204 iungi
1442 3110 1485 3200 ³²)
1506 3135 1608 3202 repe-

137 3219 282 3285 riuntur.

219 3323 295 3389 tto.
324 3321 411 3386 Item
441 3336 521 3387 sunt
549 3325 717 3411 temporis
744 3325 924 3410 praeteriti
950 3327 1151 3413 participia,
1183 3345 1272 3411 quae
1302 3336 1337 3389 et
1355 3315 1397 3407 ³³)
1424 3321 1607 3386 nominum

134 3422 280 3522 liguram
311 3426 500 3490 ostendunt
521 3417 583 3509 ³⁴),
610 3439 651 3491 ut
679 3439 780 3512 puta:
810 3422 1004 3512 visus³⁵)‚
1028 3429 1216 3505 auditus,
1240 3428 1411 3502 missus,
1437 3437 1470 3488 et
1493 3435 1608 3488 cetera

135 3527 231 3591 talia.
249 3527 354 3592 Nunc
376 3549 445 3612 qua
467 3529 600 3592 ratione
624 3528 779 3614 intellegi
801 3531 953 3614 possint,
984 3530 1123 3614 quando
1148 3531 1216 3593 sint
1243 3529 1387 3593 nomina
1410 3539 1444 3591 et
1466 3523 1607 3611 quando

136 3629 336 3716 participia,
361 3629 570 3694 subiciamus
592 3643 793 3717 praecepta,
818 3631 944 3716 quibus
967 3633 1035 3696 hoc
1057 3653 1259 3708 monemus,
1281 3644 1320 3695 ut
1342 3644 1425 3695 tunc
1448 3629 1533 3694 haec
1551 3628 1606 3692 in-

135 3729 253 3814 tellegi
281 3730 430 3796 debeant
451 3733 612 3810 nomina,
636 3733 804 3818 ¹¹quaudo
827 3735 871 3798 ad
894 3734 1093 3821 exemplum
1116 3735 1276 3798 fluctus
1297 3725 1363 3819 per
1385 3751 1482 3796 casus
1505 3750 1607 3815 repe·
1628 3719 1699 3770 ‘¹⁰¹³'-

135 3831 273 3897 riuntur
294 3855 367 3898 esse
397 3835 586 3913 declinata,
619 3837 785 3921 qnoniam
808 3837 926 3900 omnia
947 3838 1133 3924 participia
1154 3837 1332 3923 praeteriti
1355 3833 1522 3919 temporis
1544 3851 1607 3896 nc·-

135 3953 231 3998 cesse
252 3950 305 4000 est
327 3937 371 4000 ad
393 3937 511 4002 docti
532 3937 678 4002 formam
701 3959 765 4024 per
787 3959 885 4004 casus
902 3931 945 4024 36)
969 3961 1043 4004 esse
1064 3938 1335 4026 pronuntianda.

181 4211 217 4282 ¹⁸)
236 4212 389 4282 praesentis
407 4215 440 4266 B.
457 4215 492 4270 V.
509 4215 541 4268 Ρ.
558 4237 593 4264 --
608 4217 646 4270 A.
669 4217 703 4286 ¹¹)
722 4214 775 4268 elis
793 4218 826 4270 Β.
841 4248 881 4272 .-
899 4215 968 4292 talis,
982 4217 1019 4274 V.
1036 4239 1074 4270 =
1091 4217 1129 4270 A.
1150 4216 1188 4286 ¹¹)
1202 4223 1264 4268 ante
1280 4214 1455 4268 novissimam
1474 4207 1608 4282 syllabam

241 4301 274 4354 B.
292 4333 330 4342 -
348 4310 411 4354 aute
431 4301 519 4358 ntis·
538 4299 644 4356 litteras
664 4303 700 4358 V.
719 4305 756 4358 A.
779 4306 814 4378 ¹¹)
833 4313 865 4358 ut
880 4307 914 4358 B.
934 4307 970 4361 V.
989 4330 1026 4357 =
1043 4307 1078 4360 A.
1101 4306 1136 4379 ¹⁴)
1157 4302 1332 4357 descendunt
1351 4303 1386 4358 V.
1405 4297 1606 4355 A.-·disceu-

243 4385 313 4441 dent
329 4391 363 4442 B.
394 4391 428 4460 ¹⁵)
445 4389 517 4442 Item
536 4390 675 4462 quaeritur
691 4392 724 4444 Β.
744 4394 780 4448 V.
801 4423 836 4438 -
862 4395 1001 4466 quaeritur
1017 4393 1085 4445 item
1101 4393 1138 4447 A.
1166 4395 1201 4464 ¹⁸)
1225 4392 1331 4444 numeri
1349 4388 1494 4460 singularis
1514 4389 1550 4444 V.
1569 4387 1606 4440 A.
1682 4441 1684 4446 g

241 4499 278 4526 =
293 4479 329 4533 Β.
358 4482 393 4547 ’7)
411 4493 469 4530 non
486 4478 519 4530 Β.
540 4477 575 4532 V.
595 4509 630 4520 -·
649 4487 678 4532 et
695 4497 750 4533 non
769 4482 805 4535 A.
834 4483 871 4553 ¹⁸)
894 4482 1006 4536 veniant
1022 4482 1055 4534 Β.
1076 4481 1112 4538 V.
1139 4482 1175 4535 A.
1195 4511 1231 4526 -
1256 4480 1370 4534 venient
1391 4479 1424 4531 Β.
1454 4483 1487 4546 ¹⁹)
1507 4471 1606 4526 exinde

244 4565 275 4618 Β.
294 4567 331 4622 V.
349 4566 384 4620 Ρ.
402 4596 439 4608 -
457 4574 486 4619 et
503 4563 602 4620 exinde
621 4568 657 4620 A.
675 4572 710 4638 ὀ)
730 4566 884 4624 ostendunt
901 4571 978 4624 B.-··
997 4566 1147 4624 ostendant
1166 4570 1202 4626 V.
1221 4569 1258 4622 A.
1286 4569 1324 4638 ¹¹)
1343 4563 1441 4636 gradus
1460 4564 1493 4616 B.
1513 4563 1548 4616 A.
1570 4593 1606 4603 -

242 4653 475 4724 gradnusV-¹²)
494 4663 613 4726 possunt
630 4656 662 4708 Β.
684 4657 719 4710 V.
738 4659 770 4710 P.
790 4687 825 4698 -
843 4657 954 4727 possint
970 4658 1006 4710 A.
1027 4659 1062 4726 ¹¹)
1082 4653 1277 4726 intellegantur
1293 4654 1325 4706 Β.
1346 4653 1427 4708 V.-
1444 4647 1605 4718 intelttgun-
1714 4699 1720 4708 .

244 4749 287 4816 tqr
304 4741 341 4796 A.
363 4745 398 4810 ¹¹)
419 4740 519 4796 decios
538 4743 574 4797 V.
593 4744 630 4796 A.
648 4777 684 4786 —
703 4741 807 4796 docens
826 4745 857 4797 Β.
887 4746 922 4813 ²⁵)
943 4742 1054 4798 doctior
1071 4746 1102 4798 Β.
1124 4746 1159 4801 V.
1180 4773 1215 4784 -
1234 4739 1332 4794 doctor
1350 4740 1387 4795 A.
1414 4741 1450 4809 ²⁶)
1470 4747 1605 4809 appetens

240 4830 271 4882 Β.
290 4831 328 4884 A.
348 4863 383 4872 —
402 4827 538 4902 adpetens
566 4831 602 4885 V.
622 4833 652 4886 Ρ.
681 4833 718 4902 ’7)
743 4829 833 4884 litium
851 4833 884 4884 B.
905 4833 941 4888 V.
962 4833 991 4886 Ρ.
1011 4853 1046 4880 =
1073 4832 1110 4885 A.
1138 4833 1173 4901 ¹⁸)
1192 4831 1250 4882 sint
1265 4831 1299 4883 B.
1320 4829 1356 4884 V.
1379 4828 1410 4881 Ρ.
1431 4834 1550 4878 -sunl
1570 4827 1603 4879 A.

243 4919 280 4988 ¹⁹)
302 4915 373 4970 baec
397 4919 429 4972 B.
450 4919 485 4972 V.
505 4919 536 4972 Ρ.
552 4941 589 4970 =
606 4921 641 4974 A.
670 4924 706 4990 ³⁰)
726 4931 773 4976 aut
791 4923 822 4974 Β.
842 4951 877 4962 -·
895 4918 938 4975 vel
959 4919 995 4974 V.
1015 4917 1049 4972 A.
1077 4919 1113 4988 Ἰ)
1140 4914 1239 4988 gradus
1262 4918 1295 4971 B.
1314 4916 1351 4971 A.
1369 4947 1405 4958 -
1429 4911 1548 4986 gradens
1568 4914 1605 4968 V.

243 5007 280 5075 ³²)
300 5005 377 5076 iungi
396 5006 433 5062 V.
452 5007 489 5059 A.
506 5037 540 5048 -
558 5007 670 5078 iungere
689 5009 722 5061 Β.
748 5013 783 5078 ”)
803 5018 831 5062 et
848 5009 878 5062 Β.
902 5008 939 5062 V.
959 5009 990 5062 Ρ.
1009 5028 1045 5058 =
1064 5007 1099 5060 A.
1129 5008 1164 5077 ³⁴)
1183 5003 1335 5060 ostendunt
1351 5006 1383 5062 Β.
1402 5005 1439 5060 A.
1457 5035 1494 5050 -
1512 5010 1606 5057 osun-

242 5090 309 5146 dsnt
327 5093 363 5149 V.
385 5096 421 5165 ¹¹)
440 5095 514 5148 visus
532 5097 566 5149 B.
585 5097 621 5150 A.
640 5127 676 5140 -·
694 5113 759 5150 usus
779 5097 815 5152 V.
835 5097 873 5168 ¹⁶)
893 5113 973 5149 utus
991 5098 1024 5151 B.
1033 5096 1071 5152 A.
1090 5127 1126 5140 -
1145 5111 1243 5149 urunt
1263 5095 1299 5152 V.

178 5201 213 5268 a)
244 5195 356 5254 Sallust.
377 5199 437 5278 (lat.
457 5204 482 5258 5.
503 5201 532 5274 b)
552 5201 663 5270 Terent.
684 5198 791 5260 Pbcrrn.
811 5202 859 5260 tv.
878 5208 911 5269 3,
934 5206 975 5264 18.
