4032 6070
576 509 1131 570 raosrsnsnrnon
1280 480 1286 496 '
1534 519 1603 590 ms

208 655 270 722 Sic
294 671 327 723 et
350 660 417 724 atia
439 662 575 744 generis
598 662 711 726 neutri
734 661 895 739 nomina,
926 679 1015 746 quae
1038 659 1189 725 ablativo
1212 681 1294 728 casu
1316 664 1454 727 numeri
1477 663 1598 748 singu-

139 760 205 824 laris
229 760 288 826 ·0·
311 762 427 826 littera
449 763 689 840 terminantur,
714 776 748 826 et
766 765 983 827 nominativo
1003 782 1084 858 casu
1100 765 1237 828 numeri
1252 764 1438 849 singularis
1461 765 1598 850 ·UM·')

31 937 32 948 χ
138 863 249 928 litteris
271 876 352 951 post
374 878 630 960 ⁸consonantem
659 865 888 944 definiuntur,
920 865 964 930 ad
986 864 1186 950 exemplum
1211 867 1366 953 templi
1391 887 1455 954 per
1477 887 1599 934 omues

139 985 223 1030 casus
246 967 478 1032 declinantur.

209 1069 285 1136 393.
313 1068 416 1132 Nunc
446 1070 482 1132 in
509 1072 575 1132 bac
606 1071 840 1156 suprascripta
869 1071 981 1134 torma
1006 1072 1032 1150 ‘)
1063 1071 1131 1132 boc
1159 1089 1360 1148 monemus,
1401 1071 1497 1158 quod
1532 1071 1600 1138 hoc

31 1183 32 1196 ¹
138 1187 233 1230 uuum
262 1188 393 1232 nomen
421 1173 629 1257 reperiatur,
663 1172 757 1256 quod
787 1185 932 1258 propter
963 1173 1040 1236 soni
1067 1173 1239 1235 rationem
1269 1174 1451 1256 genetivo,
1481 1173 1599 1238 dativo

139 1282 164 1332 st
179 1269 330 1334 ablativo
352 1293 434 1336 casu
449 1274 586 1336 numeri
607 1272 751 1359 pluralis
772 1275 822 1337 sic
845 1274 1003 1338 anomale
1026 1275 1265 1338 confirmatum
1290 1275 1334 1337 sit
1353 1273 1539 1352 declinari,
1563 1275 1600 1338 id

31 1435 32 1440 ,
139 1386 193 1436 est:
224 1375 372 1436 borum
403 1375 611 1459 iugerum,
641 1377 705 1438 his
736 1375 974 1462 iugeribus,
1007 1376 1055 1440 ab
1085 1377 1149 1440 his
1178 1375 1418 1459 iugeribus,
1451 1390 1485 1441 at
1514 1396 1598 1441 vero

139 1495 189 1558 per
211 1487 346 1540 ceteros
370 1496 468 1539 casus
484 1471 511 1557 ³)
534 1477 578 1540 ad
601 1497 725 1541 sonum
741 1470 770 1559 ⁴)
792 1476 938 1562 templi
961 1477 1085 1541 debeat
1101 1471 1134 1560 ⁵)
1156 1477 1334 1543 declinari.

210 1579 284 1644 394.
315 1577 419 1641 Nunc
438 1569 467 1662 ⁶)
490 1598 558 1663 qua
578 1579 620 1642 de
636 1599 737 1642 causa
752 1579 988 1664 supradictum
1005 1599 1134 1644 nomen
1152 1577 1213 1642 *in
1236 1581 1442 1665 supradictis
1461 1578 1597 1645 casibus

138 1691 273 1766 propter
300 1697 404 1742 sonos
434 1679 484 1744 sic
513 1681 672 1744 anomale
705 1682 944 1745 confirmatum
977 1683 1020 1745 sit
1049 1682 1286 1766 pronuntiari,
1322 1703 1400 1746 oum
1431 1682 1476 1747 ad
1502 1685 1598 1770 ipsos

139 1801 232 1845 sonos
255 1782 452 1846 venerimus
472 1784 512 1864 ⁷),
537 1782 608 1844 illic
632 1797 871 1868 competenter
893 1775 1118 1847 tractabimus
1141 1775 1179 1863 ⁸).

211 1882 302 1946 Item
325 1884 360 1946 in
383 1886 449 1946 hac
471 1884 705 1971 suprascripta
722 1891 752 1968 9)
776 1885 887 1949 iorma
908 1889 976 1950 hoc
999 1905 1200 1961 monemus,
1225 1885 1320 1970 quod
1342 1887 1427 1950 baec
1450 1905 1512 1950 sex
1533 1904 1600 1951 uo-

139 1987 221 2048 mina
251 1989 291 2068 ¹⁰)
321 1999 466 2061 tantum,
491 1986 530 2050 id
551 2000 615 2051 est:
648 1988 847 2066 alterum,
877 2008 1019 2065 unum,
1047 1985 1230 2064 nullum,
1259 1987 1412 2065 ullum,
1441 1987 1598 2066 solum,

137 2101 269 2151 utrum
289 2091 347 2170 ¹¹),
381 2090 639 2173 quammaxime
660 2103 806 2174 propter
828 2101 1016 2154 structuras
1040 2091 1201 2174 genetivo
1232 2102 1265 2153 et
1288 2089 1404 2153 dativo
1429 2109 1511 2152 casu
1532 2107 1600 2150 uu-

139 2191 213 2254 meri
241 2190 427 2274 singularis
453 2192 503 2254 sic
526 2193 684 2254 anomale
706 2193 907 2257 confirmata
933 2193 1001 2256 sint
1029 2195 1069 2275 ¹²)
1093 2192 1277 2268 declinari,
1314 2189 1351 2255 id
1373 2203 1443 2268 est,
1471 2191 1599 2254 huius

137 2292 326 2368 alterius,
350 2294 449 2356 huic
472 2292 619 2368 alteri;
643 2294 693 2357 sio
716 2307 750 2357 et
773 2309 887 2358 cetera
913 2295 1147 2380 suprascripta
1166 2288 1205 2378 ¹³)
1227 2295 1370 2375 nomina
1386 2281 1422 2356 in
1439 2291 1599 2378 supradi-

139 2395 190 2456 ctis
205 2393 344 2457 casibus
360 2395 404 2460 ad
425 2396 518 2458 bunc
544 2415 668 2459 sonum
691 2397 889 2460 anomalum
913 2417 1053 2460 necesse
1070 2409 1121 2460 est
1137 2386 1177 2481 ¹⁵)
1200 2397 1435 2482 pronuntiari3
1465 2408 1600 2460 atvero

139 2515 191 2580 per
204 2507 340 2560 ceteros
357 2517 456 2561 casus
472 2489 509 2580 ¹⁵)
534 2497 578 2561 ad
593 2517 717 2561 sonum
741 2499 892 2590 templi
915 2499 1063 2562 debeant
1080 2497 1258 2564 declinari.

1607 1559 1633 1608 F.
1640 1560 1676 1609 ad
1684 1576 1703 1608 r.

1621 1617 1684 1668 coba

211 2601 286 2666 395.
311 2599 414 2663 Nunc
435 2601 538 2663 etiam
562 2602 630 2663 boc
646 2620 843 2678 monemus,
869 2600 964 2686 quod
981 2594 1020 2685 ¹⁶)
1042 2603 1128 2664 haec
1145 2601 1343 2686 supradicta
1356 2599 1499 2663 nomina
1516 2617 1600 2684 pro·
1709 2595 1712 2600 “
1815 2645 1820 2654 .

139 2713 205 2784 pter
225 2714 336 2765 metra
362 2703 397 2766 in
417 2702 540 2766 iisdem
567 2702 775 2790 supradictis
799 2703 934 2768 casibus
956 2717 990 2768 et
1010 2702 1180 2783 anomale,
1204 2695 1238 2767 et
1258 2722 1331 2767 non
1346 2703 1505 2766 anomale
1519 2719 1600 2789 per·

140 2803 233 2867 missa
248 2805 318 2867 sint
331 2805 509 2870 declinari.
610 2845 615 2860 ·
1583 2874 1586 2882 ,

214 2905 284 2970 Sed
304 2909 389 2972 baec
410 2909 570 2986 uomina,
595 2929 664 2994 qua
693 2911 734 2993 ¹⁷)
756 2908 799 2971 de
822 2929 925 2972 causa
946 2910 983 2972 in
999 2902 1041 2990 ¹⁸)
1064 2907 1271 2994 supradictis
1294 2903 1431 2970 casibus
1453 2915 1600 2990 propter

140 3019 318 3072 structuras
341 3011 391 3073 sic
414 3012 571 3076 anomale
595 3012 798 3076 confirmata
821 3011 889 3074 sint
910 3011 1148 3095 pronuntiari,
1180 3009 1273 3072 etin
1297 3007 1415 3070 metris
1437 3004 1598 3068 anomale

141 3121 170 3172 et
188 3129 258 3173 non
280 3113 439 3176 anomale
461 3114 629 3199 permissa
652 3113 720 3176 sint
735 3113 912 3188 declinari,
937 3131 1015 3175 cum
1032 3111 1076 3175 ad
1095 3112 1263 3174 rationem
1283 3121 1474 3172 metrorum
1489 3105 1546 3170 vel
1559 3107 1600 3190 ¹⁹)
1612 3112 1640 3164 v.
1655 3125 1706 3177 ιη

141 3224 380 3277 structurarum
402 3215 598 3278 venerimus
613 3218 667 3298 ²⁰),
691 3214 764 3278 illic
780 3218 822 3299 ²¹)
845 3227 1084 3298 competenter
1105 3211 1329 3276 tractabimus
1347 3211 1400 3294 ¹²).

217 3317 287 3384 396.
311 3317 414 3380 Nunc
437 3317 473 3380 in
496 3319 561 3381 hac
585 3317 695 3381 iorma
717 3319 853 3401 generis
876 3316 1002 3391 neutri¹
1027 3337 1095 3400 qua
1119 3315 1270 3378 diximus
1291 3307 1334 3396 ²³)
1350 3311 1501 3376 ablativo
1518 3327 1606 3378 casu.

140 3417 267 3480 numeri
290 3418 474 3502 singularis
497 3419 640 3482 nomina
659 3410 701 3503 ²⁴)
726 3419 783 3484 ·0·
806 3419 920 3483 littera
938 3417 1116 3480 terminari
1140 3430 1174 3480 et
1195 3415 1413 3480 nominativo
1437 3433 1519 3504 casu
1533 3431 1600 3474 nu-

141 3519 221 3580 meri
242 3519 426 3604 singularis
449 3521 543 3586 ·UM·
566 3521 688 3586 litteris
711 3533 792 3605 post
809 3514 852 3601 ²⁵)
883 3532 1132 3584 consonantem
1156 3518 1292 3581 definiri
1308 3510 1362 3599 ²⁶),
1387 3517 1454 3578 hoo
1477 3533 1601 3578 mone-

141 3638 225 3698 mus,
247 3621 343 3707 qnod
366 3643 410 3686 ex
433 3645 472 3689 ea
490 3625 531 3708 ¹⁷)
555 3623 817 3710 quamplurimi
833 3623 921 3700 soni,
945 3623 1087 3698 honest,
1111 3640 1215 3706 quam
1229 3619 1380 3706 plurima
1393 3617 1537 3680 nomina
1557 3609 1601 3699 ²⁸)

141 3723 266 3818 possint
282 3727 324 3807 ’9)
347 3725 515 3790 exhiberi.

189 3910 213 3978 ¹)
236 3909 310 3964 ·Ubi·
333 3912 366 3964 Β.
387 3912 422 3967 V.
434 3911 478 3966 «A.
492 3945 529 3956 -
548 3913 616 3968 ·US·
634 3915 667 3966 B.
695 3915 720 3986 ¹)
739 3913 925 3984 suprascripta
943 3911 1030 3965 forma
1046 3913 1079 3966 Β.
1100 3913 1137 3968 V.
1157 3913 1187 3965 Ρ.
1205 3941 1242 3954 -
1260 3907 1419 3982 supradicta
1442 3910 1529 3962 tama
1547 3923 1600 3979 qua

240 3995 356 4051 diximus
375 4000 412 4053 A.
431 4001 512 4053 Patet
526 4020 560 4053 e:
575 4002 795 4054 antecedentibus
817 4003 906 4053 locum
921 4003 1056 4072 planesia
1074 3999 1219 4071 legendum
1235 4017 1309 4052 esset
1336 3997 1417 4050 Nunc
1434 3997 1463 4049 iu
1482 3993 1534 4046 bac
1552 4011 1601 4046 su-

238 4087 391 4158 prascripta
409 4087 502 4140 forma·
513 4105 620 4157 genens
638 4089 746 4153 uentri,
765 4106 818 4161 qua
837 4086 955 4140 diximus
974 4085 1093 4140 ablativo
1110 4103 1175 4138 casu
1193 4086 1298 4138 numeri
1316 4081 1472 4155 singularis,
1490 4083 1601 4134 nomina

240 4173 283 4227 ·0·
300 4173 394 4226 littera
412 4176 567 4240 terminari,
591 4187 619 4230 et
637 4178 804 4232 nominativo
825 4193 889 4228 casu
907 4175 1014 4228 numeri
1032 4172 1177 4244 singularis
1198 4173 1273 4228 ·Utt·
1297 4171 1400 4226 litteris
1417 4179 1483 4244 post
1501 4187 1599 4224 cousc-

237 4271 347 4314 nantem
374 4259 490 4316 definiri.
519 4267 545 4336 ³)
566 4281 644 4316 casus
663 4267 694 4318 Β.
714 4265 750 4320 A.
770 4293 806 4306 -
831 4281 929 4316 casuue
949 4265 985 4318 V.
1010 4263 1033 4332 ⁴)
1052 4279 1151 4316 souutu
1168 4262 1201 4315 Β.
1222 4261 1258 4318 V.
1278 4263 1310 4314 P.
1336 4293 1373 4302 —
1391 4256 1544 4330 exemplum
1562 4256 1598 4312 A.

238 4350 259 4420 ς)
279 4347 382 4404 debeat
398 4353 430 4404 Β.
452 4351 488 4404 V.
507 4352 538 4405 P.
557 4383 593 4394 —
612 4349 732 4404 debeant
749 4352 784 4405 A.
805 4354 831 4424 ο)
852 4351 934 4404 Nunc
954 4351 988 4405 V.
1009 4351 1045 4404 A.
1065 4379 1100 4392 -
1118 4367 1183 4401 uum
1200 4351 1233 4402 B.
1254 4350 1276 4421 7)
1295 4348 1450 4403 venerimus
1471 4346 1551 4399 V.A.
1566 4373 1602 4387 -

236 4454 395 4491 seuere-us
420 4439 455 4492 B.
483 4439 505 4512 ¹)
532 4435 709 4491 tractabimus
734 4441 771 4493 V.
786 4439 822 4493 A.
841 4471 877 4480 —
894 4437 1068 4492 tractavimus
1087 4439 1121 4492 B.
1148 4439 1172 4509 ⁹)
1191 4437 1378 4508 suprascripte
1404 4434 1438 4487 Β.
1458 4434 1495 4487 V.
1514 4433 1546 4484 P.
1565 4457 1603 4472 ·-

238 4523 395 4596 supradicta
412 4527 450 4579 A.
479 4534 513 4596 ¹⁰)
532 4544 581 4578 sex
598 4527 709 4580 uomina
728 4527 763 4582 V.
783 4529 818 4582 A.
837 4549 874 4578 =
889 4528 922 4581 B.
953 4527 988 4597 ¹¹)
1015 4534 1107 4578 utrum
1126 4525 1162 4581 V.
1181 4525 1219 4580 A.
1238 4555 1274 4574 -ι
1291 4533 1397 4576 autrum
1415 4523 1448 4576 B.
1478 4520 1513 4590 ¹³)
1534 4533 1601 4570 cou-

238 4611 340 4666 iirnrata
364 4613 422 4666 sint
438 4616 471 4667 B.
490 4645 526 4655 ·-
546 4614 703 4668 confirmata
721 4623 787 4667 suut
812 4615 848 4670 V.
866 4643 903 4659 ·-
921 4613 1107 4666 confirmatum
1126 4612 1164 4664 sit
1181 4613 1216 4666 A.
1245 4615 1278 4682 ¹³)
1306 4607 1492 4682 suprascripta
1509 4606 1542 4658 B.
1563 4605 1599 4660 V.

237 4702 267 4755 P.
286 4731 322 4744 -
340 4700 500 4773 supradicta
517 4703 554 4756 A.
578 4704 611 4771 ¹⁴)
631 4712 674 4755 est
691 4704 724 4757 B.
743 4731 778 4744 ·-
797 4711 871 4755 esset
889 4703 926 4756 V.
944 4735 980 4745 -
996 4691 1052 4774 p-of
1066 4702 1102 4756 A.
1130 4703 1164 4770 ι5)
1185 4716 1264 4752 casus
1282 4700 1315 4751 B.
1334 4697 1371 4750 A.
1390 4727 1426 4738 -·
1444 4711 1542 4747 cauus
1562 4693 1599 4748 V·

241 4789 276 4860 ¹⁸)
294 4786 371 4861 quod
390 4792 423 4843 Β.
443 4791 478 4846 V.
497 4792 529 4843 P.
547 4813 584 4842 =
600 4791 638 4843 A.
660 4793 696 4862 ¹⁷)
715 4809 768 4862 qus
788 4791 824 4845 V.
843 4789 879 4844 A.
898 4791 930 4844 Β.
950 4811 984 4844 ea
998 4811 1047 4844 em.
1059 4811 1102 4860 pr.
1119 4808 1155 4842 m.
1173 4799 1210 4830 2·-
1228 4802 1296 4858 quas
1313 4787 1346 4838 B.
1366 4804 1384 4835 a
1398 4803 1442 4856 pr.
1458 4801 1494 4834 m.
1516 4783 1550 4852 ¹¹)
1569 4781 1599 4844 iu
1645 4833 1649 4842 ,

238 4877 268 4929 Β.
288 4879 325 4932 V.
348 4880 381 4932 P.
400 4901 436 4928 =
453 4879 490 4931 A.
520 4883 553 4948 ¹⁹)
579 4876 623 4932 vel
640 4880 672 4931 Β.
701 4879 736 4934 V.
764 4881 795 4931 Ρ.
817 4909 851 4920 -
878 4886 906 4929 et
924 4878 960 4932 A.
988 4879 1026 4948 ὀ)
1053 4875 1206 4930 venerimus
1227 4873 1262 4928 V.
1279 4872 1316 4925 A.
1334 4901 1370 4912 -
1388 4887 1547 4926 reuersurus
1567 4869 1597 4924 B.

241 4971 274 5031 Ἰ)
300 4963 360 5018 illic
383 4966 415 5019 Β.
444 4966 480 5020 V.
503 4967 535 5020 P.
562 4997 598 5008 -
615 4964 670 5020 illis
690 4967 725 5020 A.
756 4968 792 5036 ¹²)
821 4963 997 5020 tractabimus
1017 4966 1053 5018 V.
1073 4965 1109 5018 A.
1128 4994 1163 5006 -
1182 4959 1356 5014 tractavimus
1374 4961 1407 5012 B.
1434 4961 1472 5032 ¹³)
1492 4957 1599 5029 generis

234 5053 328 5105 neutri
347 5071 401 5125 qua
419 5051 537 5106 diximus
555 5054 587 5108 B.
609 5055 644 5110 V.
664 5083 700 5095 -
718 5071 771 5126 qua
790 5051 908 5106 diximus
928 5052 1034 5124 generis
1053 5053 1143 5104 neutri
1162 5052 1197 5105 A.
1219 5051 1254 5119 ²⁴)
1273 5048 1383 5101 nomina
1403 5047 1434 5102 V
1433 5086 1440 5100 .
1459 5047 1489 5102 P.
1507 5068 1545 5096 =
1562 5045 1599 5098 A·

240 5141 275 5210 ²⁵)
293 5149 359 5211 post
379 5143 413 5196 V.
432 5171 468 5186 -·
485 5151 548 5194 sute
567 5144 602 5197 A.
624 5144 658 5213 ²⁰)
678 5139 802 5196 ablativo·
816 5138 923 5194 definiri
943 5142 979 5197 V.
997 5141 1029 5194 P.
1049 5141 1131 5194 A.=
1149 5141 1181 5192 Β.
1200 5143 1236 5210 ¹⁷)
1256 5155 1287 5190 ea
1305 5139 1338 5196 B.
1361 5137 1395 5192 V.
1417 5137 1447 5190 P.
1468 5164 1503 5180 -
1521 5133 1600 5188 eoA.

241 5230 277 5300 ¹⁸)
296 5225 349 5282 hcc
368 5238 410 5282 est
420 5269 496 5284 .....
515 5231 624 5286 uomina
646 5231 682 5288 V.
702 5229 739 5286 A.
758 5253 794 5281 =
811 5231 843 5286 B.
865 5231 903 5302 ¹⁹)
924 5229 1034 5302 Possint
1050 5229 1082 5285 Β.
1104 5228 1139 5283 V.
1158 5229 1191 5284 P.
1211 5257 1245 5270 —
1264 5233 1383 5298 possunt
1400 5223 1437 5276 A.

279 5445 288 5482 t
