4042 6070
390 543 436 608 94
704 537 857 592 menam
883 535 1030 592 suriunt
1055 534 1250 593 Gnattmt'.
1275 537 1550 594 resonemus.

392 684 673 770 superlationem,
701 683 794 747 unde
813 683 916 748 etiam
941 683 1130 770 appellatio
1148 683 1324 748 derivatur
1341 687 1388 766 ·);
1418 685 1640 772 participium
1662 693 1775 746 autem
1792 701 1865 746 non

391 787 525 873 recipit.

252 897 256 904 '
284 879 329 931 ⁶¹²·
345 881 381 930 ³³·
479 889 549 952 123.
581 885 650 950 Sed
669 887 782 950 evenit
810 907 1059 972 saepenumero
1080 901 1117 951 ut
1131 907 1176 950 ex
1196 887 1279 972 ipsis
1299 888 1493 974 participiis
1510 905 1640 950 nomen
1657 887 1728 949 sive
1743 885 1864 970 appel-

389 990 473 1052 latio
488 988 611 1052 similis
629 989 815 1073 participio
829 989 1014 1064 derivetur,
1025 991 1119 1052 velut
1133 1011 1179 1052 ex
1193 1009 1233 1052 eo
1252 989 1346 1073 quod
1358 1000 1408 1052 est
1421 991 1563 1074 patior
1578 983 1619 1071 ³⁷)
1640 987 1862 1072 participium

390 1090 534 1154 iacimus
549 1091 638 1175 pati
648 1109 717 1153 ens
734 1093 751 1152 ὁ
767 1093 940 1170 ὑπομένων,
957 1093 1042 1154 litet
1057 1113 1186 1156 nomen
1199 1092 1333 1176 patiens
1348 1092 1364 1152 ό
1378 1094 1562 1152 destinasses
1572 1097 1626 1152 net
1638 1092 1656 1169 ἡ
1669 1091 1864 1160 ἀνεξίκακον,

392 1193 473 1255 item
500 1212 546 1254 ex
570 1211 610 1254 eo
633 1191 728 1276 quod
747 1204 800 1256 est
826 1193 967 1277 sapio,
998 1195 1165 1278 sapiens
1193 1195 1210 1254 ὁ
1241 1201 1364 1275 φρονῶν
1386 1193 1423 1255 fit
1443 1205 1476 1254 et
1497 1211 1626 1255 nomen
1653 1191 1866 1275 sapiens&

392 1297 554 1375 φρόνιμον,
578 1293 660 1354 hinc
682 1285 724 1374 ³⁸)
747 1294 784 1354 iit
803 1315 848 1357 ex
869 1296 1012 1358 nomine
1033 1293 1213 1356 dumtaxat
1233 1294 1360 1380 plurali
1380 1306 1504 1357 neutro
1525 1285 1568 1376 39)
1591 1292 1805 1378 sapientia
1827 1297 1865 1353 τὰ

392 1403 564 1478 φρονοῦντα
580 1405 613 1455 et
637 1393 889 1476 sapientiai
913 1402 1066 1478 φρόνησις.

284 1495 330 1547 0¹²
345 1493 382 1560 ³4·
481 1497 551 1559 let.
576 1493 645 1556 Sed
663 1513 913 1582 nonnunquam
937 1519 981 1560 ex
1002 1496 1206 1583 participiis,
1230 1495 1322 1559 unde
1343 1497 1545 1580 conparatio
1560 1517 1632 1558 esse
1652 1515 1722 1558 non
1737 1507 1863 1579 potest,

392 1597 589 1660 invenimus
612 1594 760 1658 derivari
783 1599 828 1662 ad
849 1598 1014 1662 feminina
1040 1599 1142 1660 etiam
1162 1597 1412 1682 appellationes
1433 1609 1438 1634 ¹
1456 1599 1482 1680 ),
1507 1611 1544 1660 ut
1571 1597 1768 1672 audiens,
1796 1617 1865 1658 au-

393 1697 561 1762 dientia
591 1701 628 1759 rd
649 1699 774 1776 desinon
794 1707 850 1762 aui
873 1700 892 1780 ἡ
915 1702 1080 1778 deperiere,
1108 1699 1260 1774 silens,
1291 1699 1468 1762 silentia
1495 1705 1533 1760 τὰ
1555 1702 1671 1778 ἥσυχα,
1696 1697 1862 1761 feminine

393 1801 567 1864 silentia
588 1798 607 1878 ν)
630 1805 732 1877 erexi]
755 1799 799 1882 ⁵).
1509 1784 1517 1802 ⁵

285 1905 330 1954 Cb·
346 1903 383 1970 ³4·
482 1905 552 1966 125.
577 1901 617 1962 ln
635 1900 807 1976 omnibus,
829 1923 917 1986 quae
935 1903 1096 1986 genetivo
1109 1913 1278 1976 crescunt,
1300 1921 1371 1964 non
1389 1901 1543 1964 invenies
1558 1901 1636 1986 plus
1650 1920 1719 1963 una
1735 1901 1867 1981 syllaba

394 2023 561 2079 crescere,
585 2014 859 2088 praeterpanca,
883 2005 1085 2087 exquibus,
1110 2023 1198 2088 quae
1213 2015 1373 2085 suggesta
1390 2002 1578 2064 memoriae
1592 1997 1634 2085 ⁴¹)
1662 2015 1751 2077 sunt,
1775 2003 1868 2064 inse·

392 2105 536 2179 ruimus,
562 2105 698 2178 iecur,
723 2105 927 2168 iecineris
956 2106 1112 2190 (quidam
1132 2104 1252 2167 dicunt
1267 2117 1301 2166 et
1318 2107 1385 2167 hoc
1407 2104 1594 2178 iocinus,
1623 2105 1865 2186 iocinoris);

392 2204 639 2289 suppellex,
664 2205 983 2289 suppellectilis
1014 2209 1240 2290 (quamquam
1258 2206 1316 2268 alii
1332 2205 1449 2269 dicant
1466 2206 1503 2268 in
1525 2206 1740 2269 nominativo
1760 2208 1866 2268 haec

393 2303 763 2398 suppellectilis„
788 2299 1184 2391 ethicpraeceps⁴²),
1208 2308 1310 2369 huius
1332 2306 1603 2391 praecipitis.

279 2395 383 2461 ΜΨ·
479 2405 551 2469 *ln
570 2407 623 2470 bis
648 2407 818 2491 quaedam
840 2406 1027 2470 ablativum
1048 2429 1112 2492 per
1130 2409 1167 2470 ·1·
1181 2409 1329 2470 litteram
1338 2398 1509 2491 sacere⁴³)
1535 2407 1791 2472 observavimus
1808 2399 1866 2490 ⁴⁴),

394 2527 481 2591 quae
498 2507 611 2586 etiam,
628 2529 709 2574 cum
730 2509 772 2573 de
791 2507 942 2573 ablativo
958 2509 1212 2586 adnotaremus,
1231 2509 1280 2576 ibi
1301 2529 1389 2594 quae
1409 2509 1446 2572 ·1·
1465 2508 1614 2573 litteram
1636 2509 1774 2586 habent,
1801 2530 1866 2572 ex-

393 2609 558 2694 cepimus.
1099 2615 1102 2625 '

284 2703 330 2755 Cb·
347 2705 383 2770 ³4
481 2707 560 2776 126.‘
575 2709 664 2775 Sunt
676 2711 846 2796 quaedam
864 2712 1008 2774 nomina
1020 2714 1235 2778 nominativo
1251 2712 1415 2798 duplicia,
1438 2711 1498 2776 sed
1519 2732 1606 2797 quae
1620 2731 1691 2776 non
1704 2731 1749 2774 ex
1763 2725 1867 2774 utro-

393 2831 461 2896 que
479 2813 696 2877 nominativo
712 2814 980 2878 declinationem
995 2816 1178 2901 accipiant,
1202 2815 1262 2878 sed
1276 2837 1321 2878 ex
1333 2815 1452 2888 altero,
1471 2815 1568 2878 velut
1594 2815 1724 2877 satias
1746 2827 1781 2876 et
1804 2835 1867 2877 sa-

391 2915 536 2990 tietas;
559 2927 798 2978 verumtamen
821 2935 892 2978 non
915 2937 960 2977 cx
984 2937 1026 2979 eo
1051 2917 1146 3002 quod
1165 2930 1216 2981 cst
1238 2919 1387 2992 satias,
1412 2917 1472 2980 sed
1491 2937 1536 2978 ex
1556 2936 1597 2992 eo
1616 2916 1712 3000 quod
1732 2929 1783 2978 est
1805 2914 1866 2977 sa'-

390 3015 533 3092 tietas,
557 3017 774 3080 satietatis
792 3016 873 3080 lacit
887 3008 944 3099 ⁴⁵);
968 3019 1050 3081 item
1069 3019 1152 3081 iter
1174 3031 1208 3082 et
1225 3019 1370 3094 itiner,
1393 3031 1633 3080 verumtamen
1648 3038 1693 3080 cx
1710 3039 1751 3080 eo
1768 3019 1865 3101 qnod

391 3129 442 3182 est
465 3118 618 3192 itiner,
649 3118 837 3195 itineris,
870 3119 1019 3183 itineri
1049 3120 1139 3186 iacit.
1171 3119 1216 3183 Et
1235 3119 1302 3184 alia
1325 3132 1415 3198 sunt,
1442 3139 1562 3182 verum
1586 3117 1865 3182 sufficiuntlraec

390 3218 544 3302 exempli
567 3239 679 3283 causa.

479 3321 549 3382 127.
582 3318 712 3383 Omnia
740 3320 884 3384 nomina
913 3319 1151 3401 monosyllaba
1172 3321 1278 3385 trium
1306 3341 1472 3404 generum
1495 3321 1588 3384 tertii
1613 3320 1746 3384 ordinis
1771 3331 1863 3394 sunt,

392 3431 540 3503 excepto
563 3439 634 3484 uno
657 3422 849 3486 masculino
874 3435 908 3484 et
931 3421 1066 3485 duobus
1090 3421 1275 3498 femininis,
1307 3423 1379 3484 hic
1403 3424 1495 3485 euim
1517 3424 1601 3497 vir,
1633 3421 1756 3483 buius
1776 3420 1864 3482 viri

391 3518 473 3584 lacit
495 3521 639 3585 secundi
666 3523 815 3599 ordinis;
843 3536 877 3586 et
900 3543 994 3608 spes
1019 3535 1052 3586 et
1075 3541 1161 3602 res,
1193 3524 1306 3608 quinti
1335 3523 1481 3600 ordinis,
1504 3523 1599 3585 velut
1627 3524 1729 3586 haec
1753 3533 1865 3606 spes,

391 3643 496 3706 spe1;
519 3644 599 3702 res,
625 3643 696 3688 res.

282 3814 328 3866 cr..
345 3833 381 3882 27.
529 3810 599 3872 128.
629 3807 822 3873 Nouum
846 3808 1203 3878 Morvosrnnaoa
1225 3795 1486 3877 Misenum
1515 3809 1729 3874 curveris.

389 3957 461 4033 bs,
486 3960 595 4022 assis
619 3963 763 4039 ἀσσάριον
784 3998 827 4014 -
848 3962 942 4036 bos,
967 3962 1092 4028 bovis
1113 4003 1155 4013 —
1178 3966 1280 4040 dux,
1303 3966 1485 4030 ducis-
1507 3964 1625 4038 dens,
1658 3962 1799 4026 dentis
1823 3994 1866 4010 -·-

346 4045 351 4056 ⁵
390 4058 493 4134 llos,
531 4059 660 4123 floris
687 4097 731 4111 -
764 4061 877 4137 fons,
908 4063 1042 4128 fontis
1067 4104 1110 4120 -
1142 4068 1227 4140 fur,
1252 4057 1613 4149 luris-grex⁴⁶),
1645 4063 1867 4148 gregis,—

390 4157 491 4244 glis,
520 4160 649 4243 gliris
668 4167 841 4240 μυοεόο-
864 4164 997 4240 Mars,
1020 4167 1235 4230 Martis-
1259 4185 1391 4243 mons,
1416 4167 1573 4229 montis
1591 4203 1634 4216 -
1658 4185 1758 4240 mas,
1783 4185 1869 4226 ma-

390 4263 504 4323 ris—
525 4281 623 4336 mos,
648 4265 837 4326 moris-
856 4287 957 4342 mus,
982 4269 1188 4348 murispes
1210 4305 1252 4315 —
1274 4289 1358 4353 pes,
1382 4267 1564 4352 pedis-
1585 4287 1717 4352 praes,
1740 4285 1870 4350 prae·

390 4361 453 4425 dis
474 4361 584 4445 ἔγγυον
605 4355 650 4445 ⁴⁷)
675 4399 719 4412 —
746 4385 834 4448 par,
864 4369 985 4452 paris
1014 4359 1143 4430 ἶσον-
1169 4389 1292 4453 pons,
1323 4370 1470 4455 pontis
1492 4405 1536 4419 -
1565 4389 1663 4442 rex,
1693 4368 1873 4450 regis-

432 4619 470 4689 ¹7)
497 4617 641 4687 patior-
659 4618 735 4688 patio
757 4617 824 4668 Cori.
847 4613 882 4686 ¹⁸)
901 4613 967 4668 bino
985 4647 1021 4659 -
1038 4616 1085 4670 bie
1107 4621 1173 4672 Cod.
1202 4623 1236 4691 ³⁹)
1255 4629 1355 4672 neutro
1375 4651 1411 4662 -
1428 4631 1525 4674 neutra
1547 4587 1613 4674 θοοὶ.
1643 4622 1679 4692 ⁴⁶)
1697 4619 1871 4692 appellatio-

490 4720 540 4755 nes
558 4735 595 4746 -
613 4703 803 4774 appelationes
826 4703 892 4754 Ced.
921 4702 958 4773 ⁴¹)
978 4707 1125 4756 memorise
1143 4738 1180 4749 -
1204 4707 1333 4758 memoria
1361 4707 1428 4759 Cod.
1456 4709 1492 4776 ⁴¹)
1518 4725 1651 4778 praeceps
1678 4739 1715 4752 -
1733 4709 1871 4779 precipes

494 4791 563 4842 Coei.
588 4793 625 4857 ⁴⁸)
644 4793 734 4841 lacere
750 4811 788 4838 =
808 4790 875 4842 cod.
903 4789 940 4858 ⁴⁴)
965 4786 1167 4844 observavimus
1192 4823 1229 4833 -
1252 4789 1459 4847 observabimus
1486 4797 1554 4848 coa.
1583 4796 1621 4866 ⁴⁵)
1641 4795 1708 4846 iacit
1725 4826 1761 4836 -—
1778 4795 1870 4848 iaciat

496 4876 563 4926 Cod.
583 4871 621 4946 ⁴⁶)
642 4893 706 4945 grex
724 4907 759 4918 -
778 4893 858 4945 graex
877 4878 945 4929 coe.
964 4865 1233 4950 ‘Oisyme—espec
1254 4881 1319 4934 Coa.
1340 4901 1417 4953 apr.
1437 4901 1472 4934 νο.
1492 4896 1519 4934 et
1537 4901 1625 4952 ινγνος
1643 4903 1677 4934 e:
1695 4901 1747 4935 em.
1765 4902 1810 4953 pr.
1830 4901 1873 4936 m.

431 4977 461 5044 a)
481 4977 554 5030 uude
572 4981 599 5040 (e
619 4979 809 5048 comparativis
828 4989 856 5032 et
873 4979 1048 5050 superlativis
1062 4983 1182 5046 scilicet,
1196 4992 1227 5035 ut
1244 4983 1458 5050 melioratio,
1477 4983 1763 5056 clarissimatus)
1780 4993 1875 5041 etiam

497 5065 813 5200 pppellatiedders‘qatur.
840 5066 914 5120 llaec
940 5061 982 5122 ite*
1010 5068 1093 5142 μέσον
1120 5071 1219 5124 summi
1244 5069 1356 5126 debent.
1388 5075 1415 5146 6)
1434 5077 1544 5128 silentia
1564 5071 1644 5128 addit
1661 5072 1733 5127 bens
1753 5071 1872 5128 Cbaris.

449 5154 452 5162 ⁴
510 5165 556 5199 .c.
578 5167 633 5200 uon
671 5155 758 5202 icitur.
1871 5151 1876 5158 ²
