4020 6068
400 537 482 596 xxrt
860 533 1408 594 rnrnrxrro.

354 723 360 732 .
403 677 477 734 nes
494 676 608 752 vero,
632 673 742 762 quae
758 674 836 730 nos
853 644 1120 764 impulerunt,
1140 641 1517 728 utinscriberemus
1528 639 1610 726 hoc
1626 637 1870 754 opusculum

401 781 481 866 suh
502 779 707 865 Maximi
733 779 989 866 Victorini
1010 781 1182 864 nomine
1196 778 1275 860 hae
1291 777 1426 860 lbere:
1469 806 1505 860 1.
1523 774 1758 859 Auctoritas
1777 772 1871 856 Par-

400 916 546 1020 rhasii,
578 945 707 1030 quem
741 912 932 1025 religiose
958 911 1245 1026 inscriptiones
1269 910 1653 1027 antiquissimorum
1679 904 1871 990 codicum

400 1077 585 1134 servasse
610 1069 771 1132 constat
801 1077 824 1128 e
852 1069 952 1130 nota
977 1045 1065 1128 eius
1088 1044 1350 1130 amanuensis
1379 1041 1641 1128 Valentini
1667 1039 1782 1122 Cati
1810 1036 1872 1124 ad

400 1180 572 1266 Servii
603 1201 875 1264 tractatum
904 1175 965 1264 de
996 1178 1191 1264 naturis
1218 1176 1515 1263 ultimarum
1546 1189 1872 1279 (Gramrianae

400 1324 463 1398 ed.
485 1322 645 1398 Mediol.
674 1318 796 1412 1504.
824 1326 923 1420 siga.
948 1324 996 1396 E.
1025 1326 1078 1396 II.
1111 1327 1172 1409 v.)
1193 1343 1322 1428 quam
1341 1313 1409 1394 hic
1428 1307 1590 1394 adlerre
1607 1307 1747 1392 liceat:
1777 1305 1873 1410 „Ne

332 1499 338 1512 ·
401 1449 466 1532 cui
485 1447 617 1562 pariat
636 1430 971 1550 admirationem,
991 1441 1111 1562 quod
1128 1458 1339 1530 Marium
1360 1444 1541 1528 Servio
1552 1473 1607 1543 m,
1633 1471 1716 1526 uon
1738 1453 1874 1524 Mau·

400 1617 523 1684 rum,
545 1581 650 1664 sicut
668 1611 815 1664 ornnes
838 1579 925 1684 alii,
949 1579 1035 1663 Ian
1047 1609 1103 1664 us
1122 1577 1395 1693 inscripserit:
1425 1573 1530 1660 illud
1549 1572 1812 1659 admonitum
1832 1596 1875 1658 te

397 1713 521 1815 rolo,
551 1715 610 1798 sic
625 1712 781 1796 babere
812 1710 979 1798 codices
1000 1713 1330 1829 antiquissimos,
1360 1708 1474 1794 unde
1495 1708 1742 1793 libellushic
1760 1739 1876 1794 ema·

399 1847 554 1932 navit·“
577 1846 774 1930 Ceterum
790 1845 831 1928 in
848 1843 1008 1930 Codice
1030 1847 1121 1932 Sec.
1139 1847 1236 1932 XV.
1253 1845 1355 1931 olim
1364 1844 1649 1947 Parrhasiam,
1669 1844 1743 1958 qni
1761 1874 1876 1927 nunc

401 1977 643 2064 adservatur
660 1979 701 2062 in
722 1979 764 2064 M
771 2009 871 2064 usco
888 1980 1142 2084 Borbonico,
1155 1981 1391 2066 continetur
1408 2001 1601 2062 tractatus
1620 2003 1759 2062 noster
1778 2009 1875 2064 cum

399 2113 687 2228 inscriptione:
709 2113 929 2230 „incipit
955 2115 1245 2202 Metrorius
1273 2114 1634 2214 Maximinus“,
1662 2112 1736 2196 ubi
1756 2143 1874 2216 vero,

398 2271 598 2334 monente
628 2247 830 2332 lannelllo
857 2261 1041 2358 Catalog.
1068 2287 1186 2357 saepe
1217 2266 1283 2334 cit.
1309 2288 1351 2359 p.
1376 2256 1442 2351 95,
1462 2248 1517 2330 ad
1537 2278 1651 2331 orant
1676 2242 1784 2332 Cod.
1805 2279 1876 2330 ru·

397 2381 477 2467 hro
505 2380 644 2467 colore
671 2412 693 2466 a
720 2411 849 2464 manu
872 2381 1075 2466 Parrhasii
1112 2383 1284 2494 legitur:
1325 2380 1566 2485 „Maximi
1604 2381 1875 2466 Victorini

398 2543 479 2596 ars
504 2543 546 2594 m
559 2513 762 2614 etrica,“
786 2510 905 2626 quod
924 2515 1012 2598 sine
1029 2516 1270 2599 auctoritate
1291 2514 1462 2598 alicuius
1481 2509 1635 2597 codicis
1653 2516 1800 2602 lanum
1815 2517 1874 2601 fe-

398 2645 514 2746 cisse,
534 2673 655 2755 aegre
676 2644 800 2728 nohis
818 2643 1068 2758 persuadere
1089 2676 1324 2762 possumus.
1360 2677 1398 2734 n.
1422 2647 1468 2730 In
1489 2642 1598 2731 Cod.
1619 2647 1873 2733 Bobiensi

398 2801 563 2880 nostro,
601 2779 791 2892 sequitur
818 2801 1013 2864 tractatus
1047 2781 1116 2863 bic
1143 2783 1341 2867 continuo
1369 2803 1464 2896 post
1504 2778 1872 2864 Commentum

397 2911 672 2996 Maximini
698 2912 774 3028 (sic
802 2913 910 2996 enim
941 2910 1050 2998 Cod.
1075 2913 1215 3017 babet,
1241 2915 1484 3029 sphalmata,
1505 2933 1553 2996 ut
1568 2910 1756 3018 videtur,
1785 2944 1874 2998 non

398 3045 634 3149 Maximi,
655 3068 702 3129 ut
720 3045 843 3130 relert
864 3043 1182 3132 Lindemannus
1201 3049 1243 3132 in
1264 3047 1380 3165 nota)
1410 3046 1682 3132 Victorini
1713 3044 1776 3132 de
1803 3079 1873 3132 ra-

400 3179 546 3262 tione
579 3201 884 3286 metrorum,
913 3181 966 3266 ab
996 3179 1145 3266 eadem
1176 3211 1303 3264 manu
1334 3182 1530 3295 scriptus,
1560 3179 1680 3296 quod
1710 3183 1874 3294 egregie

398 3309 618 3396 confirmat
644 3312 774 3398 verba
790 3307 1404 3430 inscriptionisParrhasianae:
1437 3315 1873 3398 commentarium

398 3442 703 3530 secundum.
753 3452 794 3535 5.
822 3447 1020 3566 Denique
1049 3449 1296 3535 Metrorii
1333 3479 1487 3533 nomeu
1519 3479 1567 3532 ex
1594 3444 1774 3531 evanido
1806 3449 1874 3530 vel

397 3578 508 3666 male
529 3579 739 3668 intellecto
769 3581 1011 3697 compendii
1039 3583 1157 3694 signo
1187 3589 1441 3686 nietrorfi,
1463 3582 1567 3672 ¹oriri
1585 3581 1702 3665 facile
1723 3583 1874 3697 putuit.

513 3713 590 3810 XI,
622 3714 764 3799 Senon
792 3746 834 3799 ur
865 3717 1031 3800 Donr‘rr
1063 3745 1191 3798 aaran
1219 3737 1372 3798 rnruxtu
1402 3745 1737 3800 conuauramsrr.

519 3845 771 3931 Continetur
788 3847 1136 3952 commentarium
1154 3848 1287 3932 hocin
1309 3843 1469 3934 Codice
1491 3847 1590 3932 olim
1612 3849 1873 3952 bobiensi,

398 4010 509 4063 nuuc
525 3976 801 4063 Vindobon
814 3981 920 4064 ensi
938 3979 1021 4064 No.
1032 3981 1149 4065 XVI.
1164 3980 1356 4096 IncipitF
1358 3978 1412 4066 ol.
1427 3999 1505 4108 teg
1517 4015 1546 4064 r.
1560 3983 1637 4069 col.
1651 4013 1686 4066 a.
1699 4013 1791 4066 cunt
1810 3983 1872 4064 in-

399 4111 642 4226 scriptione:
673 4110 935 4228 „Explicit
963 4111 1026 4198 de
1055 4114 1338 4199 finalibus“
1366 4115 1438 4230 (sc.
1467 4115 1620 4218 Servii,
1652 4115 1767 4198 cuius
1791 4139 1869 4198 tra-

399 4267 529 4328 ctatus
557 4241 836 4354 fragmentum
860 4269 1046 4332 servatur
1076 4247 1212 4334 adhuc
1237 4249 1314 4332 hac
1339 4247 1553 4348 columna,
1584 4281 1716 4365 equo
1743 4251 1869 4332 etiam

396 4377 600 4463 variantes
622 4374 821 4464 lectiones
850 4376 1140 4468 adnotavimus
1167 4382 1211 4464 in
1242 4381 1427 4467 editione
1457 4403 1596 4468 nostra
1626 4384 1747 4467 huius
1765 4413 1870 4496 opu-

397 4509 517 4630 sculi)
543 4511 735 4627 incipit
763 4509 825 4598 dc
851 4513 1037 4602 littera
1059 4522 1354 4604 commenta
1382 4514 1473 4634 (sic)
1505 4515 1699 4628 Sergii:
1727 4515 1871 4600 finitur

397 4679 493 4731 cum
510 4646 836 4761 subscriptione:
871 4681 975 4763 exp.
998 4649 1151 4767 (cetera
1173 4648 1488 4765 subscriptionis
1511 4650 1661 4768 erosa).
1694 4651 1738 4732 ln
1761 4682 1868 4734 mar-

397 4781 491 4892 gine
511 4781 714 4894 superiori
733 4782 803 4867 fol.
827 4789 880 4880 45
900 4815 930 4866 r.
953 4783 1119 4895 legitur:
1142 4784 1305 4870 Liber
1331 4784 1433 4870 soti
1465 4783 1775 4870 columbani
1805 4782 1869 4869 de

395 4911 586 5016 bobio,
610 4913 808 5000 solemnis
832 4914 957 5001 codd.
985 4917 1258 5002 Bobiensium
1279 4919 1501 5030 signatura.
1534 4918 1580 5001 In
1601 4916 1769 5004 edendo
1789 4920 1871 5002 hoc

398 5047 697 5134 commentario
708 5073 871 5162 praeter
884 5048 1091 5137 Codicem
1109 5052 1414 5137 bobiensem
1442 5049 1710 5137 adhibuimus
1737 5049 1869 5138 Codi-

399 5209 490 5268 cem
526 5175 986 5274 vindobonensem
1016 5185 1097 5276 No.
1131 5191 1257 5277 2550.
1297 5185 1388 5274 Sec.
1429 5184 1548 5289 XV„
1597 5184 1712 5272 cuius
1741 5215 1866 5300 supra
