4032 6070
605 541 1164 600 rnosrausuruon.
1546 545 1618 612 ,ῃ

157 683 308 750 anomale
336 687 600 772 pronuntietur,
628 691 731 754 etiam
763 692 831 758 hoc
861 691 898 756 in
921 689 1054 754 ratione
1077 699 1267 752 metrorum
1291 686 1345 751 vel
1366 678 1408 770 146)
1431 699 1620 754 structura-

160 804 229 848 mm
252 800 492 872 competenter
513 791 737 856 tractabimus
762 786 812 875 ’·7).

234 890 309 954 233.
332 889 425 954 Sane
448 893 484 956 in
507 893 571 958 ltac
596 895 723 970 forms,
753 916 821 980 qua
843 894 996 958 diximus
1019 893 1156 978 generis
1179 891 1337 956 feminini
1359 892 1502 956 nomina
1524 889 1622 955 able-

160 987 223 1050 tivo
247 1009 329 1052 casu
350 995 487 1058 numeri
516 995 700 1080 singularis
731 997 783 1060 ·Αὲ
810 997 925 1060 littera
946 995 1124 1062 terminari
1157 1007 1191 1058 et
1211 993 1427 1057 nominativo
1452 1013 1532 1057 casu
1554 1013 1619 1056 nu·

161 1091 238 1152 meri
262 1091 445 1176 singularis
463 1088 501 1176 ⁵⁸)
528 1097 594 1160 ·lA·
616 1097 740 1162 litteris
764 1099 917 1175 definiri,
946 1097 1124 1182 quaeritur
1152 1095 1196 1159 ab
1219 1117 1260 1160 eo
1290 1095 1385 1180 quod
1408 1095 1498 1158 dixit
1520 1093 1620 1160 Salu-

161 1185 361 1275 stius⁴⁵-)
382 1199 504 1261 homo
529 1198 730 1264 militaris
750 1203 839 1282 )-
868 1221 937 1285 qua
959 1199 1001 1262 de
1025 1219 1127 1264 cause
1149 1199 1185 1262 iu
1207 1218 1334 1283 genere
1359 1197 1525 1260 feminino
1548 1215 1622 1260 non

161 1290 256 1358 iaciat
271 1289 315 1377 ⁵⁰)
338 1298 441 1362 baec
465 1281 699 1365 militaria?
722 1304 785 1366 hac
807 1301 850 1366 de
874 1321 986 1376 causa,
1011 1301 1176 1385 quoniam
1192 1319 1432 1387 quaecumque
1451 1297 1622 1362 vocabula

162 1396 344 1462 masculina
372 1402 589 1466 nominativo
620 1423 701 1466 casu
729 1405 865 1467 numeri
888 1403 1071 1487 singularis
1101 1402 1165 1467 ··ts
1188 1402 1314 1466 litteris
1344 1393 1622 1480 deliniuntur⁵¹).

161 1509 189 1559 et
207 1519 253 1562 ex
276 1521 337 1563 sua
364 1505 480 1587 specie
502 1503 671 1568 vocabula
695 1505 859 1569 lerninina
883 1505 994 1568 iacere
1017 1518 1178 1590 possunt,
1202 1507 1287 1568 haec
1311 1503 1430 1568 eadent
1453 1501 1623 1566 vocabula

164 1597 321 1666 feminina
352 1605 568 1671 nominativo
599 1627 681 1671 casu
709 1609 845 1670 numeri
878 1607 1063 1692 singularis
1092 1606 1156 1671 ·ts·
1184 1606 1308 1670 litteris
1337 1605 1561 1678 deliniuntur,
1590 1616 1625 1666 et

165 1704 351 1767 communis
382 1710 520 1791 generis
548 1731 621 1774 esse
649 1711 936 1794 pronuntiantur,
966 1720 999 1772 et
1030 1708 1109 1772 ideo
1141 1709 1246 1774 haec
1268 1708 1479 1772 militaria
1500 1725 1624 1770 secun-

163 1800 236 1864 dnm
262 1800 415 1871 Salusti⁵
418 1811 789 1896 ²)pronuutiationem
813 1812 926 1876 iacere
948 1810 1155 1897 prohibetur
1171 1804 1227 1893 53).

237 1909 312 1972 234.
337 1907 449 1974 *trem
474 1915 652 1998 quaeritur
674 1915 710 1976 in
733 1916 798 1978 hac
820 1913 1018 2000 supradicta
1041 1906 1177 1976 iorma⁵
1185 1906 1293 1996 )qua
1307 1911 1369 1976 de
1364 1931 1467 1976 causa
1479 1927 1623 1974 nontuta
1648 1921 1721 1973 cett.

163 2005 193 2068 in
214 2006 330 2073 dativo
353 2003 465 2095 vel⁵')
487 2012 637 2079 ablativo
661 2035 743 2078 casu
765 2017 902 2084 numeri
923 2015 1067 2101 pluralis
1090 2026 1168 2079 ante
1191 2014 1347 2078 ultimam
1373 2024 1627 2078 consonantem

162 2126 218 2190 per
247 2109 371 2174 duas·
364 2113 401 2177 ·1·
429 2113 561 2180 litteras
589 2117 806 2182 scribantur?
834 2111 958 2200 hac⁵⁵)
981 2117 1024 2181 de
1047 2137 1169 2194 causa,
1194 2116 1360 2200 quoniam
1384 2134 1625 2200 quaecumque

163 2210 296 2274 uomina
318 2212 470 2280 ablativo
494 2239 575 2282 casu
597 2220 735 2282 numeri
758 2219 942 2303 singularis
966 2220 1017 2282 ·A·
1039 2219 1153 2282 littera
1176 2218 1423 2293 terminantur,
1455 2220 1542 2281 haec
1564 2215 1625 2280 da·

164 2309 226 2373 tivo
249 2325 283 2376 et
299 2309 342 2396 ⁵5)
365 2316 516 2383 ablativo
542 2325 630 2384 casu'
644 2322 781 2384 numeri
802 2321 946 2406 pluralis
970 2343 1049 2385 cum
1064 2322 1187 2386 codem
1210 2319 1361 2384 ablativo
1385 2341 1468 2384 casu
1487 2319 1626 2382 numeri

164 2413 339 2496 singularis
362 2420 439 2504 pari
461 2440 607 2485 numero
631 2421 846 2504 syllabarum
865 2435 1003 2508 oportet
1025 2419 1260 2510 pronuntiari.¹

238 2518 313 2582 235.
335 2519 439 2584 Nunc
461 2525 529 2588 hoc
551 2544 733 2587 monemus
756 2525 792 2588 in
815 2525 880 2588 hac
903 2525 1015 2591 forma
1035 2527 1172 2610 generis
1196 2525 1370 2600 lentinini.
1390 2543 1460 2608 qua
1471 2521 1625 2585 diximus

112 2627 117 2643 “
165 2613 306 2682 ablativo
330 2642 411 2685 casu
432 2626 569 2688 numeri
593 2625 777 2710 singularis
800 2628 944 2690 nomina
967 2627 1018 2692 ·A·
1041 2628 1157 2692 littera
1179 2626 1378 2702 terminari,
1409 2637 1443 2688 et
1465 2623 1625 2686 nomina-

164 2715 226 2782 tivo
250 2741 330 2784 casn
351 2727 489 2789 numeri
517 2727 702 2811 singularis
726 2730 794 2793 ·lA·
816 2729 940 2794 litteris
958 2724 1003 2813 ⁵⁸)
1026 2728 1180 2802 deliniri.
1205 2727 1300 2811 quod
1322 2747 1367 2790 ex
1389 2747 1430 2790 ca
1451 2725 1568 2811 plures
1583 2719 1626 2806 ⁵⁹)

165 2820 248 2896 ‘⁰⁰52
272 2823 339 2887 hoc
362 2820 469 2909 est⁶⁰)
491 2829 642 2915 plurima
656 2823 701 2911 ⁵¹)
722 2831 864 2894 nomina
886 2833 1022 2917 possint
1032 2824 1076 2914 ⁰²)
1099 2829 1267 2894 exbiberi.
1698 2917 1701 2924 ¹

239 2923 292 2986 De
317 2925 426 2991 forma
448 2932 585 3014 generis
609 2931 769 3002 lemiuiui
789 2926 851 3016 ⁵³),
877 2953 946 3017 qua
963 2926 1010 3015 64)
1033 2932 1185 2996 ablativo
1208 2951 1290 2994 casu
1310 2929 1447 2992 numeri
1471 2927 1624 3011 singula-

167 3020 206 3084 ris
226 3027 366 3092 nomina
390 3031 439 3094 ·A·
462 3030 576 3096 littera
599 3035 850 3110 terminantur,
880 3047 913 3098 et
935 3034 1151 3098 nominativo
1176 3053 1257 3096 casu
1278 3031 1415 3094 numeri
1437 3028 1621 3112 singularis
1634 3045 1662 3092 v.
1683 3049 1732 3108 190.

169 3121 227 3184 ·lA·
248 3125 370 3194 litteris
393 3133 550 3198 discretis
574 3135 795 3212 deliniuntur,
820 3148 988 3220 quantum
1012 3135 1100 3198 ratio
1122 3131 1300 3220 poscebat,
1323 3131 1556 3194 tractavimus.

240 3227 291 3292 lle
317 3231 467 3298 ablativo
491 3255 571 3300 casu
591 3238 728 3300 numeri
745 3237 945 3322 singularis,
970 3238 1090 3322 quiex
1110 3255 1237 3320 genere
1252 3233 1419 3297 feminino
1435 3231 1486 3296 ·A·
1507 3231 1623 3296 littera

169 3327 358 3397 terminatur
374 3329 429 3419 ⁶⁵),
454 3351 623 3422 quantum
647 3340 735 3404 ratio
758 3338 924 3425 poscebat
947 3339 1170 3404 tractavimus
1188 3329 1242 3419 66).

238 3436 309 3500 236.
337 3437 397 3500 De
429 3459 589 3523 genere
618 3443 831 3506 communi
854 3434 909 3523 ⁵7.)
941 3438 1146 3505 Communis
1175 3437 1313 3522 generis
1342 3434 1502 3510 nomina,
1533 3457 1621 3520 quae

167 3530 302 3600 ablativo
325 3559 407 3603 casu
429 3545 566 3606 numeri
594 3544 777 3628 singularis
801 3543 853 3606 ··A
867 3543 997 3606 littera
1018 3543 1264 3616 terminentur,
1297 3538 1383 3601 haec
1405 3537 1620 3600 nominativo

167 3651 235 3698 casu
256 3643 391 3704 numeri
414 3643 598 3726 singularis
622 3645 754 3710 duabus
778 3647 831 3709 his
857 3645 975 3708 formis
999 3643 1209 3708 definiuntur
1231 3653 1384 3707 tantum:
1409 3636 1459 3701 ·A·
1483 3633 1620 3720 ·1A·⁶⁸).

238 3744 307 3808 237.
345 3743 597 3832 Quaecumque
626 3748 769 3810 nomina
802 3746 939 3831 generis
967 3745 1169 3810 communis
1191 3741 1343 3806 ablativo
1373 3761 1454 3804 casu
1484 3743 1620 3804 numeri

166 3837 333 3924 singularis
362 3846 413 3910 ·A·
442 3847 557 3914 litters
589 3850 834 3924 terminantur,
863 3861 897 3912 et
919 3847 1135 3913 nominativo
1166 3865 1247 3909 casu
1270 3843 1407 3906 numeri
1435 3841 1620 3926 singularis

167 4018 1618 4047 ...Ἥμ-

203 4127 236 4199 “)
260 4129 301 4182 vel
320 4132 398 4185 ΒΑ.
417 4143 499 4186 —et
518 4135 554 4188 V.
574 4135 611 4202 ⁴⁷)
630 4132 807 4189 tractabimus
828 4135 864 4189 V.
883 4135 919 4188 A.
938 4163 974 4174 -
994 4131 1165 4185 tractavimus
1184 4131 1217 4182 Β.
1244 4128 1279 4196 “)
1306 4128 1337 4178 A·
1356 4123 1448 4179 littera
1469 4160 1543 4182 .....
1562 4125 1619 4178 ain-

247 4217 359 4288 '3ularis
377 4221 411 4274 B.
431 4222 467 4277 V.
485 4234 522 4272 -.--·ι
540 4222 576 4277 A.
596 4223 631 4291 ⁴⁹)
651 4220 786 4276 Salustius
806 4223 837 4274 B.
851 4221 887 4275 A.
906 4251 942 4262 -
961 4217 1108 4275 Sallustius
1129 4219 1164 4272 V.
1186 4219 1222 4288 ὀ)
1240 4217 1324 4268 laciut
1341 4215 1373 4269 B.
1388 4213 1424 4268 V·
1438 4214 1520 4267 A.-
1537 4212 1620 4264 leciri

256 4306 286 4360 P.
312 4309 352 4378 ⁵¹)
379 4305 547 4364 deliniuntur
563 4311 596 4363 B.
616 4341 651 4352 -
670 4307 873 4362 concluduntur
891 4307 927 4365 V.
943 4295 979 4361 A.
1004 4307 1039 4379 ⁵²)
1059 4303 1162 4359 salusti
1181 4305 1212 4360 B.
1232 4334 1267 4346 -
1286 4300 1401 4357 Sallusti
1420 4302 1456 4357 V.
1475 4333 1510 4342 -
1529 4297 1619 4354 Sullu-

257 4395 307 4460 etii⁴
330 4398 359 4450 Ρ.
379 4395 584 4452 -Salustium
607 4400 644 4451 A.
672 4399 708 4467 53)
733 4391 897 4468 prohibetur
926 4396 961 4450 V.
988 4425 1025 4437 -
1043 4389 1225 4466 probibentur
1248 4393 1281 4444 Β.
1310 4391 1346 4444 A.
1375 4391 1412 4461 Η)
1432 4389 1572 4462 quaeritur
1589 4387 1618 4440 iu

258 4479 308 4534 lrac
326 4483 484 4556 suprrrlicta
502 4487 589 4538 forma
606 4485 639 4541 B.
658 4517 693 4526 —
712 4485 740 4535 iu
760 4482 810 4535 bac
828 4481 987 4555 supradicta
1004 4483 1090 4536 lorrun
1110 4480 1249 4554 quaeritur
1268 4479 1304 4536 V.
1314 4478 1350 4531 A.
1371 4477 1412 4547 Η)
1424 4475 1468 4531 vel
1485 4477 1517 4530 Β.
1537 4509 1572 4520 -
1590 4485 1618 4527 et

259 4569 293 4622 V.
306 4572 342 4625 A.
365 4573 399 4643 56)
418 4568 470 4624 ltrc
489 4573 525 4628 V.
546 4574 583 4627 A.
602 4606 636 4614 -
655 4569 722 4624 baec
740 4573 774 4626 B.
801 4573 841 4644 57),
857 4579 884 4624 el
902 4573 934 4624 Β.
955 4571 991 4624 A.
1010 4602 1044 4612 -
1062 4567 1106 4622 vel
1125 4569 1161 4622 V.
1190 4568 1224 4636 ⁵⁸)
1244 4564 1344 4620 litteris
1371 4565 1406 4618 V.
1418 4564 1455 4615 A.
1466 4565 1496 4616 B.
1516 4583 1548 4614 ex
1566 4581 1616 4616 ent.

255 4677 294 4725 pr.
314 4677 350 4711 m.
374 4688 411 4703 -·
432 4658 525 4714 littera
551 4663 581 4714 Β.
607 4682 624 4714 a
639 4681 682 4733 pr.
702 4679 737 4712 m.
764 4659 799 4728 ⁵⁹)
818 4656 912 4730 plures
931 4664 969 4712 rie
988 4677 1089 4712 omnes.
1117 4657 1154 4728 81’)
1173 4651 1228 4705 boc
1246 4661 1289 4705 est
1305 4653 1338 4704 B.
1360 4649 1395 4703 V.
1415 4679 1451 4691 —
1469 4646 1499 4700 iu
1517 4657 1560 4702 est
1578 4648 1616 4700 A.

256 4745 291 4817 ι·)
310 4745 477 4818 plurimaB.
498 4749 535 4804 V.
555 4782 589 4792 -
607 4747 685 4820 plura
705 4747 739 4800 A.
761 4749 797 4819 ⁶²)
818 4747 977 4818 possiutB.
998 4747 1034 4798 V.
1054 4775 1088 4786 -
1107 4741 1279 4814 possuutAt
1300 4739 1336 4806 ει)
1356 4735 1480 4788 seminini
1499 4735 1617 4788 BV.-

255 4827 398 4887 masculini
423 4837 458 4890 A.
483 4837 520 4908 ⁶⁴)
546 4837 647 4910 quaB.
669 4838 704 4891 V.
724 4866 759 4878 -
778 4843 806 4886 at
825 4833 859 4886 A.
884 4835 920 4898 ⁶⁵)
942 4843 967 4885 tc
972 4834 1102 4884 rmiuatur
1122 4831 1211 4884 V.-
1238 4825 1417 4879 termineutur
1443 4822 1478 4876 A
1506 4825 1543 4893 ⁴⁸)
1573 4821 1615 4874 lle

255 4917 372 4976 ablativo
393 4963 535 4976 ......
556 4923 783 4978 tractavimus-
747 4961 783 4973 .-
747 4922 833 4975 ·-Β,
854 4923 889 4992 ὕ”)
910 4921 952 4972 De
973 4936 1070 4990 genere
1099 4913 1246 4970 communi.
1254 4915 1286 5002 Β
1299 4913 1379 4968 V.=
1388 4911 1423 4964 A.
1444 4911 1506 4982 61’)·
1501 4911 1538 4962 ··A
1559 4910 1613 4961 lA·

256 5011 348 5063 B.-
375 5015 413 5063 A·
441 5021 501 5066 et·
496 5013 548 5064 ··lA
578 5013 667 5068 V.-
693 5012 733 5063 ··A
754 5009 815 5066 ··ES
844 5009 897 5062 ··lA
924 5010 959 5065 A
984 5005 1125 5060 irrrercudo
1150 5007 1231 5058 sonet
1256 4989 1317 5072 post
1345 5002 1371 5054 lt.
1392 5021 1415 5052 ν.
1443 4999 1552 5052 titulum
1572 4998 1614 5050 Dc

255 5115 351 5166 gruere
370 5101 516 5154 communi.

205 5203 232 5266 a)
256 5201 364 5259 Sauust.
386 5205 468 5261 ertit.
488 5212 532 5270 45,
550 5214 576 5264 αι
