4050 6064
435 535 664 594 erentimx
688 537 742 592 AD
768 537 898 593 PROBi
925 535 1074 591 ARTEH
1092 533 1311 592 lttlttonntt.
1543 535 1610 606 m

149 685 237 770 quod
258 683 465 748 laeolvum
495 680 655 748 tatullum
685 683 889 767 gestientem
913 683 1100 767 eignilieat3
1129 681 1401 770 petulantem
1425 692 1541 744 antem
1564 667 1635 743 li-'

148 785 339 849 bidinoeum
362 795 528 860 ostentat3
557 783 835 849 temulentum
854 805 938 850 vero
961 784 1123 848 eatnllum
1152 782 1369 848 vinolentum
1385 775 1429 864 ⁸³)
1452 800 1526 844 erse
1548 779 1610 844 de·

149 897 322 950 monstrat.

229 989 280 1052 tt.
312 986 408 1048 luter
437 985 633 1070 inpurum
665 999 699 1049 et
728 986 977 1071 inpudicum
1006 985 1076 1048 hoo
1097 985 1259 1060 interest,
1291 982 1388 1069 quod
1410 982 1610 1067 inpurum

147 1087 328 1172 patientem
352 1085 602 1169 turpitudinem
626 1087 816 1171 significan
843 1088 1086 1174 inpudicum
1109 1105 1194 1150 vero
1217 1086 1400 1150 facientem
1423 1081 1610 1169 turpitudi-

147 1207 220 1251 nem
244 1187 470 1252 demonstrat.

226 1293 277 1354 te.
302 1288 396 1351 luter
418 1300 631 1352 ostentum
664 1301 697 1352 et
720 1302 955 1353 monstrum
980 1301 1013 1352 et
1042 1287 1293 1373 prodigium
1312 1278 1355 1368 ⁸5)
1385 1297 1418 1348 et
1440 1295 1611 1370 porten-

147 1404 226 1455 tum
249 1391 500 1465 inminuerunt,
524 1392 619 1474 quod
642 1402 857 1454 ostentum
882 1403 916 1452 et
938 1401 1171 1452 monstrum
1200 1389 1395 1473 praesentia
1418 1397 1610 1459 ott‘ententt

147 1491 384 1577 prodigium
409 1503 523 1553 autem
547 1505 581 1554 et
604 1504 849 1576 portentum
875 1491 987 1554 lutura
1008 1489 1212 1572 significent.

227 1597 279 1662 49.
303 1595 399 1656 Inter
419 1591 660 1656 beneficum
684 1607 717 1656 et
734 1592 977 1656 veneficum
1000 1595 1068 1656 hoo
1082 1593 1236 1663 interest,
1253 1589 1348 1674 quod
1372 1585 1611 1655 beneficum

148 1695 231 1758 bene
254 1694 436 1758 facientem
460 1695 649 1778 significan
671 1693 915 1758 veneticum
938 1706 1053 1757 autem
1074 1693 1201 1757 veneni
1216 1687 1259 1776 ⁸⁵)
1282 1691 1438 1754 datorem
1461 1707 1534 1751 esse
1551 1686 1613 1750 de·

151 1809 325 1860 monstrat.
1092 1817 1095 1822 ·

229 1904 282 1962 50.
315 1897 410 1958 lnter
439 1893 573 1960 habeo
597 1909 632 1960 et
653 1896 759 1961 abeo
791 1898 859 1960 hoo
881 1896 1044 1973 interest,
1073 1895 1169 1981 quod
1190 1893 1326 1958 habeo
1349 1892 1482 1957 retineo
1505 1889 1614 1973 signi-

150 1999 244 2075 iioat‚
268 1996 379 2061 abeo
402 2008 516 2059 antem
541 2018 588 2062 eo
611 1997 836 2061 demonstrat.

228 2103 283 2162 51.
314 2097 410 2163 lnter
431 2111 550 2162 mntem
579 2111 609 2160 et
638 2111 778 2160 neutrum
806 2101 866 2160 hoo
895 2098 1038 2160 interest
1061 2095 1157 2180 quod
1185 2106 1320 2158 mutum
1342 2112 1415 2158 uon
1438 2094 1612 2172 horrentem

147 2199 334 2284 significat,
359 2212 517 2263 mutuum
541 2223 611 2261 vero
633 2201 773 2260 alienum
795 2219 867 2262 rem
895 2219 968 2262 esse
991 2198 1214 2262 demonstrat.

228 2303 281 2364 52.
306 2300 400 2364 lnter
429 2301 577 2364 orbum
600 2314 635 2364 et
658 2320 826 2364 caecum
856 2303 923 2364 hoc
946 2301 1107 2374 interest,
1138 2298 1233 2382 quod
1256 2293 1423 2372 orbum,
1447 2293 1508 2379 qui
1531 2311 1612 2356 suos

146 2400 310 2464 extulerit
332 2402 522 2485 eigniiioat3
546 2421 719 2466 caecum
742 2415 857 2464 autem
881 2403 942 2486 qui
964 2402 1081 2464 lumen
1103 2419 1175 2462 non
1197 2399 1293 2462 videt
1315 2397 1538 2472 demonstrat.

227 2506 280 2568 53.
305 2503 401 2566 inter
421 2503 686 2566 iuventutem
717 2515 751 2564 et
773 2505 991 2566 iuventam
1015 2515 1048 2564 et
1070 2503 1338 2564 inventutem
1368 2498 1437 2560 hoo
1458 2497 1626 2570 interest‚.

145 2605 238 2688 quod
276 2605 535 2667 iuventutem
559 2605 668 2666 Deum
692 2605 852 2666 iuventae
871 2597 914 2684 ⁸⁶)
938 2603 1127 2687 significet3
1150 2603 1368 2664 iuventam
1391 2609 1506 2660 autem
1522 2607 1615 2658 aeta·

144 2717 210 2767 tem
226 2707 405 2789 designem
429 2705 497 2768 iuv
508 2718 692 2769 entutem
708 2725 792 2770 vero
809 2705 1066 2768 multitudinem
1083 2704 1281 2766 iuvenum
1300 2719 1373 2762 esse
1391 2696 1614 2760 demonstret.

227 2810 281 2871 et.
314 2807 408 2870 lutet·
439 2827 595 2872 oornun
618 2819 652 2870 et
675 2827 805 2870 oorna
828 2807 895 2870 hoo
917 2807 1078 2880 interest,
1113 2805 1209 2888 quod
1231 2819 1391 2866 cornua
1413 2795 1613 2861 animalium

144 2907 196 2971 vel
225 2920 455 2971 antennarum
480 2903 522 2990 ⁸⁷)
554 2910 744 2993 siguificat,
776 2921 812 2971 at
841 2927 925 2971 vero
957 2927 1086 2971 oorna
1116 2923 1303 2990 pomorum
1326 2919 1436 2985 genus
1458 2917 1531 2961 esse
1554 2896 1616 2960 de-

145 3021 327 3073 monstrat.

228 3117 282 3174 55.
306 3109 401 3174 luter
422 3109 621 3172 acerbum
654 3121 689 3172 et
711 3129 906 3172 acervum
930 3109 998 3170 hoo
1021 3107 1184 3180 intereat,
1217 3100 1313 3187 quod
1335 3096 1536 3162 acerbum
1562 3097 1616 3162 in·

145 3225 319 3275 maturum
344 3212 531 3296 significat,
554 3227 752 3272 acervum
775 3229 858 3272 vero
882 3227 1020 3272 acerum
1037 3209 1070 3288 ⁶)
1094 3227 1167 3268 esse
1191 3204 1414 3267 demonstrat.

227 3314 282 3377 56.
306 3313 402 3376 inter
424 3311 532 3373 mala
561 3323 595 3372 et
619 3309 747 3372 malae
775 3311 843 3372 hoo
865 3309 1024 3383 interest,
1054 3305 1150 3392 quod
1173 3304 1284 3368 mala
1304 3319 1410 3387 poma
1433 3297 1615 3384 significet,

144 3414 275 3477 malas
297 3424 412 3475 autem
436 3410 634 3473 maxillae
658 3431 732 3474 esse
754 3410 977 3473 demonstret.

1566 3600 1615 3682 b).

229 3718 283 3778 57.
307 3711 511 3776 intersum
536 3725 570 3776 et
599 3733 717 3777 suum
746 3713 814 3776 hoc
837 3713 998 3786 interest,
1027 3710 1232 3796 quodsum
1254 3705 1399 3772 verbum
1423 3702 1615 3786 significan

143 3835 262 3878 suum
286 3833 368 3880 vero
392 3833 588 3900 pronomen
611 3837 684 3878 esse
709 3815 933 3878 demonstrat.

185 4353 222 4422 ⁸³)
242 4352 412 4406 vinolentum
429 4348 462 4410 re*
483 4372 501 4405 n
518 4359 635 4426 primum
652 4366 754 4423 porreto
772 4357 899 4420 imperito
916 4353 988 4404 male
1006 4351 1163 4403 deauratur.
1179 4348 1215 4418 ⁸⁴)
1231 4341 1389 4417 prodigium
1402 4373 1437 4382 -
1454 4337 1614 4412 prodigium

253 4441 321 4494 cod.
339 4446 378 4494 rie
395 4455 423 4494 et
439 4461 503 4494 mox
520 4446 605 4512 infra.
625 4443 664 4511 ⁸⁵)
684 4439 783 4492 veneni
802 4439 869 4492 coe.
890 4458 924 4491 ex
942 4458 984 4492 em
999 4458 1052 4509 ,pn
1072 4455 1108 4489 m.
1129 4451 1263 4488 venenum
1281 4455 1299 4486 a
1316 4452 1358 4503 pr.
1377 4449 1413 4482 m.
1433 4430 1468 4499 ⁸⁶)
1488 4429 1613 4481 iuventae

250 4556 286 4569 -ι
304 4524 445 4582 iubentem
465 4531 532 4584 Geel.
553 4533 588 4602 ⁸⁷)
607 4536 786 4580 antennarum
803 4557 840 4568 -
858 4534 1045 4578 antemnarum
1065 4525 1132 4576 cod.

194 4632 228 4702 ι)
254 4615 379 4699 neernm3
397 4633 437 4690 itu
456 4632 527 4688 cod.
547 4652 598 4704 pro
618 4651 672 4704 quo
691 4630 806 4686 forsitan
825 4627 984 4699 ponendum
1004 4628 1058 4680 erit
1075 4629 1190 4691 molem,·
1219 4630 1293 4674 certe
1311 4620 1340 4670 in
1359 4615 1461 4672 Isidori
1481 4614 1541 4670 diff.
1561 4611 1613 4665 rub

249 4715 304 4770 litt.
323 4721 354 4771 Α.
373 4719 426 4772 Νο.
440 4727 485 4778 43.
502 4718 601 4774 hebes:
620 4721 721 4782 „luter
738 4719 946 4772 anathemet
965 4731 1142 4768 aeervrrmr
1162 4727 1313 4763 acervus
1330 4725 1380 4776 per
1398 4707 1468 4755 duur
1488 4703 1534 4757 ·V·
1549 4705 1615 4752 reri·

251 4807 324 4860 bitur
342 4821 367 4858 et
384 4809 522 4882 signifieat
540 4814 655 4874 molem
674 4808 826 4859 aoerirru
843 4824 893 4874 per
911 4805 952 4855 ·B·
970 4807 1105 4871 scriptur,
1124 4797 1262 4869 signifieat
1280 4799 1478 4847 immaturum“
1496 4798 1525 4841 et
1540 4784 1615 4857 apud

249 4894 409 4962 Agroetiurn
428 4893 462 4946 de
482 4893 603 4964 orthogr.
628 4892 681 4946 col.
701 4897 780 4951 2265.
801 4893 845 4944 Ρ.;
872 4891 1046 4952 „Acervrrr
1074 4889 1151 4940 utolie
1177 4897 1235 4947 eutr
1265 4881 1412 4934 oeerbur
1431 4882 1615 4930 imuratrrrrrr“

250 4979 317 5032 itern
335 4981 365 5032 iu
393 4981 603 5036 Pseudo-Tullii
628 4979 725 5033 libello
745 4977 780 5032 de
800 4979 931 5050 propriet.
951 4975 1143 5027 terminorum:
1169 4972 1269 5034 „Inter
1295 4984 1455 5020 acervom
1473 4978 1500 5017 et
1518 4981 1616 5016 auer-

251 5067 327 5120 brrm
344 5069 396 5122 boe
414 5076 535 5132 interest,
553 5071 628 5143 quod
646 5087 797 5122 aeervor
814 5068 898 5118 moles
915 5075 966 5126 ert,
985 5064 1134 5116 oeerbur
1151 5065 1313 5114 immaturus
1331 5067 1358 5108 et
1376 5060 1488 5123 arper.'‘
1506 5051 1535 5122 b)
1555 5049 1613 5102 De·

250 5164 317 5210 tunt
336 5156 457 5230 quinque
475 5156 571 5210 liuere.
592 5163 618 5228 c)
637 5155 748 5210 Desunt
766 5155 887 5228 quinque
904 5151 1001 5206 liuere.
