4042 6070
412 543 477 612 120
627 535 779 591 mesnil
804 533 1066 592 FRAGMENTUM
1090 533 1142 590 DE
1165 533 1315 590 NOMINE
1340 533 1390 588 ΕΤ
1418 531 1650 588 ΡΒΟΝΟΜΙΝΕ.

412 686 598 766 reliam·)
614 719 656 730 -
678 680 909 765 Vergilius-
931 679 1136 767 Pauperis
1151 681 1347 766 ettuguri
1363 693 1612 762 congestum
1630 679 1784 766 est⁸)—
1800 683 1883 746 item

411 827 452 836 -
474 788 559 850 Nec
582 805 677 870 spes
699 781 920 846 libertatis
951 795 1058 859 erat,
1087 803 1161 846 nec
1191 803 1290 845 cura
1317 781 1460 866 peculi
1488 782 1580 864 ⁶)-
1615 783 1698 844 item
1720 819 1763 830 -
1787 783 1882 847 Par-

410 893 595 974 thenope
627 884 783 948 studiis
815 883 1038 948 florentem
1069 883 1277 968 ignobilis
1306 879 1533 964 oti¹')‘)—-
1561 894 1595 945 et
1611 882 1697 947 alibi
1729 921 1775 936 -
1801 885 1882 948 llic

409 1003 544 1053 tamen
567 987 641 1051 ille
664 984 810 1048 urbem
841 985 987 1050 Patavi
1014 986 1219 1070 sedesque
1250 983 1461 1064 locavit‘)
1484 1019 1527 1034 -
1555 1003 1621 1068 pro
1649 984 1821 1049 Horatii
1841 976 1883 1068 ¹³)

409 1091 590 1176 tugurii,
614 1076 849 1177 peculii'l),
874 1087 968 1165 otii,
991 1084 1166 1150 Patavii.

791 1253 856 1320 oe
885 1251 1140 1320 vocsrrvo
1165 1251 1423 1318 srucumm
1445 1247 1496 1336 ¹⁵).

495 1403 525 1466 3.
549 1397 617 1462 Per
630 1417 751 1462 omnes
765 1394 1016 1460 declinationes
1033 1398 1069 1460 in
1082 1394 1198 1460 latinis
1212 1393 1412 1458 nominibus
1427 1393 1519 1458 idem
1536 1395 1601 1457 erit
1614 1395 1804 1470 vocativus,
1821 1399 1884 1481 qui

411 1516 444 1566 et
464 1500 713 1574 nominativus,
738 1509 877 1583 praeter
894 1517 1037 1580 graeca,
1062 1517 1150 1582 quae
1171 1508 1204 1558 et
1220 1498 1290 1560 suis
1315 1495 1444 1580 regulis
1465 1495 1621 1558 serviunt
1640 1509 1673 1558 et
1695 1496 1825 1574 latinis,
1849 1511 1884 1562 et

409 1614 548 1688 praeter
563 1621 614 1679 ea,
636 1620 723 1685 quae
742 1610 775 1662 ct
793 1595 964 1662 secundae
980 1598 1222 1662 declinationis
1237 1610 1317 1659 sunt
1334 1609 1368 1660 et
1380 1595 1460 1658 ·US·
1475 1597 1722 1672 terminantur-3
1735 1619 1775 1660 ea
1789 1598 1883 1660 enim

409 1703 516 1766 modo
532 1703 583 1764 ·E·
600 1700 705 1764 modo
726 1699 764 1762 ·1·
782 1699 979 1763 vocativum
1002 1699 1233 1762 determinant
1257 1717 1367 1760 suum.
1396 1697 1496 1760 Tunc
1520 1698 1569 1773 ·l·,
1593 1717 1672 1759 cum
1694 1697 1774 1760 ·Us·
1794 1718 1884 1783 pura

411 1803 524 1880 luerit,
549 1801 772 1866 antecedente
790 1799 828 1862 Ἰ·
843 1799 968 1876 littera,
988 1811 1022 1862 et
1043 1800 1188 1885 propria
1211 1800 1296 1874 sint,
1319 1818 1391 1861 non
1408 1797 1633 1883 appellativa3
1657 1796 1770 1860 ablata
1788 1800 1882 1862 enim

410 1905 530 1968 eadem
546 1902 627 1967 ·Us·
643 1901 773 1985 syllaba
789 1901 1138 1976 iaciuntvocativum,
1161 1913 1200 1963 ut
1222 1899 1454 1984 Vergilius,
1479 1919 1500 1962 o
1525 1897 1705 1982 Vergili3
1729 1899 1884 1962 Teren·

410 2006 511 2082 tius,
535 2023 556 2068 o
580 2003 765 2067 Terenti.
789 2001 889 2064 Tunc
908 1999 970 2076 ·E·,
995 2020 1073 2063 cum
1091 2021 1136 2064 ex
1151 2002 1203 2082 his
1219 1999 1329 2063 tribus
1350 1999 1404 2061 vel
1425 2019 1533 2061 unum
1555 1999 1702 2062 deluerit
1722 2012 1781 2063 aut
1794 2020 1883 2084 pura

412 2105 504 2185 ·1Js·‚
533 2117 593 2170 aut
612 2105 651 2167 Ἰ·
671 2103 896 2178 antecedens,
929 2114 989 2164 aut
1012 2101 1087 2186 ipsa
1107 2103 1314 2186 proprietas.
1344 2101 1531 2186 Excipitur
1552 2095 1592 2182 ¹⁰)
1612 2121 1719 2162 unum
1749 2100 1885 2174 lilius3

329 2265 337 2274 .
410 2209 477 2270 boc
494 2207 600 2281 enim,
624 2206 782 2291 quamvis
805 2223 877 2267 non
898 2202 942 2266 sit
962 2203 1164 2288 proprium,
1195 2215 1311 2264 tamen
1335 2201 1474 2286 regulae
1493 2202 1726 2287 propriorum
1738 2201 1886 2286 inrepsit

411 2319 445 2370 et
458 2308 656 2372 vocativum
674 2327 774 2370 suum
789 2305 871 2368 iecit
894 2325 915 2368 o
939 2302 1027 2377 tili,
1051 2303 1142 2366 sicut
1163 2301 1314 2380 Iulius,
1338 2323 1360 2367 o
1383 2303 1476 2366 luli.

671 2471 736 2536 DE
761 2469 997 2536 GENITIVO
1020 2469 1082 2532 ET
1105 2467 1290 2536 DATIVO
1315 2469 1620 2535 PLURALIBUS.

497 2615 528 2677 t.
542 2610 660 2675 Prima
668 2611 854 2675 declinatio
866 2623 900 2674 et
913 2610 1065 2675 secunda
1080 2611 1273 2694 genitivum
1291 2611 1461 2696 pluralem
1481 2611 1608 2674 iaciunt
1625 2611 1742 2674 addita
1757 2611 1888 2678 ·RUM·
1924 2633 1926 2636 ·

412 2710 544 2792 syllaba
562 2711 712 2776 ablativo
734 2713 828 2774 casui
849 2712 1033 2796 singulari,
1049 2724 1103 2775 ,ιιι
1125 2711 1174 2774 ab
1197 2713 1277 2776 hoc
1299 2725 1444 2798 poeta,
1472 2715 1617 2776 horum
1640 2723 1890 2798 poetarum,

412 2811 464 2876 ab
488 2813 567 2875 hoc
590 2812 737 2888 docto,
761 2814 908 2874 borum
932 2814 1171 2877 doctorum.
1194 2812 1261 2877 llic
1282 2826 1399 2876 tamen
1419 2814 1626 2898 aliquotiens
1646 2810 1789 2876 ornatus
1806 2835 1891 2896 gra·

411 2914 471 2988 tia,
493 2913 549 2975 vel
565 2913 668 2976 metri
682 2913 896 2994 necessitate,
911 2914 968 2977 vel
984 2914 1234 2978 consuetudine
1246 2915 1286 2996 ¹⁷)
1296 2915 1475 2978 vetustatis
1492 2935 1556 2999 per
1571 2921 1731 2998 συγκοπὴν
1748 2908 1788 2994 ¹⁸)
1804 2935 1891 3000 pro·

410 3015 600 3085 nuntiatur.
624 3013 665 3076 ln
679 3015 794 3100 prima
809 3013 950 3100 quidem
965 3014 1197 3078 declinatione
1215 3016 1251 3076 in
1264 3017 1319 3078 his
1332 3036 1421 3101 quae
1436 3017 1630 3100 composita
1644 3025 1733 3090 sunt,
1750 3027 1788 3076 ut
1799 3035 1890 3078 cae·

409 3114 656 3188 licolarum,
687 3114 945 3179 caelicolum
964 3117 1024 3199 ¹⁹),
1054 3117 1377 3200 omnigenarum
1395 3119 1455 3198 ²⁰),
1480 3117 1764 3200 omnigenum.
1795 3115 1889 3178 Ver-

410 3216 517 3300 gilius
541 3252 584 3264 —
611 3235 854 3300 superoque
881 3218 1087 3280 nitentem
1120 3216 1447 3299 Caelicolum¹¹)
1469 3217 1557 3300 regi
1587 3215 1820 3280 mactabam
1846 3217 1889 3278 in

410 3316 541 3379 litore
563 3315 781 3398 taurums)
803 3353 847 3368 -
874 3316 967 3381 idem
986 3355 1029 3366 -
1053 3316 1429 3402 Omnigenumque
1461 3316 1578 3379 deum
1608 3331 1815 3394 monstra,
1846 3329 1891 3380 et

410 3415 598 3480 latrator
627 3415 840 3498 Anubist)
862 3455 905 3465 —
933 3417 1119 3482 amiorae
1143 3420 1247 3482 etiam
1270 3437 1342 3482 non
1365 3417 1644 3494 amiorarum,
1674 3419 1735 3482 sed
1755 3417 1887 3482 amio—

410 3537 499 3579 rum
517 3513 567 3598 ’);
589 3517 638 3580 ita
651 3519 743 3580 enim
758 3533 984 3604 sempeterna
1005 3519 1192 3583 dicendum
1209 3521 1279 3583 iam
1294 3519 1376 3582 inde
1394 3519 1585 3603 antiquitus
1605 3519 1767 3583 obtinuit.

498 3617 539 3681 In
554 3618 798 3683 secundavero
807 3620 1039 3683 declinatione
1049 3633 1181 3684 tantum
1196 3621 1352 3683 cumsint
1365 3621 1501 3704 generis
1515 3621 1709 3696 masculini,
1724 3633 1763 3682 ut
1774 3619 1891 3683 viro-

411 3718 680 3794 rum,virum;
702 3719 876 3784 -Arma
891 3722 1041 3797 virum,
1059 3720 1317 3804 tabulaeque
1337 3721 1673 3802 ⁸)-modiornm,
1688 3719 1890 3794 modium,

410 3816 499 3878 sicut
518 3815 655 3881 Tullius
675 3818 806 3904 ubique
823 3819 876 3904 ’);
907 3822 1233 3897 sestertiorum,
1257 3823 1519 3886 sestertium.
1541 3821 1632 3884 Nam
1654 3841 1768 3907 neque
1785 3821 1890 3884 lemi-

452 4073 487 4137 ”)
508 4071 548 4122 cti
566 4101 601 4112 -
618 4073 659 4125 uti
682 4073 749 4126 Ood.
780 4077 814 4143 ”)
834 4073 941 4126 Horatii
958 4103 995 4117 -
1012 4075 1092 4128 oratii
1114 4077 1181 4129 Cod.
1204 4077 1239 4148 Ι’)
1258 4075 1350 4147 peculi
1365 4107 1401 4120 -
1413 4073 1528 4147 peeuliii
1544 4077 1613 4132 eod.
1640 4069 1677 4145 ⁸⁵)
1702 4075 1835 4146 singulari
1852 4105 1893 4120 -ι-

516 4155 653 4225 singulare
675 4160 741 4210 cod.
767 4173 864 4213 eontra
883 4166 1004 4214 auctoris
1029 4167 1115 4214 nostri
1132 4165 1275 4234 regulam,
1294 4167 1409 4231 irfirius
1428 4164 1616 4232 azij‘erendum.
1646 4163 1683 4235 ¹⁵)
1702 4163 1892 4232 excipitur-

517 4243 660 4314 excepitur
680 4245 748 4297 Cod.
771 4253 806 4314 ¹⁷)
827 4244 1028 4299 cousuetudine
1046 4279 1082 4290 -
1101 4247 1297 4301 consuitnditae
1319 4250 1387 4304 cau.
1416 4243 1451 4316 ¹⁸)
1471 4244 1607 4322 capuensis
1620 4279 1655 4294 -
1667 4267 1797 4303 numm
1819 4251 1893 4302 cod.

519 4330 556 4402 ¹¹)
576 4327 737 4384 coelicolum
758 4334 824 4386 cod.
843 4353 878 4386 err
895 4353 946 4389 em.
964 4354 1006 4405 pr.
1026 4353 1061 4387 m.
1081 4353 1153 4407 quoe
1169 4340 1287 4405 primum
1305 4333 1500 4388 aeneatorum
1517 4343 1672 4407 scripserat.
1701 4337 1738 4406 ”)
1763 4335 1893 4404 omnige-

516 4433 611 4470 narum
622 4420 689 4471 Cod.
704 4437 739 4472 ee
753 4437 802 4471 em.
810 4439 853 4489 pr.
867 4437 903 4474 m.
922 4421 1107 4490 omnigeneris
1128 4423 1195 4474 uod.
1214 4442 1232 4475 a
1249 4440 1292 4492 pr.
1309 4441 1344 4475 m.
1364 4427 1404 4492 ²¹)
1417 4421 1577 4476 caelicolum
1591 4453 1629 4466 -
1644 4418 1807 4474 caelicolum
1818 4423 1894 4474 Cod.

452 4525 481 4587 a)
507 4519 609 4573 Mirum
628 4518 923 4577 centonem‘eonllnvit
939 4523 1043 4578 Noster
1060 4542 1076 4577 e
1094 4525 1188 4576 Horat.
1209 4542 1291 4578 carm.
1311 4527 1358 4579 tv.
1379 4531 1413 4590 6,
1439 4532 1482 4586 14.
1501 4535 1531 4579 et
1547 4527 1597 4578 lll.
1617 4532 1665 4588 11,
1688 4530 1733 4584 51.
1750 4531 1794 4583 52.
1813 4525 1894 4578 Voci

513 4611 606 4681 scalpe
624 4609 653 4660 in
673 4606 744 4662 cod.
764 4625 779 4660 u
797 4627 838 4680 pr.
852 4625 888 4662 m.
908 4611 1095 4681 suprascripta
1114 4620 1157 4664 est
1175 4609 1266 4682 glossa
1284 4607 1434 4679 tralatos.
1453 4613 1497 4664 Da
1507 4609 1701 4684 orthographia
1719 4613 1796 4666 vocis
1815 4631 1892 4682 que-

512 4699 582 4750 rella
601 4696 659 4749 co.
677 4693 795 4749 Porcell.
814 4694 867 4748 sub
886 4694 959 4760 b.v.,
977 4694 1182 4750 structoribus
1200 4695 1242 4748 ibi
1258 4693 1379 4752 laudatis
1397 4696 1463 4753 edd.
1482 4702 1515 4752 A.
1533 4699 1637 4752 Maium
1654 4697 1691 4751 nd
1710 4699 1769 4751 Cic.
1791 4696 1828 4750 de
1843 4715 1894 4749 re·

514 4780 592 4851 publ.
612 4781 648 4834 11.
667 4786 712 4840 25.
732 4784 759 4852 b)
779 4783 855 4852 Virg.
875 4780 970 4852 Eclog.
988 4781 1014 4834 Ι.
1030 4786 1075 4842 69.
1094 4777 1127 4838 ‘to'
1147 4796 1187 4836 est
1204 4783 1329 4840 fortassis
1349 4805 1364 4838 e
1384 4785 1550 4856 compendio
1570 4786 1647 4839 vocis
1665 4789 1765 4854 cespite
1783 4787 1896 4854 (cosp.)

514 4876 605 4920 ortum
631 4877 681 4920 est.
710 4875 737 4936 e)
763 4869 838 4938 Virg.
865 4865 961 4938 Eclog.
980 4867 1003 4920 l.
1022 4873 1067 4928 33.
1098 4869 1224 4940 dlvirg.
1245 4869 1347 4942 Georg.
1367 4873 1414 4928 Ν.
1434 4877 1496 4931 564.
1523 4877 1549 4942 e)
1577 4873 1653 4941 Virg.
1680 4871 1752 4925 nen.
1778 4869 1800 4920 l.
1821 4875 1898 4928 247.

506 4954 547 5019 s)
567 4952 642 5020 virg.
669 4954 736 5006 Aen.
756 4954 806 5007 111.
826 4961 869 5012 ΞΟ.
889 4961 933 5012 21.
952 4957 983 5027 g)
1001 4955 1079 5026 Virg.
1098 4959 1165 5008 Aen.
1184 4957 1261 5011 v111.
1281 4963 1343 5017 698.
1367 4959 1397 5029 l)
1417 4955 1543 5012 Eandem
1562 4953 1782 5028 orthogrspbim
1802 4951 1898 5008 buius

514 5037 591 5088 vocis
609 5033 696 5091 babes
714 5039 789 5110 apud
818 5038 923 5094 Charis.
942 5047 986 5102 tl.
1005 5043 1037 5095 P.
1058 5041 1115 5096 co.
1143 5041 1275 5098 Schneid.
1297 5045 1417 5098 Gratum.
1437 5043 1485 5100 tat.
1505 5045 1527 5099 1.
1546 5051 1608 5106 265.
1633 5043 1751 5116 ovim.
1772 5041 1846 5094 Αοῑι.
1871 5043 1900 5095 1.

517 5127 576 5181 ll9.
594 5123 622 5193 l)
642 5123 701 5177 Cic.
720 5127 748 5176 in
764 5127 842 5178 Vere.
861 5127 882 5179 1.
902 5133 945 5186 36.
964 5134 1007 5190 46.
1027 5135 1070 5188 87.
1091 5129 1155 5182 Em.
1176 5139 1204 5183 et
1223 5139 1320 5182 cetere.
