4022 6068
431 505 498 576 m
765 499 953 560 ructarr
978 501 1296 568 rotonnnrott
1320 511 1378 568 oe
1406 513 1559 572 veuuo.

512 647 638 716 ullis·
665 651 813 734 syllaba,
850 652 1003 718 aaounela
1029 672 1132 734 vero,
1174 659 1204 722 si
1238 659 1353 726 eidem
1386 665 1506 730 tertiae
1536 661 1598 728 ·lS·
1629 651 1755 740 sytttba
1784 649 1873 716 lueri!
1971 623 1972 716 l

427 753 579 832 adiecta,
615 755 717 820 tertie
739 774 880 840 qnoque
902 755 932 819 si
949 768 1029 820 ante
1054 757 1107 820 ·T·
1130 757 1281 826 litteram
1304 763 1462 830 ultimam
1490 767 1562 832 eius
1587 763 1640 829 ·N·
1663 753 1877 842 interponitur
1971 779 1972 786 ι

428 843 730 935 ιιιίιιάἰοιιιιιι,
752 856 952 936 audietis,
974 858 1157 924 audient.
1201 901 1842 933 .............

326 1247 411 1356 {opp
513 1249 567 1332 ⁴⁶)
591 1249 677 1314 Item
695 1248 756 1334 qui
769 1248 853 1314 dioit
868 1248 887 1327 tl
905 1250 978 1326 itaq
994 1245 1148 1326 rapticio
1163 1233 1207 1324 ⁸⁹)
1219 1241 1317 1306 litem
1332 1242 1446 1308 adhuc
1459 1243 1495 1306 in
1513 1243 1672 1306 eonllioto
1686 1246 1732 1325 ⁹⁰)
1747 1267 1824 1310 esse
1839 1243 1891 1306 de-

375 1345 404 1357 “’
426 1363 612 1426 monstram
636 1353 696 1436 qni
710 1371 791 1416 uero
807 1349 925 1428 dicitu>
943 1353 1016 1428 tiup
1033 1349 1192 1428 τετμήσθω
1215 1346 1260 1427 ⁹¹)
1283 1347 1428 1410 tentavi
1448 1344 1554 1420 iubet,
1572 1357 1609 1408 ιιι
1630 1345 1696 1408 ianr
1716 1349 1806 1410 velit
1826 1367 1895 1410 esse

425 1454 605 1538 negotium
627 1454 865 1528 terminatum,
895 1449 990 1536 quod
1010 1461 1045 1514 et
1070 1449 1256 1526 Latinitas,
1286 1449 1444 1533 quamvis
1469 1445 1795 1530 circumloquendo,
1824 1467 1900 1512 non

425 1568 542 1620 tamen
564 1557 714 1643 respuit,
744 1575 821 1620 eum
846 1553 1109 1618 dicatostium
1133 1552 1292 1616 elusum
1316 1553 1388 1627 sit;
1410 1568 1548 1637 pugna
1570 1550 1791 1614 commissa
1816 1552 1899 1623 εἰη

424 1659 480 1723 lis
503 1660 734 1724 terminata
754 1656 828 1731 sit,
855 1654 983 1740 quibua
1007 1653 1170 1722 omnibus
1191 1673 1295 1739 quam
1318 1651 1526 1720 eoniioiendi
1546 1650 1756 1716 celeritatem
1779 1651 1900 1734 exigi-

424 1779 501 1824 mus
517 1760 782 1826 demonstratur.

490 2001 538 2068 19.
568 1999 633 2063 DE
656 1995 889 2064 TEMPORE
912 1997 1177 2064 PRAESENTI
1199 1993 1328 2062 MODl
1351 1991 1634 2061 IMPERATIVI
1655 1987 1834 2056 ACTlVl.

510 2168 625 2235 Omne
649 2171 894 2256 imperativum
922 2172 1072 2238 eotivum
1092 2190 1256 2258 praesens
1284 2189 1348 2256 per
1365 2167 1519 2252 singulae
1544 2166 1812 2250 coniugationes
1839 2186 1895 2230 sua

422 2271 945 2356 cuiusquerooaliterminetur,
968 2285 1006 2338 nt
1029 2293 1132 2350 uma,
1157 2293 1295 2350 mone,
1319 2270 1433 2344 audi,
1462 2269 1559 2354 lege
1576 2266 1628 2351 ι);
1657 2267 1780 2346 cerlo,
1813 2267 1892 2340 ier,

421 2395 482 2452 es,
506 2374 591 2450 dio,
615 2372 675 2437 sed
699 2373 802 2438 oedo
826 2375 862 2438 in
880 2377 945 2438 hoo
961 2375 1202 2440 tantummodo
1216 2395 1305 2438 vooe
1324 2372 1498 2448 consistit,
1521 2390 1587 2435 nee
1605 2369 1749 2434 ulterius
1767 2391 1893 2454 proce·

420 2475 482 2551 dir,
506 2476 574 2539 nlsi
593 2475 689 2560 quod
703 2475 838 2560 plurale
855 2477 928 2540 eius
950 2477 1091 2560 quidam
1107 2489 1219 2540 oette
1234 2479 1277 2556 9’)
1301 2475 1475 2550 dixerunt,
1499 2473 1558 2538 sed
1573 2473 1745 2557 originem
1762 2473 1892 2535 nullam

420 2578 558 2662 penitus
573 2571 617 2658 ⁹³)
633 2577 760 2642 hebere
778 2579 1010 2662 cognoscitur.
1034 2579 1075 2642 ln
1090 2579 1141 2642 ·R·
1159 2598 1242 2644 vero
1263 2577 1279 2640 l
1284 2597 1326 2640 er
1349 2589 1383 2640 et
1405 2597 1492 2661 quae
1509 2596 1555 2638 ex
1567 2597 1609 2640 eo
1624 2588 1892 2659 componuntur,

417 2691 457 2744 ut
480 2679 618 2756 defer,
642 2681 778 2756 adfer,
802 2669 968 2754 conlem'
988 2680 1170 2766 praefer.
1192 2680 1322 2765 Aliqua
1336 2671 1380 2762 ot)
1397 2677 1568 2743 eiusmodi
1583 2677 1657 2740 sola
1670 2678 1891 2762 reperiuntur

421 2781 467 2845 ·S·
484 2801 624 2866 quoque
646 2783 753 2858 finite,
771 2795 804 2846 et
817 2783 892 2867 ipsa
902 2803 1077 2868 perpauco
1087 2795 1177 2858 eunt,
1192 2795 1231 2847 ut
1247 2803 1289 2846 es
1306 2791 1340 2845 et
1352 2801 1441 2866 quse
1455 2801 1551 2844 exeo
1566 2791 1828 2864 componuntur
1840 2771 1889 2862 95),

419 2883 533 2959 edes,
556 2884 721 2970 prodes,
745 2904 906 2969 preses,
931 2905 1089 2969 quaeque
1106 2884 1175 2950 alia
1186 2905 1232 2948 ex
1245 2884 1369 2950 eodem
1383 2881 1491 2948 verbo
1508 2883 1708 2966 figurantur,
1733 2894 1767 2946 et
1784 2902 1888 2946 unum

418 2985 598 3050 hissimile
611 2997 754 3068 potes,
780 3005 868 3069 quae
885 3007 930 3050 ex
952 2987 1094 3052 infinitis
1116 2987 1187 3050 suis
1208 2985 1350 3052 formari
1374 2985 1526 3048 teolrniei
1548 2976 1592 3065 96)
1621 2983 1744 3048 volunt
1760 2984 1889 3048 ultimis

419 3085 559 3168 syllabis
574 3086 721 3163 ablatis,
745 3100 940 3164 eantare,
965 3100 1106 3163 oanta;
1131 3107 1318 3166 monere,
1342 3106 1482 3162 mone;
1505 3073 1669 3162 audire,
1698 3087 1818 3164 audi3
1839 3087 1890 3150 le·

420 3209 538 3272 gere,
562 3189 677 3272 lege3
702 3188 860 3274 adeoque
877 3193 945 3254 hoo
959 3212 1033 3254 esse
1053 3190 1303 3266 certissimum,
1332 3202 1371 3252 ιιι
1386 3190 1489 3253 etiam
1511 3188 1571 3251 ille
1586 3187 1649 3252 sub
1665 3188 1825 3254 eiusdem
1842 3209 1890 3252 re·

419 3290 520 3374 gulae
541 3311 663 3353 norma
682 3292 751 3356 sint
770 3294 899 3377 posits,
927 3313 1009 3356 narn
1031 3292 1074 3357 ab
1096 3311 1154 3368 eo,
1179 3292 1274 3376 quod
1298 3303 1349 3354 est
1374 3311 1465 3356 ease
1493 3289 1608 3354 ablate
1625 3289 1748 3354 ultima
1772 3293 1814 3355 lit
1838 3313 1888 3368 es,

418 3392 581 3466 adesse,
606 3393 723 3469 ades;
747 3394 936 3479 itidemque
952 3394 995 3460 eb
1012 3415 1071 3469 eo,
1096 3393 1256 3480 quodest
1278 3393 1400 3469 ferre,
1423 3392 1656 3479 praeferre,
1678 3392 1751 3470 fer,
1774 3415 1888 3478 prae·

420 3493 459 3556 ie
469 3514 494 3556 r.
533 3493 662 3560 Potes
695 3498 738 3578 ⁹⁷)
763 3509 896 3562 tantum
922 3497 1061 3562 videtur
1082 3497 1227 3559 minime
1250 3489 1295 3578 ⁹⁸)
1317 3495 1398 3559 huie
1426 3495 1566 3580 regulae
1590 3496 1806 3572 consentire;
1835 3497 1889 3559 sed

461 3781 500 3858 ⁸³)
525 3785 667 3859 sapetelli·
688 3819 725 3834 -
743 3808 877 3864 rapuero
901 3791 969 3845 cod.
997 3789 1036 3862 ⁹⁶)
1058 3788 1197 3862 eoussietp,
1215 3795 1255 3844 aio
1274 3791 1342 3844 cod.
1369 3809 1420 3862 pro
1449 3788 1588 3842 oonllioto.
1616 3791 1654 3860 ι’)
1681 3787 1831 3862 τετμήσθω
1854 3819 1885 3829 -

522 3891 657 3948 ripatorio
684 3879 750 3930 Cod.
778 3899 796 3930 a
819 3898 862 3948 pr.
886 3897 921 3930 m.
952 3879 1001 3930 secl
1021 3898 1055 3930 ex
1071 3897 1122 3930 em.
1146 3896 1307 3950 eupaterio.
1331 3879 1369 3950 ⁹¹)
1392 3886 1464 3930 cette
1481 3907 1518 3918 —-
1543 3884 1603 3928 cele
1626 3879 1692 3930 Cod.
1718 3879 1756 3948 θ’)
1774 3878 1882 3947 penitus

526 3963 593 4015 eod.
620 3965 646 4017 t.
667 3967 684 4019 l.
713 3967 784 4018 aliua
801 3966 938 4037 paenitus.
958 3965 994 4033 ιδ)
1013 3963 1263 4037 eliqua-aliquae
1284 3965 1351 4019 Coei.
1371 3965 1407 4038 ⁹⁵)
1422 3974 1643 4036 ootnponuntur,
1668 3971 1708 4017 sie
1735 3965 1884 4018 codil-

521 4070 570 4120 per
595 4068 631 4106 m.
662 4055 698 4123 ιι)
727 4051 848 4106 teeluniei
873 4084 909 4096 -
936 4050 1076 4106 thoehnioi
1106 4055 1172 4108 eod.
1198 4055 1238 4126 ⁹⁷)
1264 4055 1347 4108 Potes
1372 4083 1408 4096 —
1433 4061 1527 4125 potest
1553 4053 1621 4108 cod.
1655 4049 1694 4124 ⁹⁸)
1719 4052 1833 4106 minime
1855 4081 1888 4096 -

522 4138 651 4190 minimae
673 4139 741 4194 cod.

523 4273 558 4328 de
568 4285 689 4348 tempore
698 4275 978 4350 plusquamperfecto,
995 4279 1121 4334 formatio
1129 4279 1214 4334 futuri
1223 4277 1366 4334 indicativi
1376 4280 1466 4345 activi,
1476 4278 1625 4334 declinatio
1634 4278 1776 4336 indieatiri
1785 4282 1887 4352 passivi

523 4373 552 4416 et
568 4365 678 4418 initiunt
691 4375 901 4437 praeceptorum
921 4365 955 4420 de
969 4367 1052 4420 modo
1062 4368 1232 4439 imperativo.
1252 4365 1323 4420 Folii
1332 4365 1407 4440 quod
1416 4365 1481 4422 olim
1494 4371 1618 4441 proxime
1627 4367 1795 4442 sequebatur
1804 4369 1887 4442 parti-

524 4449 594 4515 cula,
614 4462 729 4524 quatuor
747 4451 876 4507 videlieet
894 4453 1032 4508 secundae
1048 4454 1190 4508 columnae
1208 4456 1315 4528 priores
1334 4453 1438 4518 lineae,
1456 4459 1525 4510 miro
1546 4475 1610 4510 oasn
1628 4467 1750 4510 servatae
1768 4457 1886 4510 suerunt.

525 4537 595 4590 Cum
613 4557 711 4612 nempe
730 4540 826 4594 decem
852 4540 954 4595 abhino
977 4533 1078 4596 seculis
1101 4545 1200 4596 etnim
1223 4545 1321 4614 pagine
1348 4535 1497 4597 atramento
1518 4536 1608 4597 ¹adltuo
1626 4535 1752 4608 madida,
1774 4562 1887 4617 praeoe-

525 4623 602 4680 tlonti
627 4628 695 4682 folio
723 4633 794 4702 (to.)
820 4631 931 4684 incaute
953 4629 1148 4702 adplicat-etur,
1167 4640 1283 4704 quatuor
1306 4629 1356 4683 luae
1383 4629 1472 4684 lineae
1497 4633 1612 4686 inversis
1637 4632 1739 4684 litteris
1756 4631 1787 4683 in
1807 4651 1888 4683 mem-

524 4711 610 4767 brano
637 4735 781 4788 expressae
808 4719 932 4782 luerunt,
959 4735 1074 4790 natuque
1093 4718 1151 4772 Fol.
1174 4725 1215 4778 16.
1234 4736 1258 4772 v.
1280 4717 1332 4771 eol.
1354 4724 1376 4775 l·
1397 4719 1506 4772 initium
1525 4718 1654 4773 obruunt.
1674 4720 1752 4772 liano
1770 4739 1836 4791 ergo
1855 4719 1888 4773 de

523 4801 685 4857 formatione
713 4806 797 4860 futuri
823 4805 967 4862 indicativi
992 4808 1073 4860 activi
1099 4806 1277 4878 particulam,
1300 4825 1354 4878 ope
1381 4805 1488 4878 speculi
1513 4806 1627 4872 leolam,
1652 4805 1699 4862 laio
1718 4805 1887 4862 exhibemus.

460 4891 489 4954 a)
520 4888 627 4942 Folium
656 4893 685 4943 in
717 4911 770 4964 quo
789 4896 932 4966 sequentia
958 4896 1060 4965 scripta
1080 4905 1145 4948 sunt
1170 4913 1245 4947 nunc
1271 4895 1299 4946 in
1319 4893 1435 4958 Codice,
1464 4902 1647 4968 compactoris
1673 4897 1752 4959 vitio,
1770 4899 1887 4967 primum
1958 4959 1965 4970 x

524 4985 575 5028 est.
593 4977 627 5028 lu
645 4980 764 5048 margine
783 4983 921 5052 superiori
939 5002 955 5034 a
972 5001 1053 5036 manu
1071 4984 1150 5038 Saee.
1170 4984 1245 5038 XVl.
1265 4981 1378 5056 legitur:
1398 4981 1501 5038 therii
1520 4982 1604 5038 Probi
1623 4984 1824 5048 Grammatioa,
1844 4987 1887 5038 oui

522 5079 587 5116 roro
613 5063 789 5135 inscriptioni
814 5067 896 5139 plane
914 5087 972 5126 nott
986 5067 1050 5126 ‘east
1075 5069 1215 5126 lidondum
1233 5072 1263 5124 in
1285 5073 1453 5142 praelatione
1471 5070 1652 5127 ostendimus.
1681 5073 1812 5130 Ceterum
1839 5075 1887 5126 eir.

524 5147 559 5202 ad
577 5147 603 5202 lu.
623 5148 642 5204 l.
662 5151 784 5210 Muerob.
804 5173 832 5226 p.
851 5162 912 5218 oto.
932 5176 968 5214 aa.
988 5159 1049 5232 liip.
1068 5161 1095 5232 b)
1115 5160 1168 5214 lite
1186 5157 1322 5216 aruino
1341 5157 1464 5216 videtur:
1483 5167 1611 5234 exeeptis,
1630 5160 1673 5218 vol
1693 5159 1745 5218 telo
1766 5159 1844 5234 quid.
