4032 6070
391 467 491 614 ᾖον
846 532 1403 592 rscsrsnsnruou

394 683 579 768 singularia
604 681 670 745 ln·
693 680 816 748 litteris
838 683 997 748 discretis
1020 683 1296 766 deliniuntur”)‚
1320 695 1357 746 nt
1381 694 1479 768 puta:
1503 680 1553 746 ab
1575 682 1654 746 ltac
1676 683 1864 758 miseria,

394 789 479 852 baec
498 779 540 868 ²³)
563 785 608 848 ad
629 787 696 849 boc
719 785 920 870 exemplum
944 785 1177 850 declinantur:

476 887 625 952 Numeri
646 886 904 972 singularis²³):
929 887 1041 952 llaec
1064 890 1250 966 miseria,
1274 889 1401 952 huius
1425 888 1637 963 miseriae,
1669 887 1768 950 huic
1791 888 1863 949 mi-

393 991 554 1066 seriae,
585 991 695 1056 banc
725 991 960 1067 miseriam,
991 1011 1012 1054 o
1043 991 1236 1066 miseria,
1268 989 1318 1054 ab
1348 992 1423 1054 bac
1447 991 1637 1066 miseria;
1661 1003 1694 1053 et
1716 989 1863 1074 plurali-

393 1105 446 1156 ter
467 1088 525 1174 ’⁶):
556 1095 630 1158 bae
662 1093 876 1169 miseriae,
907 1095 1049 1156 harum
1073 1093 1358 1171 miseriarum,
1383 1094 1446 1157 his
1469 1092 1670 1169 miseriis,
1694 1094 1765 1155 bas
1788 1093 1861 1154 mi-

390 1195 546 1270 serias,
569 1215 590 1257 o
614 1195 829 1270 miseriae,
853 1194 900 1258 ab
924 1195 990 1258 bis
1013 1196 1210 1259 miseriis.

476 1295 535 1360 Sic
550 1290 592 1379 ²⁶)
616 1309 649 1360 et
671 1297 739 1362 alia
760 1299 896 1381 generis
920 1297 1078 1362 leminini
1100 1299 1310 1376 nominer),
1334 1317 1422 1382 qnae
1445 1294 1596 1361 ablativo
1621 1317 1701 1360 casu
1724 1298 1862 1359 numeri

390 1398 575 1484 singularis
599 1400 649 1462 ·Α·
672 1400 787 1464 littera
806 1393 849 1483 ¹⁸)
871 1401 1117 1478 terminantur,
1147 1413 1181 1463 et
1203 1401 1417 1464 nominativo
1441 1420 1522 1463 casu
1545 1400 1682 1462 numeri
1705 1397 1861 1482 singula-

335 1510 338 1523 “
390 1502 437 1566 ris
462 1501 529 1564 ln·
552 1501 694 1578 litteris,
717 1522 790 1566 non
813 1502 880 1566 ln·
898 1502 1029 1584 syllaba
1048 1508 1100 1586 ’7),
1124 1501 1345 1578 deliniuntur,
1368 1503 1413 1566 ad
1433 1502 1633 1588 exemplum
1657 1501 1859 1565 miseriae

388 1623 453 1690 per
474 1623 595 1668 omues
618 1625 716 1669 casus
739 1604 966 1670 declinantur.

280 1739 379 1788 [Μ
474 1709 549 1774 229.
572 1707 675 1770 Nunc
698 1708 734 1770 in
757 1709 820 1770 bac
844 1707 1041 1795 supradicta
1057 1706 1167 1772 torma
1183 1708 1250 1770 boe
1264 1725 1457 1782 monemus,
1479 1704 1598 1790 *qnod
1619 1725 1861 1790 quaecumque

295 1799 365 1852 ²⁰¹¹·
390 1810 534 1872 nomina
563 1810 701 1894 generis
729 1809 861 1872 scilicet
892 1809 1049 1872 feminini
1077 1809 1377 1894 unumquemlibet
1409 1827 1524 1872 casum
1548 1808 1592 1870 ad
1615 1807 1761 1872 formam
1787 1807 1859 1869 mi·

391 1913 533 1976 seriae
556 1913 668 1976 lacere
692 1911 931 1987 inveniuntur,
962 1913 1046 1976 haec
1074 1912 1190 1976 dativo
1214 1925 1248 1976 et
1270 1911 1420 1975 ablativo
1454 1929 1534 1974 casu
1556 1911 1692 1973 numeri
1714 1909 1860 1995 pluralis

389 2026 469 2098 post
491 2014 648 2076 ultimam
672 2027 921 2078 consonantem
944 2035 1007 2100 per
1030 2015 1113 2078 duaa
1137 2014 1174 2078 Ἰ·
1192 2006 1234 2097 ³⁰)
1257 2014 1388 2078 litteras
1405 2007 1448 2096 ³¹)
1471 2010 1679 2076 scribuntur.

471 2117 547 2180 230.
570 2115 660 2180 Sane
683 2117 719 2180 in
743 2119 807 2182 hac
831 2118 1027 2204 supradicta
1049 2117 1161 2180 forma
1178 2109 1220 2198 ’7)
1243 2117 1310 2178 hoc
1325 2134 1516 2190 monemus,
1541 2113 1636 2198 qnod
1658 2115 1727 2178 boc
1748 2133 1857 2177 unum

388 2236 516 2282 nomen
539 2230 688 2304 tautum,
719 2219 756 2284 id
786 2231 852 2297 est,
882 2219 988 2294 alia,
1018 2220 1276 2304 quammaxime
1305 2229 1450 2304 propter
1484 2228 1673 2281 structuras
1695 2217 1858 2300 genetivo

346 2365 354 2376 .
386 2332 417 2383 el
448 2320 564 2385 dativo
595 2341 676 2385 casu
704 2323 840 2384 numeri
872 2322 1056 2406 singularis
1078 2323 1129 2386 sic
1157 2320 1315 2385 anomale
1345 2320 1585 2383 confirmatum
1609 2319 1653 2382 sit
1675 2319 1859 2394 declinari,

385 2423 452 2485 boc
482 2435 550 2499 est,
581 2424 703 2486 huius
735 2423 860 2498 alins,
891 2425 989 2486 huic
1021 2423 1112 2501 alii,
1142 2435 1178 2488 at
1206 2443 1289 2486 vero
1312 2441 1377 2508 per
1398 2433 1531 2486 ceteros
1552 2413 1709 2503 casus³³)
1732 2419 1775 2484 ad
1800 2440 1859 2483 so·

383 2543 468 2586 num
484 2518 527 2606 ’7)
550 2525 755 2588 miseriae
778 2523 901 2588 debeat
923 2527 1099 2590 declinari.

467 2627 541 2690 231.
565 2626 668 2689 Nunc
690 2627 793 2689 etiam
817 2629 885 2690 hoc
908 2647 1106 2704 monemus,
1130 2627 1225 2712 quod
1239 2625 1475 2712 supradictum
1498 2643 1627 2688 nomen
1644 2617 1686 2706 ³⁵)
1709 2635 1858 2708 propter

278 2759 306 2807 v,
326 2773 375 2820 ³97·
385 2738 495 2790 metra
517 2725 553 2789 iu
583 2727 705 2790 iisdem
734 2729 941 2814 supradictis
972 2729 1107 2794 casibus
1130 2743 1164 2794 et
1186 2728 1345 2792 anomale
1377 2740 1411 2792 et
1431 2747 1503 2790 non
1527 2725 1685 2789 anomale
1708 2719 1752 2806 ”)
1775 2745 1857 2812 per-

384 2828 528 2892 missum
551 2829 595 2893 sit
624 2829 801 2896 declinari.
833 2829 903 2896 Sed
924 2833 992 2896 hcc
1014 2851 1161 2906 nomen,
1190 2832 1324 2916 quade
1347 2851 1449 2894 causa
1472 2831 1507 2892 in
1536 2827 1742 2914 supradictis
1766 2827 1857 2890 casi-

383 2929 448 2996 bus
477 2943 623 3016 propter
654 2945 841 2996 structuras
870 2933 921 2996 aio
951 2933 1110 2998 anomale
1139 2936 1379 3000 confirmatum
1411 2935 1454 2996 sit
1483 2929 1722 3019 pronuntiari,
1753 2940 1789 2991 et
1819 2929 1857 2990 in

384 3035 503 3098 metris
533 3033 693 3096 anomale
716 3047 750 3100 et
777 3055 849 3099 non
872 3036 1030 3100 anomale
1052 3037 1259 3122 permissum
1283 3037 1327 3100 sit
1350 3031 1390 3116 ’7)
1414 3034 1599 3110 declinari,
1630 3051 1707 3096 cum
1732 3031 1776 3094 nd
1800 3049 1857 3094 ra·

384 3136 514 3200 tionem
542 3147 733 3200 metrorum
761 3137 817 3202 vel
846 3150 1095 3203 structurarum
1116 3141 1330 3215 venerimus,
1362 3139 1434 3203 illio
1456 3131 1498 3219 ³⁸)
1522 3145 1761 3221 competenter
1785 3145 1856 3196 tra·

384 3235 554 3302 ctabimus
571 3231 625 3321 ’7).

468 3339 726 3404 2321temin
755 3341 820 3404 bac
846 3341 1045 3427 mpradicta
1074 3344 1186 3410 forma
1216 3346 1284 3408 hoc
1308 3361 1503 3417 monemus,
1535 3337 1630 3423 qnod
1652 3339 1721 3400 boc
1741 3355 1852 3399 unum

384 3459 513 3504 nonsen
528 3433 570 3523 ὀ)
594 3455 744 3518 tantum,
768 3443 805 3506 id
828 3456 880 3506 est
896 3436 957 3527 ⁴¹),
981 3445 1090 3523 tilia,
1113 3459 1259 3532 propter
1280 3459 1389 3510 nsetra
1412 3456 1446 3507 et
1468 3453 1656 3506 structuras
1679 3438 1798 3501 dativo
1821 3447 1856 3500 et

383 3542 533 3609 ablativo
557 3564 639 3608 casu
660 3545 797 3608 numeri
819 3545 963 3630 pluralis
986 3550 1036 3612 sic
1059 3549 1218 3614 anomale
1241 3549 1464 3614 constitutum
1489 3545 1533 3607 sit
1546 3537 1589 3625 ἰ)
1611 3539 1793 3613 declinari,
1816 3550 1856 3601 ut

381 3647 448 3710 bis
478 3644 676 3724 filiabus,
709 3646 759 3711 ab
790 3649 856 3710 his
887 3647 1083 3727 filiabus3
1113 3665 1147 3715 at
1174 3671 1257 3716 vero
1284 3672 1349 3737 per
1376 3661 1509 3713 ceteros
1539 3665 1636 3710 casus
1659 3645 1702 3707 ad
1725 3663 1853 3706 sonum

382 3749 583 3812 miseriae
619 3748 743 3814 debeat
772 3749 950 3818 declinari.
981 3753 1084 3818 Nunc
1115 3769 1149 3819 et
1177 3757 1244 3818 boc
1267 3752 1503 3838 supradictum
1535 3767 1680 3822 nonsart,
1711 3764 1781 3829 qua
1811 3744 1857 3806 de

382 3870 485 3916 causa
513 3862 658 3938 propter
679 3846 724 3935 7’)
753 3864 864 3918 metra
893 3856 949 3919 vel
968 3847 1010 3938 ’7)
1039 3868 1227 3920 structuras
1258 3856 1294 3918 in
1332 3853 1538 3942 supradictis
1576 3847 1712 3912 casibus
1740 3847 1793 3910 sic
1811 3837 1859 3929 ⁴⁵)

1541 4037 1852 4058 ...-.-----·-·

426 4155 462 4223 ”)
491 4149 546 4204 ·1a·
555 4187 651 4205 ......
662 4150 830 4208 definiuntur
847 4156 879 4208 B.
900 4156 936 4211 V.
950 4157 986 4210 A.
1005 4189 1041 4199 -
1058 4177 1073 4210 a
1091 4156 1183 4211 littera
1202 4157 1370 4212 definiuntur
1387 4159 1417 4213 P.
1438 4161 1476 4232 ’7)
1493 4155 1561 4210 baec
1579 4157 1611 4210 Β.
1622 4155 1703 4210 V.=
1716 4152 1753 4205 A·
1776 4153 1860 4204 Cete-

490 4259 551 4294 ram
576 4239 620 4294 lsr'e
643 4243 750 4314 aliquid
776 4243 892 4305 eaaicls't,
919 4257 945 4298 et
964 4251 1030 4319 quia
1048 4245 1152 4300 Noster
1170 4253 1198 4300 in
1214 4251 1375 4318 scrutandis
1401 4249 1544 4320 phrasibus
1562 4257 1688 4298 constare
1705 4241 1755 4293 sibi
1773 4241 1860 4300 solet,

488 4329 652 4402 legendam:
670 4325 705 4381 ab
723 4327 774 4382 bac
792 4331 911 4396 miseria,
929 4331 1012 4386 baec
1031 4334 1187 4400 miseria,
1205 4333 1272 4388 baec
1291 4349 1340 4390 etc.
1369 4339 1404 4404 ’7)
1424 4353 1530 4388 numen
1549 4329 1692 4404 singularis
1711 4329 1742 4381 Β.
1762 4328 1799 4380 V.
1820 4355 1862 4368 —

489 4417 524 4471 N.
543 4415 574 4471 S.
593 4419 629 4470 A.
648 4432 736 4475 const.
764 4421 800 4492 ’7)
820 4430 848 4473 et
865 4419 1008 4492 pluraliter
1025 4424 1057 4476 Β.
1077 4453 1113 4466 -
1130 4424 1236 4476 sturnori
1255 4422 1368 4496 pluralis
1389 4424 1425 4477 V.
1445 4436 1530 4476 const.
1555 4451 1591 4462 -
1608 4419 1642 4472 N.
1663 4418 1692 4470 P·
1712 4415 1747 4471 Α.
1768 4427 1862 4467 ‘⁰¹¹⁸‘-

492 4507 528 4579 ¹⁸)
554 4505 603 4561 Sic
628 4508 661 4560 B.
681 4509 717 4564 V.
735 4509 767 4562 P.
787 4540 819 4548 -
839 4507 891 4560 llio
908 4510 939 4562 A
973 4513 1011 4582 ’7)
1037 4511 1144 4582 generis
1170 4512 1295 4564 feminini
1318 4511 1429 4564 nomina
1454 4513 1478 4564 Β
1503 4511 1539 4564 V.
1557 4541 1593 4550 -
1616 4505 1726 4559 nomina
1745 4501 1862 4572 generis

490 4592 616 4647 seminini
633 4594 670 4648 A.
698 4596 734 4666 ¹⁸)
754 4597 794 4647 ·Δ·
812 4593 904 4649 littera
922 4599 954 4650 Β
975 4599 1011 4652 V.
1030 4599 1066 4652 A.
1085 4629 1121 4640 —
1141 4598 1194 4650 4.)-
1212 4597 1315 4654 litteris
1332 4603 1362 4656 1’.
1391 4603 1428 4674 ’7)
1448 4599 1501 4652 ἸΑ·
1520 4593 1675 4668 7177777777·
1696 4593 1731 4647 V·
1752 4623 1789 4631 -
1811 4593 1864 4644 'A'

489 4679 597 4756 syllaba
613 4683 646 4736 P.
667 4683 703 4756 77)
724 4681 755 4734 ·1·
774 4683 853 4739 B.V.
865 4684 895 4738 Ρ.
915 4705 950 4735 =
968 4685 1004 4738 A.
1025 4689 1061 4758 Ἰ)
1080 4684 1186 4740 litteras
1205 4689 1237 4742 Β.
1248 4689 1283 4742 A.
1303 4687 1447 4743 —littera
1466 4688 1502 4743 V.
1521 4685 1684 4758 sphalmata.
1711 4681 1747 4752 ¹')
1767 4679 1864 4731 form

491 4774 524 4828 B.
545 4771 577 4828 V
575 4809 582 4826 .
602 4771 632 4825 Ρ.
652 4803 688 4815 -
706 4788 787 4824 causa
805 4771 843 4826 A.
870 4775 906 4844 ³³)
926 4790 1005 4826 casus
1026 4776 1061 4828 V.
1078 4776 1115 4829 A.
1133 4799 1170 4826 =
1187 4779 1220 4832 Β.
1241 4779 1276 4850 77)
1295 4795 1392 4830 sonum
1412 4778 1450 4832 V·
1464 4777 1501 4831 A.
1521 4805 1555 4816 -
1574 4787 1674 4826 1111777777
1695 4771 1725 4824 Β·
1754 4769 1790 4837 ⁵⁵)
1812 4785 1867 4818 ⁸¹¹·

492 4857 647 4932 pradictum
665 4875 766 4914 namen
783 4860 817 4914 Β
837 4860 874 4915 V.
894 4862 926 4916 Ρ.
945 4892 980 4905 -
994 4859 1062 4916 baec
1080 4863 1239 4938 supradicta
1257 4866 1367 4919 nomina
1384 4865 1421 4919 A.
1450 4866 1487 4934 ³⁶)
1509 4871 1537 4916 et
1554 4879 1610 4914 non
1628 4853 1751 4912 anomale
1772 4855 1811 4908 V.
1823 4855 1870 4908 A.

492 4970 528 4996 =
492 4948 578 5000 -.B
606 4948 641 5016 77)
668 4947 842 5020 pronuntiari
861 4987 938 5006 .....
956 4953 1120 5024 permissura
1138 4954 1176 5008 sit
1194 4956 1225 5008 Β.
1243 4955 1277 5008 V.
1297 4955 1382 5008 ΡΞ
1346 4953 1435 5007 -.A
1465 4947 1579 5022 ”lillis
1597 4949 1629 5001 Β.
1648 4945 1685 5000 A.
1703 4974 1739 4986 -
1758 4940 1799 4993 ibi
1825 4943 1863 4996 V
1860 4983 1868 4994 ·

494 5036 531 5106 77)
558 5033 734 5089 tractabimus
762 5037 797 5094 V.
817 5037 916 5092 Α.-
943 5043 1118 5094 beehaimos
1143 5043 1176 5096 B.
1206 5044 1241 5114 77)
1268 5041 1343 5118 quod
1362 5039 1416 5095 boe
1434 5057 1519 5092 onom
1543 5053 1642 5092 nomen
1663 5035 1698 5090 V.
1711 5032 1807 5088 A=
1768 5031 1869 5086 ’.Β

495 5119 691 5192 suadete.
708 5122 792 5178 V.—
809 5122 840 5178 id
860 5128 990 5182 astsA.
1010 5119 1203 5201 77)ιίιῖ...4
1223 5119 1872 5203 -sicb⁴³)pwpltrV11-·P‘⁰¹“B·

484 5205 744 5280 mmuA
709 5213 1127 5284 -aV.mmB.V=
1143 5221 1181 5274 A.
