4050 6064
607 1106 821 1176 naxlnl
858 1107 1156 1179 vlcruntm

208 1248 1557 1392 connnnuanlumsnounnum

466 1506 543 1578 DE
576 1504 860 1576 FINALIBUS
892 1503 1196 1622 ΜΕῙΒΟΒΙῙΜ
1215 1507 1240 1590 1)
1260 1509 1301 1590 ·).

240 1852 269 1913 l.
302 1847 525 1933 Quamquam
550 1851 578 1932 ²)
608 1850 650 1913 de
682 1848 805 1912 litteris
831 1861 865 1912 et
894 1846 1034 1928 syllabis
1057 1841 1085 1930 ³)
1115 1847 1300 1934 multiplex
1323 1849 1367 1912 sit
1390 1851 1623 1937 copiosusque

156 1962 335 2028 tractatus,
360 1964 474 2014 tamen
498 1951 526 2014 is
546 1945 576 2034 ²¹)
597 1953 706 2036 magis
729 1951 944 2038 appetendus
963 1945 992 2032 ⁵)
1016 1969 1035 2012 a
1057 1949 1228 2034 nobisque
1250 1943 1279 2031 ⁶)
1306 1964 1486 2037 susceptus
1509 1965 1561 2016 est
1578 1956 1637 2035 5),
1753 1981 1756 1990 ¹

155 2053 213 2138 qui
226 2047 256 2137 ⁸)
279 2053 323 2118 ad
345 2053 599 2117 dimensionem
612 2055 642 2136 ⁹)
663 2054 792 2138 pedum
815 2066 1076 2136 metrorumque
1098 2051 1259 2137 perducit
1279 2051 1329 2134 ¹⁰).

237 2158 271 2220 2.
305 2155 416 2238 Igitur
445 2155 582 2218 litterae
605 2168 663 2219 aut
684 2157 722 2238 Ι’)
752 2155 891 2220 vocales
918 2153 1083 2220 dicuntur
1112 2166 1172 2216 aut
1200 2166 1440 2218 consonantes.
1472 2153 1622 2218 Vocales

154 2255 186 2318 V
221 2258 281 2340 ¹²):
313 2257 364 2320 ·A·
395 2257 446 2319 ·E·
478 2258 516 2320 ·1·
547 2256 603 2321 ·0·
640 2257 715 2332 ·U·;
751 2267 981 2322 consonantes
1011 2275 1094 2318 vero
1125 2253 1279 2338 reliquae
1311 2274 1449 2332 omues,
1481 2275 1629 2341 quarum

155 2355 242 2421 aliae
266 2357 492 2422 semivocales
514 2351 570 2441 ¹³),
594 2357 681 2422 aliae
705 2371 830 2422 mutae.
856 2356 1090 2422 semivocales
1114 2368 1194 2419 sunt
1221 2357 1309 2420 VII:
1341 2353 1390 2419 ·F·
1413 2357 1465 2420 ·L·
1489 2357 1549 2422 ·M·
1574 2359 1628 2422 ·N·

156 2458 207 2523 ·R·
233 2458 281 2522 ·S·
306 2459 359 2520 ·X·
386 2452 442 2543 ¹⁴);
475 2473 590 2523 mutae
617 2453 657 2543 ¹⁵)
691 2459 814 2524 Vllll:
844 2461 894 2524 ·B·
927 2458 977 2524 ·C·
1004 2459 1059 2522 ·D·
1084 2455 1139 2522 ·G·
1163 2457 1216 2520 Ἠ·
1240 2458 1293 2520 ·Κ·
1318 2457 1367 2522 ·P·
1391 2458 1448 2543 ·Q·
1472 2459 1535 2525 ·T·.
1560 2459 1630 2524 Sed
1693 2475 1694 2478 ’
1810 2523 1821 2536 ,

151 2581 198 2628 ,ex
220 2559 402 2624 vocalibus
434 2562 522 2626 duae
549 2555 590 2645 ¹⁶)
613 2563 651 2625 ·1·
676 2575 709 2625 et
733 2563 786 2626 ·U·
810 2583 875 2649 pro
900 2558 1171 2626 consonantibus
1194 2550 1383 2637 habentur,
1413 2581 1492 2624 cnm
1515 2561 1570 2626 vel
1589 2562 1629 2645 ¹⁷)

155 2683 274 2727 secum
298 2661 437 2726 iunctae
461 2663 606 2742 luerint,
628 2677 667 2728 ut
689 2665 816 2744 luno,
839 2667 925 2730 vita
944 2659 995 2748 ¹⁸),
1018 2662 1074 2726 vel
1097 2662 1174 2726 aliis
1196 2663 1376 2728 vocalibus
1398 2665 1628 2750 praepositae,

153 2777 191 2827 ut
214 2765 364 2841 lanus,
390 2766 537 2830 Venus
564 2767 615 2850 ¹⁹).
640 2767 717 2832 Hoc
739 2769 844 2832 etiam
867 2768 905 2831 ·1·
929 2765 1078 2853 amplius
1100 2777 1262 2850 praestat,
1287 2765 1382 2850 quod
1403 2767 1441 2830 in
1462 2786 1533 2830 uno
1557 2787 1629 2830 ser·
1741 2753 1745 2760 ¹

152 2886 262 3032 priona
286 2867 378 2930 iuter
400 2868 484 2932 duas
506 2870 781 2954 posita'vocales
803 2873 860 2955 ²⁰),
885 2868 1034 2956 duplicis
1058 2867 1214 2952 iungitur
1234 2865 1314 2930 loco
1332 2868 1394 2949 ²¹),
1417 2880 1456 2931 ut
1474 2865 1627 2943 Troia,

203 2971 272 3034 aia
289 2971 343 3052 ¹²).

209 3229 232 3298 ’)
264 3226 377 3280 Maximi
404 3227 542 3281 Victorini
567 3227 773 3282 Comeutarium
798 3227 952 3282 secundum
978 3228 1021 3280 De
1040 3223 1344 3280 restituendarum
1369 3226 1400 3278 Ρ.
1420 3225 1576 3296 -Incipit
1594 3221 1630 3277 ds

266 3311 395 3368 finalibus
412 3315 535 3368 metrorii
553 3316 586 3368 B.
602 3347 637 3358 -
647 3313 775 3369 llletroril
791 3315 933 3368 Maximini
953 3312 988 3366 da
1006 3315 1111 3385 Longis
1131 3323 1160 3368 st
1177 3311 1309 3367 Brevibus
1330 3314 1366 3368 V.
1376 3337 1413 3364 =
1425 3315 1461 3367 A.
1482 3318 1505 3386 ⁹)
1525 3313 1630 3386 Quam·

266 3417 347 3471 quam
365 3401 397 3452 B.
419 3401 456 3456 V.
475 3402 512 3454 A.
531 3433 567 3443 —
587 3402 752 3475 Quanquam
768 3405 802 3456 P.
828 3407 852 3473 ⁸)
872 3414 900 3458 et
918 3399 1032 3474 syllabis
1050 3403 1084 3455 B.
1103 3403 1140 3455 A.
1160 3403 1191 3454 P.
1211 3433 1246 3442 -
1266 3410 1295 3454 et
1312 3399 1348 3454 de
1366 3399 1481 3472 syllabis
1501 3401 1537 3457 V.
1562 3401 1585 3473 ⁴)
1605 3402 1629 3454 is

265 3489 298 3541 Β.
317 3488 348 3541 Ρ.
368 3517 405 3530 -
420 3469 470 3540 bic¹
486 3490 522 3545 V.
541 3490 577 3544 A.
598 3491 624 3561 ⁵)
645 3487 819 3561 appetendus
837 3491 869 3544 B.
889 3492 966 3543 Ρ.-
978 3487 1152 3561 appetendus
1172 3497 1215 3542 est
1233 3490 1270 3544 V.
1290 3490 1328 3544 A.
1347 3492 1370 3562 ⁸)
1390 3487 1527 3562 uobisque
1545 3491 1577 3544 Β.
1595 3509 1630 3542 ex

265 3586 318 3630 ent.
336 3595 379 3646 pr.
399 3595 435 3630 m.
454 3607 490 3618 -
506 3574 588 3632 uobis
607 3578 655 3650 qui
674 3578 706 3633 V
704 3615 711 3630 ·
728 3579 765 3634 A.
779 3580 811 3631 P.
830 3579 863 3630 B.
879 3597 898 3631 a
915 3597 958 3648 pr.
977 3597 1012 3631 m.
1033 3579 1054 3649 7)
1073 3585 1115 3630 est
1134 3578 1163 3632 V
1164 3615 1170 3628 .
1189 3578 1227 3632 A.
1247 3578 1278 3630 Ρ.
1299 3579 1331 3630 Β.
1352 3581 1465 3650 (puncto
1481 3583 1627 3648 notatum).

265 3663 290 3734 ⁸)
309 3664 357 3735 qni
374 3665 407 3716 B.
426 3665 463 3718 A.
484 3666 520 3720 V.
538 3696 575 3707 -
593 3667 695 3738 quique
713 3668 745 3721 Ρ.
772 3671 794 3736 ⁹)
815 3663 1015 3718 dimensionem
1032 3667 1065 3718 Β.
1084 3667 1117 3720 Ρ.
1135 3695 1171 3708 -
1196 3665 1403 3719 demensiousm
1421 3667 1458 3721 V.
1478 3697 1514 3707 —
1532 3663 1628 3719 deien-

264 3752 372 3803 sionem
389 3752 426 3805 A.
448 3757 483 3822 ¹⁰)
502 3751 632 3823 perducit
649 3756 683 3808 B.
703 3755 735 3809 Ρ.
753 3749 971 3824 -producitur
990 3753 1027 3808 V.
1046 3754 1083 3807 A.
1105 3757 1140 3823 ¹¹)
1157 3753 1245 3823 Igitur
1261 3751 1370 3807 litterae
1388 3763 1435 3806 ant
1452 3753 1484 3808 B.
1505 3754 1629 3809 141³.-

266 3837 389 3892 Littsras
407 3847 498 3892 autam
518 3844 565 3912 (π
581 3843 676 3913 igitur)
695 3843 731 3896 A.
752 3843 787 3915 Ι’)
807 3842 840 3896 V.
859 3841 892 3894 Β.
911 3841 948 3894 Α.
967 3843 1000 3894 Ρ.
1018 3871 1056 3887 -
1072 3849 1104 3896 ut
1122 3843 1168 3909 (ε
1182 3841 1231 3913 V.)
1253 3843 1288 3895 V.
1311 3843 1346 3915 ¹⁸)
1361 3840 1538 3894 semivocales
1554 3843 1627 3896 Β.Ρ.

266 3955 302 3968 —-
320 3936 386 3982 suut
403 3928 580 3984 semivocales
601 3931 636 3985 V.
655 3929 694 3987 A.
725 3931 760 4002 ¹⁴)
779 3925 964 3984 Semivocsles
984 3967 992 3984 .
1012 3968 1021 3983 .
1041 3968 1047 3981 .
1068 3968 1075 3982 .
1095 3929 1140 3982 ·Χ·
1159 3931 1192 3983 Β.
1209 3931 1246 3983 A.
1264 3931 1294 3982 Ρ.
1310 3953 1347 3980 .-.-
1364 3931 1401 3986 V.
1430 3931 1465 4002 ¹⁵)
1484 3939 1575 3982 mutae
1593 3931 1626 3983 Β.

266 4017 297 4069 Ρ.
315 4046 352 4057 -
369 4024 460 4070 multe
479 4026 544 4070 sunt
555 4019 639 4074 V.A.
662 4020 696 4090 ¹⁸)
717 4015 786 4070 dnae
805 4019 841 4074 V.
860 4018 896 4072 A.
915 4041 952 4068 =
969 4019 1003 4070 Β.
1016 4018 1046 4072 Ρ.
1068 4021 1104 4089 ¹⁷)
1124 4035 1185 4070 cnm
1203 4015 1247 4070 rel
1265 4020 1342 4071 B.-
1358 4035 1440 4090 aquom
1459 4019 1498 4087 (st
1515 4021 1554 4070 sie
1567 4037 1628 4072 sae-

263 4107 326 4173 pias
343 4122 394 4173 pro
414 4109 487 4175 cum)
506 4103 550 4158 vel
568 4107 600 4160 Ρ.
619 4104 716 4162 -vel
735 4123 797 4158 cum
816 4106 853 4161 V.
872 4137 908 4148 -
928 4123 990 4158 cum
1009 4103 1125 4178 (mal)
1143 4105 1181 4159 A.
1203 4105 1301 4176 ¹⁸)vita
1316 4107 1348 4158 Β.
1369 4107 1399 4160 Ρ.
1419 4135 1453 4152 -
1472 4113 1501 4159 at
1518 4107 1573 4161 rita
1588 4107 1626 4161 V.

263 4193 301 4246 A.
329 4195 363 4260 ¹⁹)
383 4191 477 4246 Vanus
495 4195 528 4246 Β.
546 4195 580 4247 Ρ.
598 4205 635 4237 -Ι
653 4202 682 4247 st
699 4194 793 4248 Venus
812 4194 850 4249 V.
869 4194 905 4246 A.
933 4196 969 4264 ²⁰)
993 4193 1087 4264 posits
1112 4190 1221 4246 vocales
1244 4194 1276 4245 Β.
1298 4193 1328 4246 Ρ.
1347 4223 1383 4235 -
1409 4191 1520 4248 vocales
1537 4193 1628 4266 posita

267 4279 303 4333 V.
321 4279 359 4331 A.
381 4283 416 4349 ”)
436 4281 558 4350 fungitur
575 4279 640 4336 loeo
658 4282 691 4335 Β.
710 4313 745 4324 -
763 4279 827 4335 loco
845 4281 971 4352 fungitur
989 4281 1025 4338 V.
1044 4281 1081 4334 A.
1100 4283 1131 4334 Ρ.
1152 4282 1188 4353 ¹¹)
1206 4279 1279 4334 nai·
1298 4283 1331 4336 B.
1350 4283 1381 4334 Ρ.
1401 4313 1436 4326 -
1454 4281 1527 4353 graia
1546 4283 1629 4338 V.-

265 4365 324 4435 gaia
342 4365 379 4420 A.

210 4473 243 4546 a)
271 4471 505 4538 praefatiuncula,
524 4490 605 4546 quam
622 4469 707 4527 babet
724 4472 872 4528 Putschius
891 4475 919 4526 iu
938 4475 1026 4529 Scrvii
1045 4481 1163 4530 tractatu
1183 4472 1218 4526 ‹ls
1237 4471 1341 4527 ultimis
1360 4471 1484 4544 syllabis,
1503 4481 1531 4526 at
1548 4473 1627 4543 iguo-

268 4570 310 4615 rat
327 4559 358 4611 A.
378 4559 410 4613 P.
430 4567 458 4612 st
475 4561 527 4625 V.,
547 4563 647 4614 omissa
667 4559 842 4614 dedicatione
860 4563 890 4613 iu
908 4563 937 4615 B.
960 4561 1017 4615 Fol.
1037 4567 1082 4621 47.
1102 4581 1127 4616 v.
1148 4560 1201 4614 col.
1220 4567 1248 4617 2.
1265 4560 1441 4612 emaculatius
1454 4559 1556 4629 legitur
1572 4561 1626 4612 sic:

265 4648 323 4710 „In
342 4648 466 4701 omnibus
482 4654 615 4702 orationis
631 4651 756 4722 partibus
773 4651 898 4720 &Hebae
915 4654 1021 4720 pristas
1039 4652 1081 4702 vel
1105 4649 1211 4703 mediae
1228 4653 1323 4721 quales
1341 4652 1411 4710 siut,
1436 4649 1565 4717 esentpiis
1572 4649 1627 4716 fia·

229 4749 234 4759 ·
266 4737 345 4788 citius
363 4737 466 4804 (fissile
485 4734 570 4810 eod.)
589 4750 645 4800 est,
663 4756 748 4810 quam
766 4749 826 4790 arte
844 4739 987 4808 colligam
1013 4756 1100 4810 qnare
1117 4755 1167 4789 nos
1185 4737 1219 4789 de
1237 4738 1338 4789 mamis
1356 4735 1538 4806 disputemus,
1565 4739 1627 4806 qui·

267 4825 314 4876 iuss
332 4836 447 4894 poetae,
474 4827 537 4878 iicet
554 4845 635 4896 saepe
654 4829 696 4879 vel
720 4828 831 4880 lieentia
851 4827 1002 4896 (licentium
1022 4823 1094 4878 cod.
1114 4824 1154 4898 τᾷ
1171 4843 1197 4876 m
1215 4824 1382 4895 expuncto),
1408 4825 1451 4875 vei
1469 4827 1628 4875 suecessitate
1672 4875 1674 4882 Α

268 4911 467 4980 (necessitatem
491 4909 563 4966 Cod.
591 4912 630 4985 τῷ
654 4933 681 4967 m
707 4914 806 4967 iterum
830 4918 979 4984 expuucto)
1006 4918 1084 4968 metri
1102 4912 1287 4982 indifferenter
1306 4923 1436 4974 utantur,
1461 4923 1628 4964 nontamen

267 4999 368 5052 idcireo
385 5003 506 5071 qualiter
521 5019 552 5054 ss
569 4997 733 5056 sa'aarattser
749 5001 886 5064 babeant,
913 5003 1084 5055 nesciendum
1104 5014 1151 5055 est.
1171 5002 1248 5072 Ergo
1266 5019 1285 5053 a
1303 5003 1411 5052 nomine
1428 5017 1567 5052 sssnsamns
1581 5017 1628 5050 ea·

268 5087 376 5142 ordiam
394 5100 545 5143 mactantes
560 5095 666 5163 parites·
684 5092 717 5145 de
735 5093 828 5148 latinis
846 5103 872 5145 et
889 5091 931 5146 itis
947 5096 1070 5164 graecis,
1090 5109 1163 5162 qnae
1180 5093 1209 5142 in
1228 5101 1349 5143 nostram
1368 5093 1520 5143 orationem
1539 5087 1629 5142 viden·

186 5243 190 5249 Ι
269 5186 315 5229 tssr
331 5193 410 5246 posse
428 5181 606 5248 nausserri.“
1380 5184 1383 5192 ⁴

1320 5264 1390 5332 30*
