4050 6064
837 939 1062 1012 racnnnr
1092 939 1434 1012 cnannarrcr

399 1123 919 1219 mutilum
947 1134 1055 1220 mi
1079 1133 1804 1226 Primosmonmns
1822 1137 1870 1222 ⁸).

716 1471 746 1534 E
771 1469 902 1538 Codice
929 1469 1014 1558 neg.
1037 1469 1204 1538 Biblioth.
1228 1471 1334 1538 Paris.
1362 1472 1547 1540 Notene.

496 1693 719 1764 Praepoeitionee
736 1692 862 1750 locorum
880 1705 1008 1769 quattuor
1025 1695 1106 1770 vulgo
1126 1704 1281 1752 servantur:
1308 1715 1361 1761 ex,
1380 1699 1429 1762 in,
1447 1694 1505 1762 ad,
1524 1694 1571 1750 nb.
1592 1697 1671 1750 Duae
1687 1698 1790 1771 primae
1807 1715 1865 1773 qno

398 1780 453 1832 itur
472 1788 500 1834 et
517 1780 592 1834 unde
618 1783 707 1836 exitur
725 1783 898 1854 significant,
923 1793 966 1838 ut:
985 1784 1022 1837 in
1041 1803 1159 1838 arcem
1179 1795 1263 1840 etex
1281 1803 1372 1854 arce3
1398 1785 1468 1838 duae
1486 1793 1635 1858 requenter
1653 1804 1707 1859 qao
1725 1783 1867 1846 aditnent

398 1864 472 1921 unde
491 1865 596 1932 abitur,
616 1877 660 1922 nt:
680 1868 720 1922 ad
738 1869 961 1925 simulacrum
981 1881 1009 1925 ct
1026 1874 1065 1928 ab
1085 1872 1293 1930 rimulacro.

496 1956 614 2028 Antiqui
631 1958 660 2010 iu
680 1956 787 2012 daabua
812 1957 1065 2032 praepoaitionibna
1084 1978 1122 2014 ex
1141 1971 1168 2014 et
1187 1959 1227 2014 ab
1246 1969 1393 2033 requenter
1419 1957 1566 2014 demebant
1583 1957 1704 2024 litterae,
1727 1961 1864 2034 tiprcxi·

396 2059 470 2096 muna
487 2041 601 2098 verbum
618 2045 810 2102 aemirocalern
828 2047 943 2120 primam
961 2059 1009 2102 aut
1024 2055 1127 2100 mutam
1142 2052 1162 2120 ¹)
1180 2047 1337 2102 habiturum
1356 2057 1414 2104 erat
1429 2038 1469 2112 1’),
1492 2060 1539 2101 ut:
1567 2046 1739 2103 eGalliae
1758 2049 1866 2118 locie3
1948 2079 1958 2090 ·

397 2129 524 2200 quoniam
544 2149 582 2184 ex
598 2133 690 2186 minue
707 2132 794 2189 levem
814 2138 1042 2208 compositionem
1061 2135 1135 2189 lacit.
1154 2136 1216 2188 lloc
1230 2131 1402 2188 contaetudc
1421 2153 1477 2186 non
1494 2144 1650 2202 conservam
1670 2134 1866 2190 diciturenim

397 2234 435 2269 ex
454 2217 577 2273 Gallia.
601 2219 676 2274 illud
694 2239 847 2288 terremur,
872 2225 896 2277 ei
915 2221 1022 2278 rcculee
1041 2232 1196 2296 sequamur
1212 2231 1244 2276 ut
1260 2239 1461 2295 praeponamne
1478 2228 1501 2293 ')
1529 2223 1572 2275 ·x·
1585 2227 1622 2292 ‘ie
1648 2240 1686 2274 ex
1703 2222 1814 2292 Eryco
1829 2225 1866 2293 ⁸),

397 2321 435 2355 ex
453 2305 609 2379 Olympo.
629 2309 660 2364 Si
679 2311 804 2382 requitur
823 2312 853 2366 ·1·
872 2320 919 2366 aut
938 2311 994 2374 ·U·,
1011 2308 1130 2364 habetur
1148 2311 1216 2364 ratio
1236 2304 1339 2383 duplex
1357 2311 1545 2382 antiquorum
1570 2326 1632 2362 nem
1651 2311 1675 2362 ei
1693 2309 1797 2364 vocalia
1814 2309 1867 2364 ati-

397 2409 449 2464 que
473 2393 647 2464 iungeretur,
673 2395 820 2451 demebaut
847 2399 903 2451 ·x·:
931 2417 946 2450 e
969 2398 1194 2468 Vaticuncli,
1214 2417 1237 2470 ¹e
1255 2395 1389 2454 Iudaea.
1415 2399 1475 2450 llcc
1499 2394 1672 2450 coneuctudc
1690 2415 1747 2449 non
1764 2408 1866 2454 nervat.

397 2478 429 2532 si
448 2497 498 2550 per
516 2499 546 2534 ee
573 2493 683 2547 neunt,
710 2485 770 2538 eine
795 2484 885 2559 aliqua
903 2483 991 2540 vocali
1011 2487 1055 2540 ·x·
1074 2485 1257 2551 adiiciebant,
1280 2496 1327 2540 nt:
1355 2503 1392 2538 ex
1417 2483 1568 2554 illyrico
1586 2485 1630 2557 ⁵),
1657 2501 1695 2536 ex
1714 2481 1866 2540 Umbria.

398 2567 467 2620 item
486 2569 510 2622 ei
530 2569 572 2622 ·Η·
591 2582 820 2644 praeponeretur:
840 2594 877 2628 ex
895 2573 1060 2646 Hymetto
1076 2565 1111 2643 lt.
1136 2575 1197 2628 lloc
1215 2591 1362 2638 certamen,
1381 2582 1409 2626 et
1428 2570 1538 2644 quidem
1557 2573 1581 2626 ei
1600 2583 1753 2644 aequantur
1769 2589 1864 2634 rocee,

397 2653 547 2728 inquibus
575 2669 759 2714 consonanter
786 2663 889 2734 primae
916 2672 997 2726 eunt,
1024 2659 1191 2715 detrahimur
1217 2662 1274 2726 ·B',
1298 2670 1343 2714 ut:
1372 2659 1541 2731 acapna,
1568 2659 1760 2712 aDertcua
1776 2661 1817 2730 ⁸);
1836 2660 1866 2714 in

399 2739 499 2814 quibua
518 2743 628 2798 recalet
647 2756 800 2818 eeqouutur
819 2751 857 2803 ·B·
876 2747 1088 2824 praeponimr'ae‚
1106 2759 1153 2804 ut:
1173 2739 1214 2802 alr
1233 2749 1398 2818 Erycinie
1415 2751 1447 2812 ⁷),
1468 2745 1508 2798 ab
1527 2743 1814 2800 Atheniensibue.
1834 2747 1867 2801 Si

398 2829 430 2881 ·l·
450 2839 498 2884 aut
517 2831 561 2886 ·U·
580 2841 720 2906 aequatur,
738 2835 805 2888 item
822 2844 956 2909 ntenpra‚
974 2837 1029 2890 duo
1049 2847 1191 2892 remeatur
1207 2835 1298 2892 modi:
1317 2837 1341 2890 ei
1353 2853 1403 2908 per
1414 2843 1530 2898 retunt,
1548 2842 1593 2886 ut:
1613 2832 1653 2886 eb
1671 2831 1823 2903 illyrico
1834 2835 1866 2908 ⁸),

397 2915 436 2971 ab
456 2915 595 2975 Urbino
609 2924 652 2994 ⁹),
669 2923 695 2976 ei
713 2939 776 2976 cum
794 2921 879 2977 altera
896 2923 1002 2990 vocali,
1020 2927 1150 2980 amittant
1168 2926 1208 2978 tt·
1224 2928 1265 2997 ⁶),
1283 2931 1327 2978 ut:
1347 2941 1362 2975 a
1381 2921 1552 2985 Venaeia,
1571 2938 1585 2973 a
1603 2921 1762 2976 ianitore
1778 2911 1810 2992 s).

433 3163 453 3220 ¹)
468 3171 559 3210 mutam
576 3191 605 3202 -
619 3174 715 3213 mutum
732 3167 792 3216 ead,
808 3172 829 3230 ¹)
844 3181 1026 3232 praeponamne
1043 3195 1070 3206 -
1085 3183 1254 3232 proponantur
1271 3166 1330 3216 Coei.
1348 3167 1367 3228 ³)
1380 3166 1460 3232 Eryce
1475 3189 1505 3201 -
1521 3181 1613 3232 eurycc
1630 3163 1690 3214 Coei.
1705 3161 1726 3228 ι)
1742 3163 1863 3214 Vaticano

438 3268 442 3288 ι
484 3263 512 3272 -
526 3238 647 3288 raticiano
665 3239 725 3290 Cod.
748 3239 769 3304 ⁸)
784 3241 886 3306 illyrico
902 3266 931 3279 —
945 3241 1036 3291 illirico
1053 3244 1112 3293 Coei.
1133 3241 1155 3304 ⁶)
1168 3245 1282 3292 Dertona
1297 3271 1326 3281 -
1341 3239 1443 3290 dortour
1460 3239 1521 3290 Ocri.
1544 3244 1564 3302 ⁷)
1580 3241 1703 3306 Erycinae
1719 3263 1748 3276 —
1763 3240 1863 3288 ericinia

486 3313 545 3363 Ccd.
562 3312 701 3382 ⁸)'lllyricc
716 3341 745 3354 -
760 3316 852 3367 illirico
869 3316 929 3368 Coei.
944 3323 965 3378 ο)
982 3320 1078 3368 Urbica
1093 3345 1123 3358 -
1137 3319 1242 3368 urbieno
1259 3317 1319 3370 Coti.
1470 3371 1475 3388 ,

438 3412 465 3464 a)
486 3406 636 3471 Praeligitur
657 3407 717 3460 huie
737 3409 873 3474 fragmento
896 3411 994 3472 titulae:
1019 3415 1111 3478 Incipit
1130 3391 1172 3461 dra
1192 3411 1270 3462 Probi
1290 3409 1323 3460 aie
1345 3407 1436 3458 ultimis
1459 3406 1580 3470 syllabis,
1602 3423 1677 3472 quem
1693 3405 1725 3456 ad
1741 3404 1863 3458 eatlrolica

485 3481 560 3530 Probi
574 3493 702 3548 epectare‚
717 3486 853 3536 eonandem
868 3487 1019 3554 aubeoriptic
1034 3487 1060 3544 in
1076 3486 1163 3536 eodem
1180 3487 1272 3536 Codice
1287 3485 1346 3533 aetia
1362 3481 1522 3532 demonstrat.
1539 3483 1565 3544 b)
1582 3481 1679 3530 Clariue
1694 3481 1757 3532 haec
1771 3481 1862 3546 legun·

483 3565 526 3605 tnr
546 3559 614 3622 apud
637 3561 759 3609 Scaurum
774 3560 806 3611 de
821 3561 933 3625 orthogr.
950 3567 1009 3612 2262
1029 3565 1064 3622 Ε,
1081 3579 1155 3628 quem
1170 3563 1268 3610 omnino
1284 3559 1316 3610 ad
1331 3558 1380 3608 lroc
1394 3559 1558 3620 fragmentum
1575 3557 1710 3606 contulieae
1725 3575 1776 3606 non
1791 3557 1862 3622 pige·

484 3633 533 3682 bit:
548 3637 636 3690 „Nam
651 3639 675 3684 ri
687 3635 715 3684 id
728 3637 797 3704 quad
809 3641 923 3706 requitur
937 3639 1037 3686 literam
1051 3639 1128 3686 iudet
1140 3641 1247 3706 primam
1261 3633 1434 3684 semivocalem
1448 3643 1494 3682 ant
1507 3643 1602 3682 mutam
1616 3641 1686 3684 etc.“
1706 3639 1731 3694 c)
1747 3633 1787 3681 ¹1·
1803 3649 1862 3698 enp-

484 3709 605 3773 pleaimue
621 3727 634 3757 a
649 3726 701 3774 aeq.
718 3727 771 3760 roc.
786 3712 888 3760 turritan
904 3713 1053 3778 abecrptum.
1069 3711 1097 3776 d>
1112 3717 1175 3762 Item
1189 3740 1218 3750 -
1232 3715 1358 3775 Hymetto.
1375 3711 1412 3756 Ita
1428 3707 1519 3757 collata
1536 3709 1630 3758 Scauro
1645 3711 1703 3758 anci
1720 3710 1745 3756 P.
1761 3723 1862 3772 expres-

484 3785 559 3834 eiauue
575 3785 598 3835 h.
614 3783 644 3845 1.,
660 3785 704 3851 qul
719 3785 745 3834 in
760 3786 907 3850 epagraphc
924 3787 1023 3836 Codicir
1037 3785 1130 3851 legitur
1145 3787 1192 3835 eice
1209 3790 1267 3835 item
1281 3789 1305 3833 aa*
1313 3803 1334 3850 y
1342 3792 1562 3852 praeponeretur.
1577 3800 1599 3832 :a
1615 3819 1621 3832 .
1636 3821 1642 3832 .
1658 3820 1664 3830 .
1680 3803 1702 3842 .‚·
1718 3783 1744 3832 in
1758 3784 1862 3849 reliquia

485 3855 655 3943 n'nnypapttlt
679 3871 768 3921 ductae
791 3871 892 3921 Codicir
913 3873 995 3922 obiter
1015 3883 1110 3921 tantum
1130 3870 1238 3919 imitetur
1252 3870 1358 3920 ridetur.
1381 3867 1463 3918 Poaaie
1479 3869 1564 3928 etiam,
1586 3885 1637 3917 uon
1652 3877 1745 3917 mutato
1761 3885 1779 3936 y
1793 3870 1819 3918 io
1834 3869 1862 3928 ir,

484 3950 581 3997 ratione
601 3947 685 3998 habita
706 3945 901 4012 orthographiae
920 3949 972 3998 aeri
995 3947 1094 3998 Codicir
1110 3947 1203 4004 acen-i,
1224 3946 1322 4010 legere:
1343 3948 1400 3994 item
1416 3947 1439 3991 si
1447 3961 1468 4008 y
1481 3955 1698 4012 praeponeretur:
1714 3960 1748 3994 ex
1758 3957 1861 4007 ymetto.

485 4031 510 4086 e)
525 4021 716 4088 Supplerimua:
732 4025 774 4071 'Bt
787 4025 823 4086 J)
844 4025 914 4085 Quae
934 4041 1003 4073 nunc
1017 4034 1157 4090 aequantur
1172 4035 1228 4072 cunr
1243 4019 1452 4086 praecedentibua
1472 4018 1641 4084 unoquidem
1657 4030 1743 4068 tenore
1758 4020 1862 4084 amiptea

485 4116 559 4148 naeu
579 4110 661 4148 tamen
681 4099 711 4148 iia
731 4099 830 4148 minime
853 4101 1018 4162 congruentia
1038 4109 1063 4150 et
1077 4097 1148 4149 ralde
1170 4107 1290 4161 corrupta
1308 4093 1460 4144 felicioribua
1480 4093 1633 4144 emendanda
1648 4093 1689 4142 laio
1705 4093 1860 4144 exhiberent:

485 4179 553 4231 „Eat
575 4179 639 4224 enim
659 4191 726 4224 nnnc
740 4180 826 4239 'genae
847 4175 975 4226 dilatandi
995 4176 1070 4223 veria
1077 4209 1087 4231 ,
1109 4193 1174 4242 qnae
1196 4178 1247 4224 ·1o·
1264 4174 1351 4222 litteris
1358 4169 1490 4238 finitentar
1504 4167 1536 4216 de
1550 4185 1598 4236 qno
1614 4169 1713 4218 ainerti
1728 4171 1786 4231 (ric)
1793 4171 1862 4232 sueti

485 4251 543 4308 (eie)
558 4253 743 4314 grammatic..
767 4249 824 4310 (alc)
840 4251 904 4298 iiber
924 4249 960 4298 ad
972 4252 1090 4299 Atiniam
1109 4251 1247 4298 Pollionem
1262 4249 1374 4307 (binum
1390 4243 1531 4294 Pollicnurn
1547 4244 1620 4304 cni.)
1642 4249 1734 4293 rectius
1750 4245 1803 4294 dici
1816 4263 1861 4294 ce·

486 4327 619 4383 niciam,
636 4325 818 4382 audiebam,
834 4325 1016 4382 aailieiam,
1033 4325 1208 4380 leniciam,
1225 4323 1422 4378 molliebam,
1438 4311 1513 4388 qnarrl
1529 4318 1685 4378 venibam,
1701 4321 1861 4378 audiliana,

485 4401 647 4462 callidam,
663 4402 816 4458 tentiam,
832 4401 1001 4450 moliibam.
1015 4403 1131 4468 Namque
1146 4401 1234 4447 renio
1247 4402 1332 4466 primu
1346 4409 1464 4465 correpta
1480 4396 1661 4452 veniebam,
1677 4403 1860 4462 ruranrprima

486 4487 605 4540 correpta
620 4477 770 4526 venedam
787 4477 858 4538 (ric),
874 4493 925 4526 uon
942 4478 1126 4534 veniebam
1143 4475 1257 4532 audio,
1274 4474 1464 4532 audiebam
1481 4473 1601 4529 audeo,
1618 4470 1782 4522 audebam.
