4036 6068
34 599 36 646 l

561 515 1118 573 ruocraasuruou.
1507 521 1576 589 373

192 664 262 730 688.
287 663 374 728 ltem
396 663 440 726 de
463 664 504 726 iu
527 663 785 748 praepositione
808 666 876 730 boc
898 682 1100 738 monemus,
1129 665 1244 749 quod,
1274 665 1415 750 quando
1441 666 1573 750 aliquid

124 767 242 851 penitus
264 765 431 842 elicitur,
454 777 489 828 et
511 767 551 828 iu
573 767 788 851 praepositio
802 759 846 849 ²⁵)
867 767 1069 852 opponitur,
1091 770 1288 833 accusativo
1311 769 1407 833 casui
1430 788 1574 852 respou-

126 870 263 944 deamus,
295 881 334 932 ut
361 881 462 954 puta:
493 868 581 951 figo
613 868 652 930 in
679 869 906 953 parietem,
934 871 1003 960 boc
1025 882 1092 947 est,
1115 870 1255 954 longius
1277 870 1333 934 vel
1355 870 1572 934 intrinsecus.

126 971 157 1032 lt
181 990 260 1033 vero
290 969 431 1054 quaudo
462 969 596 1054 aliquid
625 968 748 1035 leviter
768 963 811 1052 ⁸⁶)
838 971 895 1036 vel
922 971 1037 1034 medie
1057 973 1100 1053 '⁷)
1124 973 1276 1056 geritur,
1305 970 1455 1036 ablativo
1479 973 1574 1034 casui

126 1071 316 1156 respondere
335 1069 539 1134 debebimus
559 1065 612 1153 ¹⁸),
635 1085 795 1158 utputa:
819 1073 985 1158 plagam
1007 1073 1049 1136 iu
1070 1087 1248 1159 pectore
1270 1087 1497 1160 acceperat
1513 1078 1575 1157 ²⁹),

126 1175 227 1259 utique
250 1193 330 1236 eum
346 1168 390 1256 ὐ)
413 1173 600 1258 significat,
624 1175 685 1258 qui
707 1175 820 1238 adhuc
842 1175 928 1238 vivit
943 1168 995 1258 ³¹).

192 1277 244 1338 De
274 1273 592 1361 praepositionibus
621 1277 802 1364 utriusque
831 1297 949 1355 casus,
977 1291 1146 1362 quantum
1175 1277 1264 1341 ratio
1291 1277 1474 1363 poscebat,
1506 1291 1575 1342 tra-

127 1395 286 1444 ctavimus.
1440 1423 1443 1432 .

196 1481 266 1548 689.
291 1478 653 1568 Praepositioues
676 1498 852 1546 numero
867 1474 910 1565 ³')
934 1473 1078 1565 sex³³),
1094 1502 1198 1566 quae
1219 1473 1481 1568 loquillis³⁶)
1503 1485 1577 1546 tri-

128 1580 236 1646 butae
266 1595 381 1646 sunt:
414 1601 511 1661 con,
543 1583 606 1660 di,
636 1583 719 1660 dis,
748 1605 808 1659 re,
837 1606 899 1663 se,
929 1604 1011 1659 am,
1040 1596 1079 1648 ut
1100 1597 1199 1670 puta:
1231 1585 1501 1668 congredior
1522 1586 1576 1648 vel

129 1684 373 1760 conducens,
406 1684 564 1748 diduco
594 1684 650 1748 vcl
678 1685 896 1762 dividens,
927 1686 1125 1750 distraho
1155 1688 1211 1750 vel
1237 1687 1487 1763 discedens,
1518 1707 1578 1750 re-

128 1786 203 1850 lero
224 1787 278 1851 vel
303 1787 530 1864 reduceus,
555 1789 711 1852 secedo
733 1789 790 1853 vel
812 1807 1036 1874 separans,
1067 1787 1241 1852 ambulo
1262 1789 1316 1852 vel
1339 1787 1578 1852 ambulans.

197 1889 252 1952 Sic
275 1903 311 1952 et
333 1889 410 1952 aliis
431 1889 588 1975 partibus
616 1890 784 1954 orationis
805 1892 870 1954 bae
893 1891 1112 1977 supradictae
1141 1911 1203 1954 sex
1225 1891 1502 1977 praepositiones
1525 1911 1580 1953 re-

130 1991 292 2075 periuntur
314 1992 488 2056 deservire
505 1985 558 2075 ³⁵).

198 2094 267 2162 690.
293 2093 386 2158 Saue
408 2107 490 2158 sunt
518 2095 796 2181 praepositiones
818 2085 879 2176 ³⁶),
903 2114 992 2180 qnae
1014 2105 1049 2156 et
1070 2092 1215 2156 aliarum
1238 2095 1389 2180 partium
1413 2093 1581 2157 orationis

130 2194 258 2258 habeant
289 2195 577 2278 significationes,
611 2209 645 2260 et
673 2198 751 2261 ideo
783 2196 919 2260 easdem
953 2209 987 2260 et
1018 2196 1206 2259 earundem
1235 2191 1279 2280 ³5)
1312 2197 1581 2280 significationes
1592 2185 1620 2234 V·
1636 2187 1687 2246 ²⁷⁵·

131 2297 320 2372 subicimus,
359 2299 427 2360 boc
462 2311 532 2373 est,
568 2311 608 2362 ut
637 2299 862 2362 dinoscantur
886 2293 926 2378 ³⁸)
961 2299 1101 2382 quando
1136 2299 1206 2361 sint
1235 2300 1512 2384 praepositiones
1548 2308 1582 2360 et

132 2399 253 2482 quando
276 2398 422 2462 aliarum
444 2401 596 2485 partium
621 2401 789 2465 orationis
805 2394 848 2482 ³⁹)
871 2399 1021 2464 babeant
1043 2401 1333 2483 significationes,
1355 2413 1518 2484 utputa:

200 2503 269 2568 691.
299 2501 410 2564 Ante
440 2502 612 2584 siguificat
634 2515 669 2564 et
688 2493 733 2586 ὀ)
763 2500 966 2566 adverbium
989 2503 1174 2588 temporis,
1204 2515 1243 2566 ut
1263 2514 1349 2587 puta
1367 2493 1411 2582 Ἰ)
1433 2500 1526 2585 apud
1540 2498 1589 2579 ⁴²)

133 2602 308 2686 Vergilium
337 2639 383 2655 -
402 2603 512 2666 Ante
539 2603 660 2668 leves
691 2624 793 2687 ergo
822 2617 1058 2690 pascentur
1079 2603 1121 2666 in
1150 2605 1326 2667 aethere
1349 2603 1471 2667 cervi
1492 2604 1524 2684 ·)
1543 2637 1586 2650 --

134 2703 199 2768 item
219 2705 310 2790 apud
334 2704 522 2770 Salustium
545 2742 588 2754 -
609 2705 829 2770 Antonius
846 2701 890 2789 ⁴³)
914 2706 1064 2791 paucis
1086 2718 1182 2769 ante
1207 2704 1422 2786 diebus⁵).

200 2808 434 2872 Adversum
455 2807 675 2892 siguificatet
692 2808 915 2895 participium
930 2798 974 2890 ⁴⁴)
992 2821 1031 2871 nt
1058 2821 1161 2894 puta:
1184 2807 1411 2872 adversum
1434 2805 1587 2870 vulnus

136 2911 293 2993 accepit.

202 3011 379 3076 Circum
402 3011 573 3096 significat
596 3024 630 3077 et
651 3031 781 3076 nomen
803 3011 873 3076 loci
895 3011 956 3076 ubi
978 3012 1053 3076 ludi
1077 3011 1260 3076 Circenses
1273 3003 1316 3093 ⁴⁵)
1339 3020 1498 3094 aguntur.

203 3112 365 3178 Contra
394 3115 566 3198 significat
596 3125 630 3176 et
656 3107 698 3195 ⁴⁰)
729 3115 932 3178 adverbium
960 3127 999 3179 ut
1029 3126 1114 3199 puta
1134 3104 1180 3195 ⁴⁷)
1208 3113 1301 3199 apud
1320 3106 1365 3197 ⁴⁸)
1387 3111 1584 3196 Vergilium

136 3214 253 3278 -ille
275 3215 350 3279 ubi
373 3237 435 3280 me
459 3228 612 3280 contra
638 3209 811 3298 videt⁴⁹l
830 3220 873 3298 ⁶).

202 3317 281 3380 Per
303 3317 475 3400 significat
497 3331 532 3382 et
553 3317 775 3393 adverbium,
798 3331 838 3382 nt
859 3329 960 3402 puta:
983 3317 1267 3403 perdisertns.

203 3418 374 3492 Praeter
404 3421 576 3504 significat
606 3433 640 3484 et
661 3412 704 3500 ⁵⁰)
734 3419 956 3493 adverbium,
984 3431 1129 3504 utputa
1151 3413 1195 3501 ⁵¹)
1218 3418 1312 3504 apud
1328 3413 1375 3501 ⁵²)
1395 3416 1587 3482 Salustium

138 3555 169 3566 -
187 3511 414 3605 praeter⁵³l
435 3543 577 3586 rerum
602 3521 858 3606 capitalium
884 3514 1303 3603 condemnatis⁵³)¹¹).

206 3622 300 3686 Post
323 3624 494 3708 significat
523 3637 557 3688 et
581 3615 621 3705 ⁵⁵)
645 3623 864 3699 adverbium,
892 3635 931 3685 ut
953 3621 1046 3707 apud
1068 3622 1263 3705 Vergilium
1290 3620 1458 3685 -Post
1481 3620 1584 3683 mihi

139 3725 356 3789 consimili
377 3747 517 3812 poena
541 3725 763 3790 commissa
786 3725 975 3808 luetis‘).

172 3949 201 4018 o)
222 3949 391 4020 praepositio
409 3950 443 4004 Β.
463 3949 499 4003 V.
519 3949 550 4004 Ρ.
568 3981 605 3990 -
622 3947 855 4019 praepositionem
874 3949 911 4002 A.
932 3950 968 4018 ¹⁸)
979 3947 1076 4002 leviter
1092 3949 1126 4001 B.
1148 3948 1183 4001 V.
1204 3949 1234 3999 Ρ.
1254 3944 1406 3998 -leniter
1422 3946 1459 4000 A.
1480 3946 1583 4018 ”)me-

224 4035 268 4089 die
293 4038 325 4090 B.
356 4038 392 4092 V.
411 4039 445 4091 P.
462 4067 499 4080 -
516 4035 624 4088 mediae
642 4038 678 4089 A.
706 4039 741 4106 ²⁸)
767 4033 935 4108 respondere
954 4031 1117 4086 debebimus
1136 4036 1168 4087 B.
1189 4065 1223 4076 -
1245 4031 1476 4105 respondebimus
1494 4035 1529 4088 A.
1549 4065 1584 4075 —

224 4122 438 4197 respondeamus
457 4126 494 4180 V.
522 4133 557 4194 ἰ)
578 4131 722 4194 acceperat
739 4125 771 4177 Β.
790 4126 826 4180 V.
845 4125 876 4178 P.
894 4155 931 4166 -
949 4131 1077 4194 caeperat
1093 4122 1129 4177 A.
1158 4123 1197 4194 ”)
1225 4137 1286 4172 mos
1303 4123 1337 4175 B.
1355 4151 1392 4163 -
1410 4139 1472 4172 cern
1492 4121 1528 4175 V.
1547 4125 1583 4174 A.

215 4217 260 4282 ”·)
278 4213 327 4285 qui
345 4210 436 4266 adbuc
454 4213 521 4266 vivit
538 4213 571 4266 Β.
591 4241 628 4256 -
646 4213 693 4284 qui
711 4209 803 4266 adbuc
819 4213 892 4267 vivat
911 4213 947 4268 V.
966 4213 1002 4266 A.
1021 4242 1058 4252 -
1075 4207 1151 4282 quod
1169 4207 1259 4261 adbuc
1276 4210 1350 4263 vivat
1367 4211 1398 4263 Ρ.
1419 4208 1458 4282 ³²)
1471 4227 1585 4264 nurnero

227 4303 261 4354 V.
279 4304 317 4355 A.
335 4325 373 4350 =
388 4303 421 4354 B.
441 4301 480 4373 ¹⁸)
495 4305 548 4352 'aon
566 4303 603 4354 A.
622 4331 658 4342 —·
676 4301 714 4354 Vl
734 4302 770 4356 V.
789 4331 825 4344 -
843 4310 874 4355 ιιι
890 4303 923 4355 Β.
944 4301 979 4371 ”)
997 4296 1121 4372 loqnillis
1139 4301 1172 4351 B.
1191 4329 1229 4340 -
1244 4293 1373 4369 loquellis
1394 4297 1475 4352 V.A.
1496 4301 1532 4368 ¹⁵)
1546 4316 1586 4351 re·

223 4391 365 4460 periuntur
391 4387 528 4442 deservire
557 4390 589 4443 Β.
619 4390 656 4444 V.
684 4390 718 4443 Ρ.
742 4411 779 4440 =
801 4390 838 4445 A.
866 4391 902 4458 ³⁶)
927 4404 993 4441 sane
1012 4396 1078 4440 sunt
1102 4387 1323 4458 praepositiones
1341 4386 1373 4438 B.
1395 4385 1430 4438 V.
1445 4385 1477 4437 P.
1495 4406 1532 4432 =
1549 4385 1585 4436 A.

225 4480 261 4549 ¹2)
287 4475 436 4530 eorundem
462 4478 496 4531 B.
524 4509 561 4522 -
586 4474 742 4528 earumdem
768 4479 805 4533 V.
824 4478 860 4530 A.
888 4478 925 4544 ¹¹)
951 4475 1131 4528 dinoscantur
1148 4475 1181 4526 Β.
1203 4473 1239 4528 V.
1258 4475 1289 4525 P.
1309 4504 1345 4516 -
1372 4469 1531 4523 dinoscatur
1550 4472 1584 4520 A.

226 4567 260 4634 ἰ)
279 4566 413 4618 orationis
434 4567 469 4620 V.
489 4567 571 4617 A.-
589 4565 728 4618 o'raliones
746 4566 779 4617 Β.
801 4567 837 4632 ⁴⁸)
856 4571 885 4615 et
902 4565 934 4616 B.
956 4563 991 4616 V.
1010 4585 1047 4612 =
1064 4562 1099 4620 A.
1119 4562 1159 4633 ⁴¹)
1177 4569 1243 4631 puls
1262 4561 1297 4614 A.
1317 4560 1393 4611 =B.
1407 4559 1443 4611 V.
1463 4553 1585 4625 ⁴⁸)sputl

225 4653 259 4706 V.
278 4655 314 4706 A.
332 4681 370 4696 ·-
386 4661 454 4724 aput
470 4655 503 4706 Β.
523 4657 563 4707 ita
581 4667 607 4707 et
625 4658 711 4721 insre.
731 4653 766 4721 ἰ)
785 4651 921 4704 anmatos
941 4651 976 4704 V.
997 4652 1034 4706 A.
1053 4673 1090 4699 .-.·
1108 4651 1139 4701 Β.
1160 4651 1198 4718 “)
1216 4657 1245 4700 et
1262 4644 1439 4715 participium
1457 4643 1489 4696 Β.
1501 4643 1536 4694 V.
1554 4643 1583 4694 Ρ.

225 4769 260 4784 -
282 4738 443 4794 adverbium
468 4744 504 4795 A.
524 4741 573 4814 (=
591 4746 639 4807 ct).
668 4743 704 4806 ⁴⁵)
730 4739 866 4792 circenses
887 4739 922 4792 V.
942 4741 979 4793 A.
998 4769 1032 4778 -
1052 4753 1195 4786 cerceuses
1216 4735 1246 4786 Β.
1274 4733 1312 4801 ’“)
1340 4739 1368 4783 et
1386 4730 1422 4784 V.
1442 4729 1477 4781 A.
1495 4751 1533 4778 =
1551 4729 1583 4782 Β.

223 4830 260 4899 ⁴³)
277 4837 344 4900 puta
363 4831 396 4882 B.
415 4851 452 4880 =
471 4831 508 4883 V.
528 4830 565 4884 A.
586 4830 623 4898 ⁴¹>
642 4825 717 4898 apud
736 4829 773 4882 V.
791 4826 827 4879 A.
846 4847 883 4875 =
900 4825 933 4876 Β.
961 4827 998 4892 ⁴⁹)
1023 4833 1118 4876 eontru
1138 4819 1215 4874 videt
1234 4821 1268 4874 V.
1289 4819 1324 4871 A.
1343 4847 1379 4858 ·-
1397 4813 1475 4870 videt
1489 4824 1584 4870 contra

224 4917 255 4972 Β.
274 4919 309 4986 ⁵⁰)
327 4925 357 4970 el
374 4919 406 4970 Β.
427 4919 463 4972 V.
483 4919 514 4970 P.
532 4941 569 4968 =
588 4917 623 4970 A.
645 4920 680 4984 Ἰ)
699 4923 765 4986 puls
786 4915 815 4967 Β.
835 4937 871 4962 =
890 4911 926 4966 V.
946 4912 982 4964 A.
1004 4913 1039 4980 ⁵²)
1059 4907 1132 4979 apud
1154 4910 1234 4962 V.A.
1254 4929 1288 4954 =
1307 4906 1339 4958 Β.
1370 4905 1408 4972 ⁵³)
1426 4913 1534 4978 praeter
1552 4905 1583 4956 Β.

225 5007 258 5058 A.
275 5033 311 5048 ·-
329 5015 439 5078 prestes
459 5007 496 5060 V.
516 5009 551 5074 ⁵⁴)
572 5004 761 5058 condemnetis
780 5004 810 5056 Β.
832 5003 868 5056 V.
887 5028 922 5042 -
942 4995 1140 5052 condemnatus
1160 4997 1195 5050 A.
1216 4997 1252 5060 ⁵⁵)
1272 5003 1301 5046 st
1319 4993 1356 5046 V.
1377 4992 1411 5046 A.
1431 5015 1470 5042 =
1486 4993 1517 5063 B.

173 5095 199 5158 el
225 5093 296 5163 Virg.
316 5091 412 5164 Eclog.
432 5093 454 5148 l.
473 5100 517 5154 60.
538 5096 565 5160 ln)
580 5093 791 5164 Novumlragns.
803 5086 1050 5144 ludousatlustii.
1069 5087 1096 5156 c)
1116 5080 1293 5154 Virg.Eelog.
1307 5080 1369 5132 Vll.
1386 5087 1414 5140 8.
1433 5077 1583 5150 dlsullust.

227 5181 305 5236 Catil.
325 5187 369 5241 36.
389 5185 416 5252 e)
437 5182 512 5252 Virg.
532 5183 598 5234 Aera.
619 5183 640 5234 l.
662 5185 721 5238 136.
