4032 6070
580 437 1136 536 nnocrntsvnrucn
1529 480 1593 552 ω

210 623 357 692 Numeri
379 623 582 710 singularis:
607 626 683 691 hoc
707 643 860 702 cornu,
884 628 1010 692 huius
1035 647 1179 704 cornu,
1212 629 1311 692 huic
1335 647 1483 706 cornu,
1515 629 1596 689 hoc

135 749 278 805 corun,
306 748 330 794 c
361 745 511 802 cornu,
540 726 590 792 ab
620 729 701 792 hoc
731 747 882 805 eornm
913 742 946 794 et
968 729 1165 817 pluraliter:
1195 733 1299 794 haec
1322 749 1503 806 cornua,
1527 731 1596 792 ho-

136 852 213 896 rum
243 843 468 908 cornuum,
498 829 561 894 his
590 829 813 908 cornibus,
844 831 950 896 ltaec
978 851 1160 911 cornua,
1187 853 1208 896 c
1239 853 1424 910 cornua,
1456 829 1508 896 ab
1530 832 1596 894 his

138 931 352 1000 cornibus.

213 1035 273 1100 Sic
296 1046 331 1098 et
352 1033 420 1098 alia
441 1033 579 1118 generis
601 1034 715 1098 neutri
737 1036 882 1100 nomina
897 1026 951 1118 55),
975 1055 1064 1122 quae
1087 1036 1238 1102 ablativo
1263 1057 1345 1100 casu
1366 1036 1503 1099 numeri
1527 1021 1598 1098 sin·

138 1137 261 1222 gularir
293 1135 347 1200 ·U·
376 1136 490 1202 littera
520 1137 769 1215 terminantur,
799 1137 842 1202 ad
870 1139 1070 1226 exemplum
1100 1123 1239 1205 corn‘u
1269 1157 1333 1225 per
1357 1157 1478 1202 omnes
1500 1157 1599 1202 casus
1692 1121 1699 1128 ’

139 1239 361 1304 declinantur.

216 1343 290 1408 tta.
312 1331 472 1404 Nunc'in
486 1341 553 1404 hac
574 1339 696 1418 forma,
720 1361 789 1426 qua
811 1341 963 1409 diximus
986 1344 1122 1428 generis
1143 1343 1259 1408 neutri
1273 1333 1318 1426 ³⁷)
1341 1340 1491 1406 ablativo
1520 1359 1602 1404 casn

140 1443 269 1508 numeri
292 1441 477 1526 singularis
499 1443 643 1506 nomina
666 1443 720 1506 ·U·
743 1443 858 1508 littera
880 1447 1058 1510 terminari
1085 1440 1147 1528 ³⁸),
1177 1447 1244 1508 hoc
1274 1462 1476 1520 monemus,
1507 1441 1602 1527 quod

24 1563 25 1568 ’
141 1567 179 1610 ex
200 1567 241 1610 ea
262 1545 341 1632 plue
374 1564 476 1628 quam
502 1543 664 1608 undecim
691 1537 733 1628 ³⁹)
757 1547 834 1610 soni
850 1538 913 1632 ⁴⁰),
943 1550 1011 1614 hoc
1034 1560 1106 1625 eet,
1125 1546 1204 1633 plue
1227 1564 1330 1632 quam
1353 1545 1515 1610 undecim
1539 1563 1603 1608 no-

141 1650 227 1712 mina
244 1645 288 1732 51)
311 1665 383 1710 non
397 1639 442 1728 ⁴²)
464 1646 599 1731 possint
621 1647 790 1714 exhiberi.

216 1735 272 1814 De
296 1748 408 1813 forma
429 1749 566 1832 generis
588 1741 722 1826 neutri,
748 1767 816 1835 qua
839 1751 993 1818 diximus
1014 1750 1165 1815 ablativo
1189 1767 1270 1814 casu
1292 1750 1429 1813 numeri
1451 1748 1605 1832 singula-

142 1853 184 1915 ric
203 1851 350 1916 nomina
373 1850 427 1912 ·U·
451 1849 565 1914 littera
587 1852 784 1929 terminari,
808 1866 977 1938 quantum
1000 1853 1088 1916 ratio
1110 1849 1288 1938 poscebat,
1312 1851 1534 1914 tractavimus
1552 1842 1604 1932 ⁴³).

220 1955 296 2020 419.
324 1953 387 2015 De
408 1958 572 2034 'genere
602 1955 715 2016 omni
736 1947 788 2039 51).
828 1955 953 2020 Omnis
981 1955 1118 2039 generis
1145 1954 1306 2028 nomina,
1343 1973 1432 2038 quae
1453 1951 1605 2016 ablativo

141 2073 215 2117 caru
233 2054 372 2118 numeri
394 2053 579 2138 singularis
607 2055 661 2118 ·U·
685 2056 801 2120 littera
823 2058 1070 2130 terminantur,
1101 2057 1186 2119 haec
1204 2056 1420 2119 nominativo
1439 2073 1520 2117 casu
1538 2072 1604 2115 nu-

141 2157 221 2220 meri
251 2154 438 2240 singularis
469 2175 538 2220 una
566 2159 632 2222 hac
661 2157 773 2222 forma
803 2158 1016 2223 definiuntur
1039 2169 1171 2221 tantum
1194 2157 1249 2220 ·U·
1273 2170 1307 2221 ct
1329 2157 1373 2221 ad
1395 2159 1464 2220 hoc
1486 2173 1605 2219 exem-

140 2256 232 2341 plum
256 2255 489 2320 declinantur:

219 2357 603 2442 *Numerisingularisz
626 2361 697 2426 hic
720 2371 754 2425 et
776 2362 1027 2426 haecmaicr
1048 2373 1149 2423 natu
1171 2371 1205 2423 et
1226 2351 1305 2424 hoc
1328 2358 1461 2424 maius
1483 2342 1714 2450 natu‚¹³3⁰²f{·f·

143 2459 262 2522 huius
285 2473 320 2525 et
341 2460 466 2524 huius
490 2473 523 2524 et
546 2461 672 2527 huius
695 2464 871 2527 maioris
893 2476 1014 2538 natu,
1047 2463 1149 2544 huic
1172 2473 1207 2525 et
1229 2461 1326 2525 huic
1349 2473 1383 2524 et
1404 2461 1504 2524 huic
1526 2479 1607 2524 ma-

143 2561 225 2626 iori
247 2551 289 2644 ⁴⁵)
317 2574 439 2639 natu,
469 2563 578 2626 huuc
609 2575 643 2628 et
671 2566 779 2628 hanc
808 2566 1011 2630 maiorem
1042 2573 1144 2626 natu
1168 2574 1203 2626 et
1224 2563 1306 2626 hoc
1328 2563 1460 2625 maius
1482 2575 1606 2638 natu,

142 2683 161 2726 c
188 2675 222 2728 et
249 2682 271 2728 ο
301 2664 437 2728 maior
464 2677 569 2728 natu
595 2677 630 2728 et
659 2685 681 2730 o
712 2667 851 2730 maius
879 2679 995 2742 natu,
1026 2663 1076 2730 ab
1107 2666 1186 2728 hcc
1209 2676 1243 2728 et
1265 2663 1314 2726 ab
1336 2656 1380 2746 55)
1403 2667 1481 2728 hac
1504 2676 1539 2728 et
1560 2661 1608 2728 ah

141 2765 217 2830 hcc
243 2765 403 2828 maiori
426 2755 471 2849 ⁴⁷)
499 2779 620 2842 natu;
649 2769 786 2832 numeri
816 2767 979 2853 pluralis:
1007 2768 1049 2830 hi
1077 2780 1111 2831 et
1138 2769 1213 2830 hae
1242 2755 1481 2846 maiores⁴⁸)
1510 2775 1609 2828 natu

142 2879 174 2929 et
201 2868 301 2930 haec
328 2861 553 2950 maiora⁴⁹)
586 2881 706 2946 natu,
738 2871 884 2932 horum
915 2883 949 2933 et
978 2873 1127 2932 harum
1158 2881 1193 2932 et
1220 2869 1366 2930 horum
1401 2867 1608 2930 maiorum

142 2980 253 3046 natu,
282 2957 347 3032 hi'a
378 2982 413 3032 et
441 2969 505 3033 his
533 2983 567 3034 et
596 2971 662 3034 hie
692 2971 928 3035 maioribus
955 2983 1073 3046 natu,
1104 2971 1180 3034 hos
1205 2981 1238 3032 et
1268 2971 1341 3031 has
1365 2957 1608 3048 φαῖσι-0355)

141 3082 239 3134 natu
263 3081 297 3134 et
319 3071 421 3136 haec
444 3072 605 3135 maiora
624 3065 667 3152 ⁵¹)
690 3085 811 3146 natu,
835 3084 914 3136 cet
936 3091 956 3134 ο
981 3072 1163 3135 maiores
1181 3064 1224 3152 ⁵²)
1246 3082 1344 3134 natu
1367 3080 1401 3131 et
1424 3060 1505 3150 0⁵³)
1529 3087 1609 3130 ma-

143 3162 288 3255 iora⁵⁴)
311 3185 429 3250 natu,
453 3166 563 3257 ab⁵⁵)
586 3173 649 3236 hic
673 3186 707 3236 et
728 3174 776 3240 ab
799 3176 863 3238 his
887 3187 920 3237 et
942 3173 990 3236 ab
1014 3173 1079 3235 his
1102 3171 1341 3260 maioribus
1362 3182 1474 3234 natu.
1570 3195 1574 3204 ⁴

224 3272 283 3338 Sic
307 3286 342 3336 et
363 3273 430 3337 alia
452 3275 588 3360 generis
611 3276 725 3338 omnis
747 3275 908 3352 uomina,
941 3295 1029 3358 quae
1052 3274 1203 3338 ablativo
1228 3292 1308 3338 casu
1330 3272 1468 3336 numeri
1491 3272 1610 3355 singu·

141 3373 221 3437 iaris
249 3375 304 3438 ·U·
332 3374 447 3438 littera
476 3359 724 3452 terminantur,
755 3377 799 3440 ad
822 3375 1021 3460 exemplum
1053 3376 1234 3440 maioris
1256 3385 1360 3436 natu
1377 3364 1420 3455 ⁵⁶)
1446 3391 1511 3459 per
1532 3391 1609 3436 om-

140 3495 202 3538 nes
216 3466 258 3558 ⁵⁷)
281 3495 380 3540 casus
395 3469 439 3560 55)
462 3477 688 3543 declinantur.
1245 3553 1248 3559 .

226 3579 299 3644 tto.
320 3577 425 3642 Nunc
445 3571 489 3661 59)
512 3578 548 3644 in
573 3582 638 3642 hac
662 3579 772 3643 forma
793 3579 929 3664 generis
952 3579 1086 3655 omnis,
1117 3599 1185 3663 qua
1209 3578 1361 3643 diximus
1383 3565 1427 3658 60)
1455 3573 1607 3639 ablativo

140 3697 223 3741 earu
243 3679 380 3742 numeri
404 3678 588 3764 singularis
610 3684 753 3745 nomina
775 3681 829 3744 ·U·
848 3681 961 3744 littera
984 3680 1179 3756 terminari,
1208 3681 1277 3743 hcc
1295 3698 1487 3753 monemus,
1512 3677 1608 3761 quod

139 3799 185 3841 ex
210 3801 248 3843 ea
270 3800 311 3845 eo
330 3779 447 3866 plures
463 3775 506 3864 5’)
528 3783 620 3859 soni,
645 3785 712 3848 hoc
736 3795 803 3860 est,
827 3804 868 3847 ec
891 3781 1042 3870 plurima
1063 3781 1207 3846 uomina
1228 3773 1292 3864 ⁶²),
1315 3798 1388 3844 non
1409 3771 1450 3860 ⁰³)
1472 3779 1609 3864 Possint

139 3879 300 3946 exhiberi
321 3873 377 3966 555).
454 3881 457 3888 “

182 4087 223 4158 ³⁶)
246 4087 357 4226 :currina
380 4089 419 4227 Ilij
438 4089 529 4247 εἰς
553 4092 594 4228 :gi
619 4093 657 4162 ³⁷)
684 4109 737 4163 qua
765 4090 882 4230 :leiximut
897 4091 1009 4232 uulneri}
1036 4091 1127 4231 rongi
1144 4091 1184 4250 ᾖ.)
1196 4089 1421 4228 Αᾶ-βοιιίτίι
1446 4088 1608 4228 υὲιίῑὶἰίφιι

267 4191 366 4226 tumn!
415 4213 422 4226 .
466 4213 473 4228 .
549 4198 563 4228 a
596 4188 668 4231 atrro
677 4215 755 4234 .....
795 4195 905 4230 rmrnarr
952 4215 960 4230 .
1009 4201 1071 4230 .=
1115 4216 1122 4230 .
1204 4193 1242 4228 un
1265 4193 1334 4227 term
1383 4213 1389 4227 .
1409 4206 1445 4216 —
1549 4206 1609 4226 .-

246 4261 296 4314 xl.
314 4263 347 4316 B.
378 4262 413 4331 ⁴⁰)
432 4263 495 4315 coni
512 4267 537 4318 B
560 4267 596 4320 V.
613 4297 649 4308 -
664 4267 774 4318 nominc
792 4267 828 4320 A.
854 4267 890 4338 ι·)
909 4262 964 4318 hoc
983 4273 1026 4318 ert
1103 4303 1127 4318 ..
1147 4264 1257 4316 nomina
1277 4265 1312 4318 V.
1332 4285 1368 4314 ε
1385 4265 1417 4317 Β.
1438 4265 1473 4317 A.
1494 4262 1533 4336 ⁴²)
1552 4279 1608 4315 uon

244 4350 277 4402 B.
296 4349 333 4402 V.
351 4373 389 4400 =
405 4350 443 4403 A.
461 4351 497 4422 ⁴¹)
515 4353 558 4405 Dc
576 4353 663 4405 t'orrua
675 4389 767 4406 ......
785 4354 959 4406 tractarimua
978 4354 1015 4407 V.
1034 4353 1070 4406 A.
1093 4381 1124 4396 -
1149 4352 1192 4404 De
1211 4352 1398 4424 suprascripte
1415 4351 1502 4404 sonna
1522 4367 1607 4423 quau·

247 4445 303 4488 turn
322 4437 392 4488 ratio
411 4435 546 4507 poscebat
563 4441 737 4493 tractavimus
753 4442 789 4496 B.
808 4443 843 4509 ⁴⁴)
863 4442 906 4494 De
925 4458 1024 4512 genere
1042 4439 1118 4492 omni
1136 4440 1168 4492 B.
1190 4440 1225 4494 V.
1244 4471 1280 4481 -
1298 4440 1342 4490 De
1358 4440 1433 4491 omni
1451 4455 1550 4508 genere
1569 4440 1606 4493 A.

246 4525 281 4592 *5)
306 4523 403 4576 maiori
427 4526 464 4579 V.
489 4528 526 4582 A.
552 4559 587 4568 -
611 4528 698 4580 maior
716 4529 748 4582 B.
777 4529 814 4601 ⁴⁶)
833 4525 867 4580 ab
886 4531 918 4582 B.
940 4531 978 4583 V.
996 4551 1033 4578 =
1050 4528 1086 4581 A.
1111 4527 1147 4596 ‘⁷)
1172 4527 1268 4580 maiori
1287 4527 1319 4578 B.
1339 4555 1374 4567 -
1392 4527 1493 4578 maiore
1513 4525 1549 4580 V.
1568 4525 1605 4578 A.

247 4610 282 4680 ⁴⁸)
301 4611 418 4664 maiorer
437 4615 473 4668 V.
492 4617 529 4670 A.
547 4645 583 4656 -
600 4615 687 4668 maior
705 4616 739 4669 B.
758 4617 797 4687 ⁴⁹)
816 4621 918 4670 maiora
938 4618 974 4670 V.
993 4616 1031 4668 A.
1050 4645 1086 4655 -
1104 4615 1189 4666 maior
1206 4615 1238 4667 B.
1265 4615 1305 4685 ⁵⁰)
1325 4613 1440 4664 rmiorca
1461 4612 1495 4666 V.
1516 4612 1552 4665 A.
1571 4643 1607 4652 -

245 4695 330 4749 maior
348 4697 379 4750 B.
400 4699 436 4768 ⁵¹)
455 4703 556 4754 tuciora
575 4703 611 4770 V.
630 4704 667 4757 A.
687 4733 723 4746 -
741 4705 826 4758 maior
844 4706 875 4756 B.
897 4705 932 4774 5’)
951 4703 1067 4756 maiorer
1088 4704 1123 4756 V.
1143 4703 1179 4754 A.
1198 4731 1234 4742 -·-
1251 4701 1336 4752 maier
1354 4699 1385 4751 B.
1403 4700 1441 4767 ⁵³)
1459 4699 1564 4754 oV.B.
1576 4701 1605 4754 P.

245 4804 281 4830 =
297 4783 335 4837 A.
361 4783 397 4856 ⁵⁴)
416 4786 516 4838 maiora
537 4790 572 4842 V.
593 4791 628 4844 A.
648 4821 683 4832 ·-
701 4791 760 4845 aior
787 4794 850 4862 (rie)
870 4793 901 4844 B.
929 4793 966 4864 55)
986 4787 1020 4840 ab
1038 4791 1073 4842 B.
1086 4789 1121 4842 V.
1136 4790 1164 4842 P.
1183 4811 1220 4837 =
1236 4790 1273 4840 A.
1297 4789 1334 4859 ⁵⁶)
1353 4785 1464 4838 maioris
1482 4795 1550 4838 natu
1569 4788 1604 4840 V.
1714 4769 1719 4784 ⁵

246 4897 282 4912 -
305 4871 421 4924 maiorer
448 4883 514 4928 urtu
540 4877 572 4929 B.
601 4879 637 4949 ⁵⁷)
665 4897 760 4944 curuos
789 4880 823 4935 V.
854 4880 889 4934 A.
913 4909 948 4920 -
967 4877 1056 4932 omnis
1078 4878 1108 4930 B.
1138 4878 1173 4946 ⁵⁸)
1193 4875 1322 4943 crrrrsz.
1340 4875 1376 4928 A.
1396 4903 1431 4915 -
1450 4891 1550 4928 ceruus
1570 4875 1605 4927 V.

249 4957 284 5026 ⁵⁹)
302 4973 376 5008 nnuc
393 4960 426 5013 B.
447 4961 483 5014 V.
503 4991 538 5002 -
554 4981 628 5016 nunc
646 4985 710 5020 vcro
730 4970 765 5024 A.
786 4967 822 5038 ⁶⁰)
842 4967 949 5036 generis
968 4965 1056 5020 omnia
1077 4983 1129 5036 qua
1148 4961 1265 5016 dicimus
1285 4965 1316 5015 B.
1335 4965 1370 5018 V.
1390 4963 1419 5015 Ρ.
1439 4993 1474 5003 -··
1493 4981 1547 5035 qna
1565 4960 1608 5016 di·

247 5043 334 5096 ximus
359 5047 466 5114 grueria
493 5050 581 5104 omnir
606 5055 642 5108 A.
672 5057 710 5128 61)
730 5074 762 5107 ex
781 5075 812 5109 ea
832 5074 864 5109 co
883 5054 976 5126 pluma
994 5055 1031 5108 A.
1051 5083 1086 5095 -
1104 5069 1137 5104 ex
1155 5068 1186 5104 et
1214 5049 1308 5122 plnres
1326 5053 1358 5104 B.
1379 5081 1413 5091 —
1432 5043 1464 5102 err
1483 5067 1514 5103 aa
1533 5069 1608 5104 ccm-

249 5130 340 5199 piurer
350 5129 386 5184 V.
406 5131 503 5206 5Ἠιοο
512 5144 586 5190 eet...
597 5142 705 5194 uomina
715 5145 752 5198 V.
761 5143 876 5198 A.=B.
887 5145 924 5216 53)
934 5161 988 5198 uon
998 5144 1068 5197 B.=
1076 5141 1149 5195 V.A.
1159 5141 1195 5210 i⁸)
1205 5137 1326 5192 exhiberi
1337 5139 1410 5192 V.A.
1420 5137 1564 5193 -exiberi
1576 5141 1607 5193 B.

1329 5231 1368 5292 21
