4020 6068
365 557 440 616 vttt
827 553 1376 612 PRAEFATIO.

366 663 521 753 eodem
540 677 624 778 fol.
644 677 718 751 col.
739 673 775 750 b.
796 664 1030 779 incipiunt,
1065 659 1290 780 expliciunt
1316 690 1416 750 vcro
1435 673 1519 776 fol.
1550 691 1601 748 ro
1634 701 1668 747 ν.
1708 663 1838 750 Com·
1964 745 1968 754 ,
2004 659 2005 666 ‘

364 802 558 918 plectitur
574 829 675 911 ergo
695 797 973 912 fragmentum
993 797 1074 884 hoe
1084 819 1254 914 praeter
1271 794 1494 884 dimidium
1509 796 1656 882 lolium
1677 822 1837 883 sextum

365 935 669 1052 quinternionis
697 934 844 1048 primi,
864 929 1063 1016 eiusdem
1091 930 1229 1018 adhuc
1250 932 1348 1017 solia
1371 963 1393 1040 7
1419 937 1510 1018 ete
1541 930 1711 1052 (desunt
1738 964 1839 1018 1110

364 1069 433 1156 sol.
458 1101 484 1182 9
508 1091 550 1154 et
566 1099 639 1172 to,
659 1069 756 1151 hinc
770 1067 930 1173 lacuna,
956 1097 1083 1183 quam
1106 1063 1382 1154 indicavimus
1395 1101 1438 1174 p.
1465 1071 1546 1154 155
1563 1064 1688 1184 rep),
1712 1067 1835 1182 quin-

354 1203 563 1312 ,terrionis
584 1198 763 1286 vsecundi
785 1201 857 1286 sol.
880 1233 972 1287 1—-
989 1229 1036 1309 7,
1068 1223 1111 1285 et
1137 1199 1226 1286 lolii
1247 1205 1275 1287 8
1295 1237 1330 1286 r.
1346 1201 1427 1286 eol.
1455 1239 1501 1302 a‚·
1529 1201 1691 1318 reliqua
1713 1201 1836 1286 huius

363 1337 669 1454 quinternionis
693 1331 821 1420 Probi
842 1359 1033 1451 excerpta
1053 1335 1233 1452 explent.

478 1471 777 1583 Fragmentum
806 1469 888 1554 hoc
916 1470 1144 1585 plurimum
1167 1471 1362 1555 convenit
1381 1497 1478 1556 oum
1497 1467 1752 1553 Macrobii
1782 1466 1837 1553 de

362 1601 604 1690 differentiis
624 1627 666 1688 et
684 1603 952 1690 societatibus
971 1605 1106 1715 graeci
1129 1605 1333 1721 latinique
1352 1603 1472 1688 verbi
1493 1599 1657 1707 libello,
1691 1603 1749 1690 ita
1773 1626 1833 1687 ta-

361 1769 473 1844 men,
496 1762 543 1822 ut
562 1761 706 1824 auctor
725 1761 866 1823 noster
883 1739 1033 1823 Latina
1053 1739 1137 1823 sere
1156 1739 1278 1822 unice
1289 1761 1576 1854 persequatur.
1595 1735 1834 1821 Memorato

362 1875 487 1958 etiam
499 1871 673 1986 dignum
688 1903 786 1956 eum
807 1872 1029 1989 aliquoties
1044 1874 1164 1990 quasi
1175 1871 1353 1958 oblitum
1367 1901 1456 1956 esse
1474 1868 1635 1956 tradere
1649 1901 1694 1956 se
1709 1901 1829 1992 prae-

361 2031 481 2122 cepta
510 2007 776 2118 grammatica
805 2007 955 2112 latine,
989 2035 1087 2090 nam
1109 2038 1151 2121 p.
1188 2011 1266 2092 165
1289 2035 1381 2122 seq.
1411 2029 1583 2122 repente
1606 2034 1753 2118 graece
1772 2004 1834 2091 lo·

363 2161 566 2256 quantem
587 2140 705 2224 illum
726 2141 925 2227 invenies.

477 2279 543 2358 An
566 2306 667 2360 1110
687 2276 965 2388 fragmentum
980 2275 1061 2360 hoe
1079 2305 1174 2359 cum
1194 2269 1471 2390 praecedente
1484 2301 1615 2354 unum
1632 2268 1833 2356 eundern·

362 2437 447 2524 que
473 2432 685 2492 auctorem
713 2406 781 2492 vel
808 2403 996 2491 diversos
1022 2407 1188 2510 habeat,
1210 2409 1252 2490 in
1277 2405 1420 2492 medio
1445 2403 1734 2520 relinquimus.
1767 2405 1834 2488 In-

361 2541 527 2656 scriptio
558 2572 582 2625 1
604 2569 734 2623 manu
767 2539 857 2624 See.
884 2539 1013 2645 XVI,
1046 2569 1157 2655 quae
1184 2541 1335 2652 legitur
1358 2539 1400 2622 in
1427 2539 1561 2623 fronte
1599 2537 1687 2622 solii
1713 2537 1832 2658 (vitio

361 2673 652 2792 compactoris)
673 2673 797 2788 primi
814 2670 1004 2758 Codicis:
1027 2673 1227 2760 Valerii
1250 2673 1434 2778 Probi,
1464 2673 1678 2758 neminem
1705 2671 1830 2776 sallat,

359 2833 456 2893 nata
474 2810 587 2894 enim
604 2829 665 2893 est
683 2807 772 2892 sine
793 2803 926 2892 dubio
948 2837 998 2892 111
1012 2808 1279 2923 inscriptione
1299 2809 1491 2922 antiqua:
1524 2805 1720 2922 Incipit
1742 2807 1831 2893 Va·

359 2940 483 3028 11111
509 2941 665 3028 Probi
696 2939 757 3025 de
786 2943 995 3027 nomine
1023 2965 1215 3028 tractatus
1243 2942 1457 3058 sequentis
1479 2951 1563 3051 sol.
1587 2945 1615 3026 8
1641 2977 1676 3024 ν.
1694 2953 1768 3025 eol.
1791 2979 1832 3026 a.

360 3077 734 3189 Hieronymum
757 3073 1067 3160 Columnam
1090 3103 1265 3193 quoque
1276 3106 1353 3190 pro
1364 3075 1522 3159 incerto
1542 3075 1738 3160 habuisse
1759 3105 1831 3159 au-

360 3232 518 3296 ctorem
546 3227 739 3295 traetatus
763 3206 893 3292 nostri
917 3205 972 3293 de
1001 3207 1147 3295 Verbo
1179 3206 1233 3294 ad
1255 3210 1472 3312 Severum,
1496 3239 1519 3293 e
1546 3206 1715 3292 duobus
1743 3209 1831 3294 eius

359 3347 468 3430 notis
497 3340 552 3428 ad
576 3343 704 3428 Ennii
730 3343 912 3428 Annales
939 3365 1074 3459 patet,
1093 3373 1198 3460 quas
1221 3344 1287 3428 hic
1316 3371 1529 3458 apponere
1557 3343 1693 3445 iuvat,
1735 3371 1831 3425 cum

358 3476 812 3581 Ennius'Columnae
833 3477 917 3561 iam
943 3477 1052 3562 inter
1077 3477 1207 3564 libros
1230 3479 1403 3562 rariores
1428 3497 1681 3560 numeretur.
1719 3473 1831 3558 Dicit

360 3612 473 3697 enirn
494 3645 537 3728 p.
570 3641 670 3698 ror:
714 3610 957 3722 „Ignotus
988 3613 1374 3723 grammaticus,
1407 3633 1656 3694 vetustus
1682 3637 1829 3711 sane,

362 3775 419 3830 ex
443 3744 780 3831 Bibliotheca
810 3742 1156 3848 Carbonaria,
1198 3771 1353 3854 agens
1384 3737 1445 3828 de
1483 3740 1830 3858 frequentati-

359 3879 434 3962 vis
455 3878 509 3995 (S.
534 3895 583 3973 41
609 3887 672 3961 ed.
699 3874 897 3990 nostrae),
918 3877 1010 3982 ait,
1035 3901 1258 3962 tractare
1279 3903 1353 3960 est
1379 3913 1526 3984 saepe
1552 3885 1758 3960 trahere
1781 3901 1829 3959 et

358 4015 604 4102 babitare
630 4044 779 4118 saepe
804 4017 982 4094 babere
1010 4012 1318 4128 profertque
1347 4011 1444 4128 hoc
1465 4043 1521 4094 ex
1551 4009 1832 4094 1111110111-

361 4143 719 4228 mistichium.“
750 4142 807 4227 Et
824 4175 866 4258 p.
894 4149 998 4244 1511
1031 4145 1302 4249 „Incertus
1335 4144 1734 4255 grammaticae,
1762 4166 1830 4227 at-

278 4271 280 4276 ’
362 4305 461 4394 que
481 4299 810 4392 pervetustus
832 4309 886 4362 ex
908 4277 1243 4364 Bibliotheca
1261 4277 1575 4363 Carbonaria
1597 4305 1829 4364 asserens
1864 4383 1869 4390 .

363 4421 526 4513 (eodem
553 4422 590 4514 3.
622 4422 685 4495 ecl.
715 4425 902 4508 nostrae)
930 4439 1102 4499 eructo
1134 4411 1350 4497 verbum
1378 4412 1439 4497 ab
1462 4443 1618 4525 erugo
1637 4412 1829 4526 princi-

360 4543 468 4659 pali
502 4541 740 4634 derivare
769 4545 905 4631 hunc
934 4543 1090 4631 Ennii
1120 4577 1327 4634 versum
1356 4543 1620 4632 adducit.⁴‘
1652 4547 1740 4630 Iam
1762 4546 1828 4628 cui

359 4679 586 4766 innotuerit
612 4677 816 4767 Codieem
839 4703 1027 4765 nostrum
1051 4683 1093 4765 in
1122 4681 1381 4766 Bibliotheca
1416 4681 1672 4766 Carbonaria
1699 4709 1829 4763 asser-

356 4797 499 4896 vatum
531 4814 657 4898 fuisse
681 4837 722 4898 et
742 4813 922 4930 Neapoli
940 4813 1245 4900 Vindobonam
1268 4818 1483 4928 migrasse,
1507 4845 1593 4900 non
1613 4813 1830 4899 dubitabit

357 4941 563 5029 Codicem
584 4970 772 5030 nostrum
795 4946 979 5034 eundern
998 4962 1101 5054 esse,
1123 4981 1210 5066 quo
1235 4981 1335 5036 usus
1359 4973 1421 5036 est
1441 4949 1662 5033 Columna.

475 5076 679 5164 Codieem
698 5103 900 5188 nostrum,
923 5083 1010 5199 qui,
1025 5107 1188 5198 praeter
1206 5086 1432 5198 fragmenta
1450 5083 1584 5188 allata,
1605 5083 1732 5169 Probi
1753 5079 1829 5166 ad·

355 5209 437 5298 huo
455 5235 584 5298 artem
601 5215 809 5301 minorem
832 5217 1133 5333 complectitur,
1155 5243 1289 5306 totum
1303 5217 1551 5335 rescriptum
1572 5241 1717 5304 111111
1731 5211 1827 5304 seri·
