<?xml version="1.0" encoding="UTF-8"?>
<!DOCTYPE html PUBLIC "-//W3C//DTD XHTML 1.0 Transitional//EN"
    "http://www.w3.org/TR/xhtml1/DTD/xhtml1-transitional.dtd">
<html xmlns="http://www.w3.org/1999/xhtml" xml:lang="en" lang="en">
 <head>
  <title>
</title>
<meta http-equiv="Content-Type" content="text/html;charset=utf-8" />
  <meta name='ocr-system' content='tesseract 3.04.00' />
  <meta name='ocr-capabilities' content='ocr_page ocr_carea ocr_par ocr_line ocrx_word'/>
</head>
<body>
  <div class='ocr_page' id='page_1' title='image "./analectagrammat00eichgoog_0309.png"; bbox 0 0 4032 6070; ppageno 0'>
   <div class='ocr_carea' id='block_1_1' title="bbox 387 527 1397 600">
    <p class='ocr_par' dir='ltr' id='par_1_1' title="bbox 387 527 1397 600">
     <span class='ocr_line' id='line_1_1' title="bbox 387 527 1397 600; baseline 0 -16"><span class='ocrx_word' id='word_1_1' title='bbox 387 529 458 600; x_wconf 74' lang='lat'><strong>280</strong></span> <span class='ocrx_word' id='word_1_2' title='bbox 843 527 1397 586; x_wconf 81' lang='lat' dir='ltr'><strong>rnoeransnrnou</strong></span> 
     </span>
    </p>
   </div>
   <div class='ocr_carea' id='block_1_2' title="bbox 280 674 1866 3728">
    <p class='ocr_par' dir='ltr' id='par_1_2' title="bbox 280 674 1866 1894">
     <span class='ocr_line' id='line_1_2' title="bbox 367 674 1865 766; baseline 0.003 -28"><span class='ocrx_word' id='word_1_3' title='bbox 367 683 426 740; x_wconf 88' lang='lat' dir='ltr'><strong>&#39;ut</strong></span> <span class='ocrx_word' id='word_1_4' title='bbox 446 685 540 762; x_wconf 84' lang='lat' dir='ltr'><strong>puta:</strong></span> <span class='ocrx_word' id='word_1_5' title='bbox 563 675 642 742; x_wconf 88' lang='lat' dir='ltr'><strong>boc</strong></span> <span class='ocrx_word' id='word_1_6' title='bbox 660 677 700 759; x_wconf 77' lang='grc'><strong>19)</strong></span> <span class='ocrx_word' id='word_1_7' title='bbox 722 674 955 762; x_wconf 73' lang='lat' dir='ltr'><strong>glossema,</strong></span> <span class='ocrx_word' id='word_1_8' title='bbox 978 677 1101 742; x_wconf 88' lang='lat' dir='ltr'><strong>huius</strong></span> <span class='ocrx_word' id='word_1_9' title='bbox 1124 677 1412 762; x_wconf 70' lang='lat' dir='ltr'><strong>glossematis,</strong></span> <span class='ocrx_word' id='word_1_10' title='bbox 1435 677 1486 744; x_wconf 89' lang='lat' dir='ltr'><strong>sio</strong></span> <span class='ocrx_word' id='word_1_11' title='bbox 1509 689 1630 766; x_wconf 85' lang='lat' dir='ltr'><strong>etper</strong></span> <span class='ocrx_word' id='word_1_12' title='bbox 1651 687 1798 754; x_wconf 84' lang='lat' dir='ltr'><strong>ceteros,</strong></span> <span class='ocrx_word' id='word_1_13' title='bbox 1821 691 1865 742; x_wconf 92' lang='lat' dir='ltr'><strong>ut</strong></span> 
     </span>
     <span class='ocr_line' id='line_1_3' title="bbox 280 779 1864 866; baseline 0.001 -24"><span class='ocrx_word' id='word_1_14' title='bbox 280 785 309 832; x_wconf 76' lang='lat' dir='ltr'><strong>V·</strong></span> <span class='ocrx_word' id='word_1_15' title='bbox 325 800 375 834; x_wconf 73' lang='grc' dir='ltr'><strong>ιω.</strong></span> <span class='ocrx_word' id='word_1_16' title='bbox 387 779 552 854; x_wconf 84' lang='lat' dir='ltr'><strong>diximus,</strong></span> <span class='ocrx_word' id='word_1_17' title='bbox 581 799 697 859; x_wconf 88' lang='lat' dir='ltr'><strong>casus,</strong></span> <span class='ocrx_word' id='word_1_18' title='bbox 728 781 876 865; x_wconf 84' lang='lat' dir='ltr'><strong>excepto</strong></span> <span class='ocrx_word' id='word_1_19' title='bbox 909 780 1106 846; x_wconf 84' lang='lat' dir='ltr'><strong>accusativo</strong></span> <span class='ocrx_word' id='word_1_20' title='bbox 1135 793 1169 846; x_wconf 83' lang='lat' dir='ltr'><strong>et</strong></span> <span class='ocrx_word' id='word_1_21' title='bbox 1197 781 1358 846; x_wconf 88' lang='lat' dir='ltr'><strong>vocativo</strong></span> <span class='ocrx_word' id='word_1_22' title='bbox 1391 799 1474 846; x_wconf 88' lang='lat' dir='ltr'><strong>casu</strong></span> <span class='ocrx_word' id='word_1_23' title='bbox 1501 781 1640 846; x_wconf 89' lang='lat' dir='ltr'><strong>numeri</strong></span> <span class='ocrx_word' id='word_1_24' title='bbox 1673 779 1864 866; x_wconf 72' lang='lat' dir='ltr'><strong>singularis</strong></span> 
     </span>
     <span class='ocr_line' id='line_1_4' title="bbox 385 881 1866 968; baseline 0.001 -24"><span class='ocrx_word' id='word_1_25' title='bbox 385 902 448 968; x_wconf 88' lang='lat' dir='ltr'><strong>per</strong></span> <span class='ocrx_word' id='word_1_26' title='bbox 476 881 623 964; x_wconf 78' lang='lat' dir='ltr'><strong>syllabas</strong></span> <span class='ocrx_word' id='word_1_27' title='bbox 650 895 810 948; x_wconf 88' lang='lat' dir='ltr'><strong>crescunt</strong></span> <span class='ocrx_word' id='word_1_28' title='bbox 832 884 886 967; x_wconf 87' lang='lat'><em>²⁰).</em></span> <span class='ocrx_word' id='word_1_29' title='bbox 917 881 1021 948; x_wconf 86' lang='lat' dir='ltr'><strong>Nunc</strong></span> <span class='ocrx_word' id='word_1_30' title='bbox 1049 901 1128 951; x_wconf 86' lang='lat' dir='ltr'><strong>cum</strong></span> <span class='ocrx_word' id='word_1_31' title='bbox 1158 884 1416 968; x_wconf 75' lang='lat' dir='ltr'><strong>glossemata</strong></span> <span class='ocrx_word' id='word_1_32' title='bbox 1437 885 1481 967; x_wconf 85' lang='lat'><strong>²¹)</strong></span> <span class='ocrx_word' id='word_1_33' title='bbox 1510 895 1544 948; x_wconf 94' lang='lat' dir='ltr'><strong>et</strong></span> <span class='ocrx_word' id='word_1_34' title='bbox 1572 895 1688 948; x_wconf 86' lang='lat' dir='ltr'><strong>cetera</strong></span> <span class='ocrx_word' id='word_1_35' title='bbox 1717 882 1801 948; x_wconf 87' lang='lat' dir='ltr'><strong>talia</strong></span> <span class='ocrx_word' id='word_1_36' title='bbox 1824 881 1866 946; x_wconf 88' lang='lat' dir='ltr'><strong>in</strong></span> 
     </span>
     <span class='ocr_line' id='line_1_5' title="bbox 384 985 1865 1071; baseline 0.003 -25"><span class='ocrx_word' id='word_1_37' title='bbox 384 1003 510 1067; x_wconf 84' lang='lat' dir='ltr'><strong>genere</strong></span> <span class='ocrx_word' id='word_1_38' title='bbox 532 997 656 1050; x_wconf 88' lang='lat' dir='ltr'><strong>neutro</strong></span> <span class='ocrx_word' id='word_1_39' title='bbox 679 1006 700 1050; x_wconf 86' lang='lat' dir='ltr'><strong>a</strong></span> <span class='ocrx_word' id='word_1_40' title='bbox 721 985 938 1050; x_wconf 90' lang='lat' dir='ltr'><strong>nominativo</strong></span> <span class='ocrx_word' id='word_1_41' title='bbox 961 1005 1043 1050; x_wconf 91' lang='lat' dir='ltr'><strong>casu</strong></span> <span class='ocrx_word' id='word_1_42' title='bbox 1071 987 1209 1050; x_wconf 91' lang='lat' dir='ltr'><strong>numeri</strong></span> <span class='ocrx_word' id='word_1_43' title='bbox 1231 985 1416 1070; x_wconf 77' lang='lat' dir='ltr'><strong>singularis</strong></span> <span class='ocrx_word' id='word_1_44' title='bbox 1440 1004 1504 1071; x_wconf 91' lang='lat' dir='ltr'><strong>per</strong></span> <span class='ocrx_word' id='word_1_45' title='bbox 1527 997 1661 1052; x_wconf 89' lang='lat' dir='ltr'><strong>ceteros</strong></span> <span class='ocrx_word' id='word_1_46' title='bbox 1685 1005 1784 1050; x_wconf 85' lang='lat' dir='ltr'><strong>ossus</strong></span> <span class='ocrx_word' id='word_1_47' title='bbox 1807 997 1865 1049; x_wconf 89' lang='lat' dir='ltr'><strong>ta-</strong></span> 
     </span>
     <span class='ocr_line' id='line_1_6' title="bbox 383 1085 1862 1174; baseline 0.003 -26"><span class='ocrx_word' id='word_1_48' title='bbox 383 1087 452 1150; x_wconf 90' lang='lat' dir='ltr'><strong>lem</strong></span> <span class='ocrx_word' id='word_1_49' title='bbox 475 1107 599 1152; x_wconf 89' lang='lat' dir='ltr'><strong>sonum</strong></span> <span class='ocrx_word' id='word_1_50' title='bbox 623 1085 736 1152; x_wconf 85' lang='lat' dir='ltr'><strong>lacere</strong></span> <span class='ocrx_word' id='word_1_51' title='bbox 759 1087 977 1174; x_wconf 88' lang='lat' dir='ltr'><strong>reperiantur</strong></span> <span class='ocrx_word' id='word_1_52' title='bbox 1001 1091 1060 1172; x_wconf 77' lang='lat'><strong>³²),</strong></span> <span class='ocrx_word' id='word_1_53' title='bbox 1091 1098 1125 1153; x_wconf 92' lang='lat' dir='ltr'><strong>et</strong></span> <span class='ocrx_word' id='word_1_54' title='bbox 1147 1087 1226 1154; x_wconf 85' lang='lat' dir='ltr'><strong>ideo</strong></span> <span class='ocrx_word' id='word_1_55' title='bbox 1251 1107 1330 1152; x_wconf 90' lang='lat' dir='ltr'><strong>oum</strong></span> <span class='ocrx_word' id='word_1_56' title='bbox 1353 1088 1478 1153; x_wconf 86' lang='lat' dir='ltr'><strong>eodem</strong></span> <span class='ocrx_word' id='word_1_57' title='bbox 1505 1105 1634 1171; x_wconf 72' lang='lat' dir='ltr'><strong>genere</strong></span> <span class='ocrx_word' id='word_1_58' title='bbox 1655 1101 1781 1152; x_wconf 86' lang='lat' dir='ltr'><strong>neutro</strong></span> <span class='ocrx_word' id='word_1_59' title='bbox 1803 1109 1862 1152; x_wconf 84' lang='lat' dir='ltr'><strong>se-</strong></span> 
     </span>
     <span class='ocr_line' id='line_1_7' title="bbox 384 1189 1781 1275; baseline 0.002 -22"><span class='ocrx_word' id='word_1_60' title='bbox 384 1189 536 1254; x_wconf 89' lang='lat' dir='ltr'><strong>cundum</strong></span> <span class='ocrx_word' id='word_1_61' title='bbox 559 1189 791 1266; x_wconf 87' lang='lat' dir='ltr'><strong>locutionem,</strong></span> <span class='ocrx_word' id='word_1_62' title='bbox 814 1210 885 1255; x_wconf 90' lang='lat' dir='ltr'><strong>nou</strong></span> <span class='ocrx_word' id='word_1_63' title='bbox 908 1189 1099 1254; x_wconf 84' lang='lat' dir='ltr'><strong>secundum</strong></span> <span class='ocrx_word' id='word_1_64' title='bbox 1122 1209 1232 1274; x_wconf 78' lang='lat' dir='ltr'><strong>genus</strong></span> <span class='ocrx_word' id='word_1_65' title='bbox 1254 1203 1416 1255; x_wconf 80' lang='lat' dir='ltr'><strong>neutrum</strong></span> <span class='ocrx_word' id='word_1_66' title='bbox 1440 1201 1580 1275; x_wconf 91' lang='lat' dir='ltr'><strong>oportet</strong></span> <span class='ocrx_word' id='word_1_67' title='bbox 1602 1189 1781 1256; x_wconf 89' lang='lat' dir='ltr'><strong>declinari.</strong></span> 
     </span>
     <span class='ocr_line' id='line_1_8' title="bbox 469 1275 1861 1379; baseline -0.001 -22"><span class='ocrx_word' id='word_1_68' title='bbox 469 1295 543 1358; x_wconf 72' lang='lat' dir='ltr'><strong>uls.</strong></span> <span class='ocrx_word' id='word_1_69' title='bbox 573 1293 660 1356; x_wconf 85' lang='lat' dir='ltr'><strong>ltent</strong></span> <span class='ocrx_word' id='word_1_70' title='bbox 688 1305 723 1358; x_wconf 86' lang='lat' dir='ltr'><strong>et</strong></span> <span class='ocrx_word' id='word_1_71' title='bbox 750 1293 817 1358; x_wconf 85' lang='lat' dir='ltr'><strong>alia</strong></span> <span class='ocrx_word' id='word_1_72' title='bbox 848 1293 953 1370; x_wconf 88' lang='lat' dir='ltr'><strong>ratio,</strong></span> <span class='ocrx_word' id='word_1_73' title='bbox 982 1313 1052 1378; x_wconf 86' lang='lat' dir='ltr'><strong>qua</strong></span> <span class='ocrx_word' id='word_1_74' title='bbox 1072 1286 1320 1379; x_wconf 66' lang='lat' dir='ltr'><strong>probentur²&#39;¹)</strong></span> <span class='ocrx_word' id='word_1_75' title='bbox 1344 1295 1430 1358; x_wconf 86' lang='lat' dir='ltr'><strong>boec</strong></span> <span class='ocrx_word' id='word_1_76' title='bbox 1454 1293 1574 1356; x_wconf 85' lang='lat' dir='ltr'><strong>eodem</strong></span> <span class='ocrx_word' id='word_1_77' title='bbox 1598 1275 1736 1376; x_wconf 70' lang='lat' dir='ltr'><strong>generis</strong></span> <span class='ocrx_word' id='word_1_78' title='bbox 1758 1311 1861 1358; x_wconf 87' lang='lat' dir='ltr'><strong>oom-</strong></span> 
     </span>
     <span class='ocr_line' id='line_1_9' title="bbox 385 1393 1859 1482; baseline 0.003 -28"><span class='ocrx_word' id='word_1_79' title='bbox 385 1394 499 1458; x_wconf 90' lang='lat' dir='ltr'><strong>munis</strong></span> <span class='ocrx_word' id='word_1_80' title='bbox 520 1395 682 1473; x_wconf 87' lang='lat' dir='ltr'><strong>nomina,</strong></span> <span class='ocrx_word' id='word_1_81' title='bbox 710 1417 799 1482; x_wconf 90' lang='lat' dir='ltr'><strong>quae</strong></span> <span class='ocrx_word' id='word_1_82' title='bbox 830 1395 983 1460; x_wconf 83' lang='lat' dir='ltr'><strong>diximus</strong></span> <span class='ocrx_word' id='word_1_83' title='bbox 1005 1396 1222 1460; x_wconf 86' lang='lat' dir='ltr'><strong>nominativo</strong></span> <span class='ocrx_word' id='word_1_84' title='bbox 1247 1415 1328 1460; x_wconf 88' lang='lat' dir='ltr'><strong>casu</strong></span> <span class='ocrx_word' id='word_1_85' title='bbox 1350 1395 1487 1459; x_wconf 84' lang='lat' dir='ltr'><strong>numeri</strong></span> <span class='ocrx_word' id='word_1_86' title='bbox 1516 1395 1702 1479; x_wconf 82' lang='lat' dir='ltr'><strong>singularis</strong></span> <span class='ocrx_word' id='word_1_87' title='bbox 1724 1395 1775 1458; x_wconf 79' lang='grc' dir='ltr'><strong>·Α·</strong></span> <span class='ocrx_word' id='word_1_88' title='bbox 1797 1393 1859 1460; x_wconf 84' lang='lat' dir='ltr'><strong>tit-</strong></span> 
     </span>
     <span class='ocr_line' id='line_1_10' title="bbox 384 1496 1858 1584; baseline 0.001 -26"><span class='ocrx_word' id='word_1_89' title='bbox 384 1507 457 1560; x_wconf 87' lang='lat' dir='ltr'><strong>tera</strong></span> <span class='ocrx_word' id='word_1_90' title='bbox 486 1499 681 1577; x_wconf 87' lang='lat' dir='ltr'><strong>terminari,</strong></span> <span class='ocrx_word' id='word_1_91' title='bbox 713 1519 791 1564; x_wconf 87' lang='lat' dir='ltr'><strong>oum</strong></span> <span class='ocrx_word' id='word_1_92' title='bbox 821 1519 949 1584; x_wconf 78' lang='lat' dir='ltr'><strong>genere</strong></span> <span class='ocrx_word' id='word_1_93' title='bbox 970 1511 1113 1575; x_wconf 88' lang='lat' dir='ltr'><strong>neutro,</strong></span> <span class='ocrx_word' id='word_1_94' title='bbox 1144 1517 1217 1564; x_wconf 89' lang='lat' dir='ltr'><strong>non</strong></span> <span class='ocrx_word' id='word_1_95' title='bbox 1239 1497 1430 1562; x_wconf 87' lang='lat' dir='ltr'><strong>secundum</strong></span> <span class='ocrx_word' id='word_1_96' title='bbox 1452 1517 1562 1582; x_wconf 76' lang='lat' dir='ltr'><strong>genus</strong></span> <span class='ocrx_word' id='word_1_97' title='bbox 1584 1509 1765 1572; x_wconf 87' lang='lat' dir='ltr'><strong>neutrum,</strong></span> <span class='ocrx_word' id='word_1_98' title='bbox 1793 1496 1858 1562; x_wconf 87' lang='lat' dir='ltr'><strong>de·</strong></span> 
     </span>
     <span class='ocr_line' id='line_1_11' title="bbox 383 1593 1856 1688; baseline 0.001 -27"><span class='ocrx_word' id='word_1_99' title='bbox 383 1597 506 1662; x_wconf 87' lang='lat' dir='ltr'><strong>oliuari</strong></span> <span class='ocrx_word' id='word_1_100' title='bbox 528 1593 588 1683; x_wconf 79' lang='grc'><strong>”);</strong></span> <span class='ocrx_word' id='word_1_101' title='bbox 617 1601 750 1666; x_wconf 90' lang='lat' dir='ltr'><strong>scilicet</strong></span> <span class='ocrx_word' id='word_1_102' title='bbox 772 1603 937 1688; x_wconf 89' lang='lat' dir='ltr'><strong>quoniam</strong></span> <span class='ocrx_word' id='word_1_103' title='bbox 961 1622 1202 1688; x_wconf 88' lang='lat' dir='ltr'><strong>quaecumque</strong></span> <span class='ocrx_word' id='word_1_104' title='bbox 1224 1601 1368 1664; x_wconf 87' lang='lat' dir='ltr'><strong>nomina</strong></span> <span class='ocrx_word' id='word_1_105' title='bbox 1396 1600 1534 1684; x_wconf 76' lang='lat' dir='ltr'><strong>generis</strong></span> <span class='ocrx_word' id='word_1_106' title='bbox 1556 1599 1672 1669; x_wconf 84' lang='lat' dir='ltr'><strong>neutri</strong></span> <span class='ocrx_word' id='word_1_107' title='bbox 1693 1599 1856 1663; x_wconf 88' lang='lat' dir='ltr'><strong>nomina·</strong></span> 
     </span>
     <span class='ocr_line' id='line_1_12' title="bbox 382 1700 1858 1791; baseline -0.001 -27"><span class='ocrx_word' id='word_1_108' title='bbox 382 1701 454 1765; x_wconf 92' lang='lat' dir='ltr'><strong>tivo</strong></span> <span class='ocrx_word' id='word_1_109' title='bbox 485 1723 566 1766; x_wconf 88' lang='lat' dir='ltr'><strong>casu</strong></span> <span class='ocrx_word' id='word_1_110' title='bbox 596 1705 733 1768; x_wconf 87' lang='lat' dir='ltr'><strong>numeri</strong></span> <span class='ocrx_word' id='word_1_111' title='bbox 761 1705 945 1791; x_wconf 81' lang='lat' dir='ltr'><strong>singularis</strong></span> <span class='ocrx_word' id='word_1_112' title='bbox 973 1704 1024 1770; x_wconf 81' lang='grc' dir='ltr'><strong>·Α·</strong></span> <span class='ocrx_word' id='word_1_113' title='bbox 1054 1704 1170 1770; x_wconf 86' lang='lat' dir='ltr'><strong>littera</strong></span> <span class='ocrx_word' id='word_1_114' title='bbox 1197 1703 1446 1778; x_wconf 86' lang='lat' dir='ltr'><strong>terminantur,</strong></span> <span class='ocrx_word' id='word_1_115' title='bbox 1482 1702 1568 1766; x_wconf 86' lang='lat' dir='ltr'><strong>haec</strong></span> <span class='ocrx_word' id='word_1_116' title='bbox 1599 1720 1704 1766; x_wconf 89' lang='lat' dir='ltr'><strong>sonos</strong></span> <span class='ocrx_word' id='word_1_117' title='bbox 1726 1700 1858 1764; x_wconf 86' lang='lat' dir='ltr'><strong>latinos</strong></span> 
     </span>
     <span class='ocr_line' id='line_1_13' title="bbox 382 1799 1619 1894; baseline 0.002 -29"><span class='ocrx_word' id='word_1_118' title='bbox 382 1802 517 1870; x_wconf 85' lang='lat' dir='ltr'><strong>ellicore</strong></span> <span class='ocrx_word' id='word_1_119' title='bbox 538 1799 582 1889; x_wconf 82' lang='lat'><strong>²⁵)</strong></span> <span class='ocrx_word' id='word_1_120' title='bbox 604 1825 676 1870; x_wconf 94' lang='lat' dir='ltr'><strong>non</strong></span> <span class='ocrx_word' id='word_1_121' title='bbox 698 1820 854 1894; x_wconf 89' lang='lat' dir='ltr'><strong>possunt.</strong></span> <span class='ocrx_word' id='word_1_122' title='bbox 1617 1863 1619 1868; x_wconf 89' lang='lat'><em>.</em></span> 
     </span>
    </p>

    <p class='ocr_par' dir='ltr' id='par_1_3' title="bbox 378 1899 1859 2402">
     <span class='ocr_line' id='line_1_14' title="bbox 467 1899 1859 1996; baseline -0.003 -26"><span class='ocrx_word' id='word_1_123' title='bbox 467 1907 553 1973; x_wconf 87' lang='lat' dir='ltr'><strong>Item</strong></span> <span class='ocrx_word' id='word_1_124' title='bbox 584 1911 764 1994; x_wconf 84' lang='lat' dir='ltr'><strong>quaeritur</strong></span> <span class='ocrx_word' id='word_1_125' title='bbox 791 1931 860 1996; x_wconf 87' lang='lat' dir='ltr'><strong>qua</strong></span> <span class='ocrx_word' id='word_1_126' title='bbox 889 1909 932 1975; x_wconf 91' lang='lat' dir='ltr'><strong>de</strong></span> <span class='ocrx_word' id='word_1_127' title='bbox 964 1929 1066 1974; x_wconf 86' lang='lat' dir='ltr'><strong>causa</strong></span> <span class='ocrx_word' id='word_1_128' title='bbox 1094 1909 1180 1972; x_wconf 85' lang='lat' dir='ltr'><strong>haec</strong></span> <span class='ocrx_word' id='word_1_129' title='bbox 1198 1899 1240 1987; x_wconf 81' lang='lat'><strong>²⁶)</strong></span> <span class='ocrx_word' id='word_1_130' title='bbox 1270 1907 1526 1992; x_wconf 86' lang='lat' dir='ltr'><strong>suprascriptae</strong></span> <span class='ocrx_word' id='word_1_131' title='bbox 1555 1904 1688 1970; x_wconf 76' lang='lat' dir='ltr'><strong>formae</strong></span> <span class='ocrx_word' id='word_1_132' title='bbox 1709 1903 1859 1968; x_wconf 89' lang='lat' dir='ltr'><strong>nomina</strong></span> 
     </span>
     <span class='ocr_line' id='line_1_15' title="bbox 379 2010 1855 2095; baseline -0.001 -25"><span class='ocrx_word' id='word_1_133' title='bbox 379 2010 517 2092; x_wconf 78' lang='lat' dir='ltr'><strong>generis</strong></span> <span class='ocrx_word' id='word_1_134' title='bbox 540 2013 735 2076; x_wconf 89' lang='lat' dir='ltr'><strong>communis</strong></span> <span class='ocrx_word' id='word_1_135' title='bbox 757 2033 830 2077; x_wconf 84' lang='lat' dir='ltr'><strong>esse</strong></span> <span class='ocrx_word' id='word_1_136' title='bbox 854 2012 1034 2077; x_wconf 81' lang='lat' dir='ltr'><strong>dicantur?</strong></span> <span class='ocrx_word' id='word_1_137' title='bbox 1055 2012 1121 2074; x_wconf 90' lang='lat' dir='ltr'><strong>hac</strong></span> <span class='ocrx_word' id='word_1_138' title='bbox 1136 2014 1178 2095; x_wconf 85' lang='lat'><strong>²⁷)</strong></span> <span class='ocrx_word' id='word_1_139' title='bbox 1202 2011 1245 2074; x_wconf 91' lang='lat' dir='ltr'><strong>de</strong></span> <span class='ocrx_word' id='word_1_140' title='bbox 1268 2029 1390 2086; x_wconf 88' lang='lat' dir='ltr'><strong>causa,</strong></span> <span class='ocrx_word' id='word_1_141' title='bbox 1420 2010 1586 2094; x_wconf 88' lang='lat' dir='ltr'><strong>quoniam</strong></span> <span class='ocrx_word' id='word_1_142' title='bbox 1610 2025 1855 2092; x_wconf 89' lang='lat' dir='ltr'><strong>quaecumque</strong></span> 
     </span>
     <span class='ocr_line' id='line_1_16' title="bbox 378 2108 1855 2196; baseline -0.001 -23"><span class='ocrx_word' id='word_1_143' title='bbox 378 2112 570 2177; x_wconf 88' lang='lat' dir='ltr'><strong>masculina</strong></span> <span class='ocrx_word' id='word_1_144' title='bbox 596 2114 767 2179; x_wconf 84' lang='lat' dir='ltr'><strong>vocabula</strong></span> <span class='ocrx_word' id='word_1_145' title='bbox 795 2115 1013 2180; x_wconf 82' lang='lat' dir='ltr'><strong>nominativo</strong></span> <span class='ocrx_word' id='word_1_146' title='bbox 1042 2133 1124 2178; x_wconf 85' lang='lat' dir='ltr'><strong>csso</strong></span> <span class='ocrx_word' id='word_1_147' title='bbox 1145 2113 1283 2177; x_wconf 88' lang='lat' dir='ltr'><strong>numeri</strong></span> <span class='ocrx_word' id='word_1_148' title='bbox 1311 2111 1497 2196; x_wconf 80' lang='lat' dir='ltr'><strong>singularis</strong></span> <span class='ocrx_word' id='word_1_149' title='bbox 1519 2111 1570 2173; x_wconf 72' lang='lat' dir='ltr'><strong>n·</strong></span> <span class='ocrx_word' id='word_1_150' title='bbox 1593 2110 1708 2174; x_wconf 86' lang='lat' dir='ltr'><strong>littera</strong></span> <span class='ocrx_word' id='word_1_151' title='bbox 1731 2108 1855 2174; x_wconf 84' lang='lat' dir='ltr'><strong>termi-</strong></span> 
     </span>
     <span class='ocr_line' id='line_1_17' title="bbox 378 2209 1856 2304; baseline 0.001 -31"><span class='ocrx_word' id='word_1_152' title='bbox 378 2225 506 2277; x_wconf 86' lang='lat' dir='ltr'><strong>nantur</strong></span> <span class='ocrx_word' id='word_1_153' title='bbox 525 2209 585 2298; x_wconf 80' lang='lat'><strong>¹⁸),</strong></span> <span class='ocrx_word' id='word_1_154' title='bbox 615 2229 652 2282; x_wconf 87' lang='lat' dir='ltr'><strong>et</strong></span> <span class='ocrx_word' id='word_1_155' title='bbox 681 2237 727 2280; x_wconf 85' lang='lat' dir='ltr'><strong>cx</strong></span> <span class='ocrx_word' id='word_1_156' title='bbox 749 2238 810 2282; x_wconf 90' lang='lat' dir='ltr'><strong>sua</strong></span> <span class='ocrx_word' id='word_1_157' title='bbox 832 2217 948 2303; x_wconf 85' lang='lat' dir='ltr'><strong>specie</strong></span> <span class='ocrx_word' id='word_1_158' title='bbox 969 2215 1142 2281; x_wconf 86' lang='lat' dir='ltr'><strong>vocabula</strong></span> <span class='ocrx_word' id='word_1_159' title='bbox 1165 2215 1332 2280; x_wconf 78' lang='lat' dir='ltr'><strong>feminina</strong></span> <span class='ocrx_word' id='word_1_160' title='bbox 1355 2214 1468 2280; x_wconf 87' lang='lat' dir='ltr'><strong>iacere</strong></span> <span class='ocrx_word' id='word_1_161' title='bbox 1489 2225 1654 2304; x_wconf 83' lang='lat' dir='ltr'><strong>possunt,</strong></span> <span class='ocrx_word' id='word_1_162' title='bbox 1684 2215 1772 2278; x_wconf 85' lang='lat' dir='ltr'><strong>baec</strong></span> <span class='ocrx_word' id='word_1_163' title='bbox 1793 2230 1856 2275; x_wconf 88' lang='lat' dir='ltr'><strong>ea·</strong></span> 
     </span>
     <span class='ocr_line' id='line_1_18' title="bbox 378 2312 1403 2402; baseline 0.006 -26"><span class='ocrx_word' id='word_1_164' title='bbox 378 2312 457 2378; x_wconf 89' lang='lat' dir='ltr'><strong>dern</strong></span> <span class='ocrx_word' id='word_1_165' title='bbox 480 2319 625 2383; x_wconf 85' lang='lat' dir='ltr'><strong>nomina</strong></span> <span class='ocrx_word' id='word_1_166' title='bbox 645 2321 782 2402; x_wconf 79' lang='lat' dir='ltr'><strong>generis</strong></span> <span class='ocrx_word' id='word_1_167' title='bbox 806 2319 1002 2384; x_wconf 89' lang='lat' dir='ltr'><strong>communis</strong></span> <span class='ocrx_word' id='word_1_168' title='bbox 1025 2337 1098 2382; x_wconf 86' lang='lat' dir='ltr'><strong>esse</strong></span> <span class='ocrx_word' id='word_1_169' title='bbox 1121 2317 1403 2402; x_wconf 82' lang='lat' dir='ltr'><strong>pronuntiantur.</strong></span> 
     </span>
    </p>

    <p class='ocr_par' dir='ltr' id='par_1_4' title="bbox 378 2417 1853 2710">
     <span class='ocr_line' id='line_1_19' title="bbox 461 2417 1853 2506; baseline 0 -26"><span class='ocrx_word' id='word_1_170' title='bbox 461 2417 637 2484; x_wconf 85' lang='lat' dir='ltr'><strong>Dolorma</strong></span> <span class='ocrx_word' id='word_1_171' title='bbox 652 2423 789 2506; x_wconf 78' lang='lat' dir='ltr'><strong>generis</strong></span> <span class='ocrx_word' id='word_1_172' title='bbox 797 2421 1003 2497; x_wconf 88' lang='lat' dir='ltr'><strong>communis,</strong></span> <span class='ocrx_word' id='word_1_173' title='bbox 1015 2440 1085 2504; x_wconf 89' lang='lat' dir='ltr'><strong>qus</strong></span> <span class='ocrx_word' id='word_1_174' title='bbox 1099 2417 1249 2483; x_wconf 90' lang='lat' dir='ltr'><strong>ablativo</strong></span> <span class='ocrx_word' id='word_1_175' title='bbox 1265 2437 1347 2484; x_wconf 83' lang='lat' dir='ltr'><strong>casu</strong></span> <span class='ocrx_word' id='word_1_176' title='bbox 1362 2419 1499 2483; x_wconf 87' lang='lat' dir='ltr'><strong>numeri</strong></span> <span class='ocrx_word' id='word_1_177' title='bbox 1508 2417 1693 2503; x_wconf 80' lang='lat' dir='ltr'><strong>singularis</strong></span> <span class='ocrx_word' id='word_1_178' title='bbox 1705 2417 1853 2480; x_wconf 88' lang='lat' dir='ltr'><strong>nomina</strong></span> 
     </span>
     <span class='ocr_line' id='line_1_20' title="bbox 378 2516 1853 2604; baseline 0.001 -25"><span class='ocrx_word' id='word_1_179' title='bbox 378 2516 428 2578; x_wconf 83' lang='grc' dir='ltr'><strong>Ἀ·</strong></span> <span class='ocrx_word' id='word_1_180' title='bbox 443 2517 557 2582; x_wconf 89' lang='lat' dir='ltr'><strong>littera</strong></span> <span class='ocrx_word' id='word_1_181' title='bbox 575 2523 807 2587; x_wconf 77' lang='lat' dir='ltr'><strong>terminantur</strong></span> <span class='ocrx_word' id='word_1_182' title='bbox 820 2535 854 2587; x_wconf 88' lang='lat' dir='ltr'><strong>et</strong></span> <span class='ocrx_word' id='word_1_183' title='bbox 874 2523 1091 2586; x_wconf 88' lang='lat' dir='ltr'><strong>nominativo</strong></span> <span class='ocrx_word' id='word_1_184' title='bbox 1106 2542 1187 2586; x_wconf 84' lang='lat' dir='ltr'><strong>casu</strong></span> <span class='ocrx_word' id='word_1_185' title='bbox 1204 2520 1341 2584; x_wconf 86' lang='lat' dir='ltr'><strong>numeri</strong></span> <span class='ocrx_word' id='word_1_186' title='bbox 1363 2519 1547 2604; x_wconf 77' lang='lat' dir='ltr'><strong>singularis</strong></span> <span class='ocrx_word' id='word_1_187' title='bbox 1575 2519 1644 2584; x_wconf 83' lang='lat' dir='ltr'><strong>·1A·</strong></span> <span class='ocrx_word' id='word_1_188' title='bbox 1666 2518 1791 2585; x_wconf 88' lang='lat' dir='ltr'><strong>litteris</strong></span> <span class='ocrx_word' id='word_1_189' title='bbox 1807 2521 1853 2600; x_wconf 79' lang='lat'><strong>¹⁹)</strong></span> 
     </span>
     <span class='ocr_line' id='line_1_21' title="bbox 387 2617 1442 2710; baseline 0.004 -30"><span class='ocrx_word' id='word_1_190' title='bbox 387 2617 616 2696; x_wconf 86' lang='lat' dir='ltr'><strong>deliniuntur,</strong></span> <span class='ocrx_word' id='word_1_191' title='bbox 640 2635 807 2706; x_wconf 87' lang='lat' dir='ltr'><strong>quantum</strong></span> <span class='ocrx_word' id='word_1_192' title='bbox 830 2626 917 2688; x_wconf 87' lang='lat' dir='ltr'><strong>ratio</strong></span> <span class='ocrx_word' id='word_1_193' title='bbox 941 2624 1121 2710; x_wconf 85' lang='lat' dir='ltr'><strong>poscebat,</strong></span> <span class='ocrx_word' id='word_1_194' title='bbox 1146 2623 1368 2689; x_wconf 82' lang='lat' dir='ltr'><strong>tractavimus</strong></span> <span class='ocrx_word' id='word_1_195' title='bbox 1388 2617 1442 2706; x_wconf 77' lang='lat'><em>³⁰).</em></span> 
     </span>
    </p>

    <p class='ocr_par' dir='ltr' id='par_1_5' title="bbox 378 2720 1854 3016">
     <span class='ocr_line' id='line_1_22' title="bbox 464 2720 1854 2811; baseline 0.001 -28"><span class='ocrx_word' id='word_1_196' title='bbox 464 2720 519 2784; x_wconf 89' lang='lat' dir='ltr'><strong>De</strong></span> <span class='ocrx_word' id='word_1_197' title='bbox 543 2722 694 2788; x_wconf 89' lang='lat' dir='ltr'><strong>ablativo</strong></span> <span class='ocrx_word' id='word_1_198' title='bbox 718 2745 800 2789; x_wconf 88' lang='lat' dir='ltr'><strong>casu</strong></span> <span class='ocrx_word' id='word_1_199' title='bbox 826 2727 963 2790; x_wconf 88' lang='lat' dir='ltr'><strong>numeri</strong></span> <span class='ocrx_word' id='word_1_200' title='bbox 985 2727 1187 2811; x_wconf 84' lang='lat' dir='ltr'><strong>singularis,</strong></span> <span class='ocrx_word' id='word_1_201' title='bbox 1216 2726 1277 2810; x_wconf 90' lang='lat' dir='ltr'><strong>qni</strong></span> <span class='ocrx_word' id='word_1_202' title='bbox 1300 2742 1495 2808; x_wconf 78' lang='lat' dir='ltr'><strong>exgenere</strong></span> <span class='ocrx_word' id='word_1_203' title='bbox 1518 2721 1696 2788; x_wconf 89' lang='lat' dir='ltr'><strong>communi</strong></span> <span class='ocrx_word' id='word_1_204' title='bbox 1718 2720 1771 2786; x_wconf 80' lang='grc' dir='ltr'><strong>·Α·</strong></span> <span class='ocrx_word' id='word_1_205' title='bbox 1793 2720 1854 2788; x_wconf 87' lang='lat' dir='ltr'><strong>lit·</strong></span> 
     </span>
     <span class='ocr_line' id='line_1_23' title="bbox 379 2816 1852 2914; baseline 0.001 -30"><span class='ocrx_word' id='word_1_206' title='bbox 379 2834 452 2886; x_wconf 84' lang='lat' dir='ltr'><strong>tera</strong></span> <span class='ocrx_word' id='word_1_207' title='bbox 475 2825 694 2903; x_wconf 84' lang='lat' dir='ltr'><strong>terminatur,</strong></span> <span class='ocrx_word' id='word_1_208' title='bbox 719 2841 888 2910; x_wconf 89' lang='lat' dir='ltr'><strong>quantum</strong></span> <span class='ocrx_word' id='word_1_209' title='bbox 911 2829 1000 2893; x_wconf 87' lang='lat' dir='ltr'><strong>ratio</strong></span> <span class='ocrx_word' id='word_1_210' title='bbox 1023 2827 1200 2914; x_wconf 88' lang='lat' dir='ltr'><strong>poscebat,</strong></span> <span class='ocrx_word' id='word_1_211' title='bbox 1224 2828 1469 2903; x_wconf 81' lang='lat' dir='ltr'><strong>tractavimut,</strong></span> <span class='ocrx_word' id='word_1_212' title='bbox 1492 2838 1528 2892; x_wconf 89' lang='lat' dir='ltr'><strong>et</strong></span> <span class='ocrx_word' id='word_1_213' title='bbox 1549 2825 1628 2892; x_wconf 90' lang='lat' dir='ltr'><strong>ideo</strong></span> <span class='ocrx_word' id='word_1_214' title='bbox 1651 2825 1721 2889; x_wconf 89' lang='lat' dir='ltr'><strong>iam</strong></span> <span class='ocrx_word' id='word_1_215' title='bbox 1740 2816 1782 2902; x_wconf 84' lang='lat'><strong>³¹)</strong></span> <span class='ocrx_word' id='word_1_216' title='bbox 1806 2821 1852 2886; x_wconf 87' lang='lat' dir='ltr'><strong>de</strong></span> 
     </span>
     <span class='ocr_line' id='line_1_24' title="bbox 378 2915 1853 3016; baseline 0.003 -30"><span class='ocrx_word' id='word_1_217' title='bbox 378 2922 529 2990; x_wconf 85' lang='lat' dir='ltr'><strong>ablativo</strong></span> <span class='ocrx_word' id='word_1_218' title='bbox 552 2947 634 2990; x_wconf 87' lang='lat' dir='ltr'><strong>casu</strong></span> <span class='ocrx_word' id='word_1_219' title='bbox 655 2931 794 2993; x_wconf 85' lang='lat' dir='ltr'><strong>numeri</strong></span> <span class='ocrx_word' id='word_1_220' title='bbox 817 2930 1013 3014; x_wconf 81' lang='lat' dir='ltr'><strong>singularis,</strong></span> <span class='ocrx_word' id='word_1_221' title='bbox 1038 2931 1098 3016; x_wconf 91' lang='lat' dir='ltr'><strong>qui</strong></span> <span class='ocrx_word' id='word_1_222' title='bbox 1122 2930 1173 2994; x_wconf 89' lang='lat' dir='ltr'><strong>·E·</strong></span> <span class='ocrx_word' id='word_1_223' title='bbox 1195 2929 1311 2995; x_wconf 90' lang='lat' dir='ltr'><strong>littera</strong></span> <span class='ocrx_word' id='word_1_224' title='bbox 1327 2929 1551 3006; x_wconf 86' lang='lat' dir='ltr'><strong>terminatur,</strong></span> <span class='ocrx_word' id='word_1_225' title='bbox 1574 2927 1783 3013; x_wconf 82' lang='lat' dir='ltr'><strong>incipiamus</strong></span> <span class='ocrx_word' id='word_1_226' title='bbox 1798 2915 1853 3009; x_wconf 79' lang='lat'><em>³³).</em></span> 
     </span>
    </p>

    <p class='ocr_par' dir='ltr' id='par_1_6' title="bbox 377 3019 1853 3424">
     <span class='ocr_line' id='line_1_25' title="bbox 463 3019 1835 3115; baseline -0.001 -23"><span class='ocrx_word' id='word_1_227' title='bbox 463 3029 538 3094; x_wconf 75' lang='lat' dir='ltr'><strong>uto.</strong></span> <span class='ocrx_word' id='word_1_228' title='bbox 561 3029 625 3093; x_wconf 88' lang='lat' dir='ltr'><strong>DE</strong></span> <span class='ocrx_word' id='word_1_229' title='bbox 640 3030 691 3094; x_wconf 82' lang='lat' dir='ltr'><strong>·E·</strong></span> <span class='ocrx_word' id='word_1_230' title='bbox 707 3025 763 3114; x_wconf 87' lang='lat'><em>³³).</em></span> <span class='ocrx_word' id='word_1_231' title='bbox 789 3031 840 3095; x_wconf 88' lang='lat' dir='ltr'><strong>·E·</strong></span> <span class='ocrx_word' id='word_1_232' title='bbox 862 3033 977 3098; x_wconf 86' lang='lat' dir='ltr'><strong>littera</strong></span> <span class='ocrx_word' id='word_1_233' title='bbox 1000 3032 1171 3097; x_wconf 86' lang='lat' dir='ltr'><strong>ablativus</strong></span> <span class='ocrx_word' id='word_1_234' title='bbox 1193 3053 1292 3098; x_wconf 89' lang='lat' dir='ltr'><strong>casus</strong></span> <span class='ocrx_word' id='word_1_235' title='bbox 1312 3033 1452 3096; x_wconf 89' lang='lat' dir='ltr'><strong>numeri</strong></span> <span class='ocrx_word' id='word_1_236' title='bbox 1466 3029 1651 3115; x_wconf 76' lang='lat' dir='ltr'><strong>singularis</strong></span> <span class='ocrx_word' id='word_1_237' title='bbox 1664 3019 1707 3112; x_wconf 75' lang='lat'><strong>³⁴)</strong></span> <span class='ocrx_word' id='word_1_238' title='bbox 1729 3029 1835 3092; x_wconf 84' lang='lat' dir='ltr'><strong>tevmi</strong></span> 
     </span>
     <span class='ocr_line' id='line_1_26' title="bbox 377 3127 1853 3224; baseline 0.001 -34"><span class='ocrx_word' id='word_1_239' title='bbox 377 3141 478 3224; x_wconf 75' lang='lat' dir='ltr'><strong>natus</strong></span> <span class='ocrx_word' id='word_1_240' title='bbox 506 3131 683 3217; x_wconf 82' lang='lat' dir='ltr'><strong>duplicem</strong></span> <span class='ocrx_word' id='word_1_241' title='bbox 711 3133 956 3200; x_wconf 85' lang='lat' dir='ltr'><strong>declinationis</strong></span> <span class='ocrx_word' id='word_1_242' title='bbox 988 3137 1144 3200; x_wconf 91' lang='lat' dir='ltr'><strong>continet</strong></span> <span class='ocrx_word' id='word_1_243' title='bbox 1170 3135 1329 3200; x_wconf 81' lang='lat' dir='ltr'><strong>formam.</strong></span> <span class='ocrx_word' id='word_1_244' title='bbox 1359 3133 1440 3198; x_wconf 86' lang='lat' dir='ltr'><strong>Una</strong></span> <span class='ocrx_word' id='word_1_245' title='bbox 1471 3135 1564 3198; x_wconf 89' lang='lat' dir='ltr'><strong>enim</strong></span> <span class='ocrx_word' id='word_1_246' title='bbox 1594 3145 1666 3207; x_wconf 86' lang='lat' dir='ltr'><strong>est,</strong></span> <span class='ocrx_word' id='word_1_247' title='bbox 1695 3149 1785 3216; x_wconf 88' lang='lat' dir='ltr'><strong>quae</strong></span> <span class='ocrx_word' id='word_1_248' title='bbox 1808 3127 1853 3192; x_wconf 89' lang='lat' dir='ltr'><strong>ab</strong></span> 
     </span>
     <span class='ocr_line' id='line_1_27' title="bbox 379 3227 1852 3322; baseline 0.001 -28"><span class='ocrx_word' id='word_1_249' title='bbox 379 3230 429 3294; x_wconf 90' lang='lat' dir='ltr'><strong>·E·</strong></span> <span class='ocrx_word' id='word_1_250' title='bbox 459 3233 632 3316; x_wconf 89' lang='lat' dir='ltr'><strong>producto</strong></span> <span class='ocrx_word' id='word_1_251' title='bbox 660 3237 779 3300; x_wconf 90' lang='lat' dir='ltr'><strong>venire</strong></span> <span class='ocrx_word' id='word_1_252' title='bbox 811 3236 1024 3322; x_wconf 80' lang='lat' dir='ltr'><strong>intellegitur</strong></span> <span class='ocrx_word' id='word_1_253' title='bbox 1042 3228 1103 3320; x_wconf 77' lang='lat'><strong>³⁵);</strong></span> <span class='ocrx_word' id='word_1_254' title='bbox 1127 3236 1195 3300; x_wconf 87' lang='lat' dir='ltr'><strong>alia</strong></span> <span class='ocrx_word' id='word_1_255' title='bbox 1224 3257 1321 3314; x_wconf 90' lang='lat' dir='ltr'><strong>vero,</strong></span> <span class='ocrx_word' id='word_1_256' title='bbox 1353 3255 1443 3322; x_wconf 87' lang='lat' dir='ltr'><strong>quae</strong></span> <span class='ocrx_word' id='word_1_257' title='bbox 1465 3227 1509 3318; x_wconf 72' lang='grc' dir='ltr'><strong>3ιί)</strong></span> <span class='ocrx_word' id='word_1_258' title='bbox 1538 3233 1581 3300; x_wconf 85' lang='lat' dir='ltr'><strong>ab</strong></span> <span class='ocrx_word' id='word_1_259' title='bbox 1611 3233 1663 3298; x_wconf 90' lang='lat' dir='ltr'><strong>·E·</strong></span> <span class='ocrx_word' id='word_1_260' title='bbox 1686 3242 1852 3318; x_wconf 85' lang='lat' dir='ltr'><strong>correpto</strong></span> 
     </span>
     <span class='ocr_line' id='line_1_28' title="bbox 377 3325 1698 3424; baseline 0.002 -28"><span class='ocrx_word' id='word_1_261' title='bbox 377 3333 497 3398; x_wconf 87' lang='lat' dir='ltr'><strong>venire</strong></span> <span class='ocrx_word' id='word_1_262' title='bbox 520 3337 710 3422; x_wconf 71' lang='lat' dir='ltr'><strong>repet-itum</strong></span> <span class='ocrx_word' id='word_1_263' title='bbox 733 3351 768 3402; x_wconf 89' lang='lat' dir='ltr'><strong>et</strong></span> <span class='ocrx_word' id='word_1_264' title='bbox 790 3338 869 3403; x_wconf 88' lang='lat' dir='ltr'><strong>ideo</strong></span> <span class='ocrx_word' id='word_1_265' title='bbox 891 3339 1072 3424; x_wconf 82' lang='lat' dir='ltr'><strong>utriusque</strong></span> <span class='ocrx_word' id='word_1_266' title='bbox 1095 3338 1227 3404; x_wconf 86' lang='lat' dir='ltr'><strong>lormoe</strong></span> <span class='ocrx_word' id='word_1_267' title='bbox 1250 3339 1401 3404; x_wconf 83' lang='lat' dir='ltr'><strong>rationes</strong></span> <span class='ocrx_word' id='word_1_268' title='bbox 1424 3335 1613 3414; x_wconf 84' lang='lat' dir='ltr'><strong>subicimus</strong></span> <span class='ocrx_word' id='word_1_269' title='bbox 1643 3325 1698 3419; x_wconf 77' lang='lat'><strong>⁵⁷).</strong></span> 
     </span>
    </p>

    <p class='ocr_par' dir='ltr' id='par_1_7' title="bbox 379 3430 1851 3625">
     <span class='ocr_line' id='line_1_29' title="bbox 465 3430 1851 3527; baseline 0.001 -26"><span class='ocrx_word' id='word_1_270' title='bbox 465 3440 538 3502; x_wconf 72' lang='lat'><em>247.</em></span> <span class='ocrx_word' id='word_1_271' title='bbox 567 3438 627 3502; x_wconf 91' lang='lat' dir='ltr'><strong>De</strong></span> <span class='ocrx_word' id='word_1_272' title='bbox 658 3439 710 3502; x_wconf 78' lang='lat' dir='ltr'><strong>·li·</strong></span> <span class='ocrx_word' id='word_1_273' title='bbox 737 3440 959 3527; x_wconf 89' lang='lat' dir='ltr'><strong>producto</strong></span> <span class='ocrx_word' id='word_1_274' title='bbox 983 3433 1036 3523; x_wconf 79' lang='lat'><strong>⁵⁸).</strong></span> <span class='ocrx_word' id='word_1_275' title='bbox 1066 3441 1118 3504; x_wconf 87' lang='lat' dir='ltr'><strong>·E·</strong></span> <span class='ocrx_word' id='word_1_276' title='bbox 1147 3441 1264 3504; x_wconf 86' lang='lat' dir='ltr'><strong>littera</strong></span> <span class='ocrx_word' id='word_1_277' title='bbox 1290 3437 1461 3525; x_wconf 86' lang='lat' dir='ltr'><strong>producta</strong></span> <span class='ocrx_word' id='word_1_278' title='bbox 1488 3435 1658 3502; x_wconf 85' lang='lat' dir='ltr'><strong>ablativus</strong></span> <span class='ocrx_word' id='word_1_279' title='bbox 1678 3430 1721 3522; x_wconf 79' lang='lat'><strong>³⁹)</strong></span> <span class='ocrx_word' id='word_1_280' title='bbox 1750 3455 1851 3503; x_wconf 79' lang='lat' dir='ltr'><strong>casua</strong></span> 
     </span>
     <span class='ocr_line' id='line_1_30' title="bbox 379 3539 1656 3625; baseline 0.004 -26"><span class='ocrx_word' id='word_1_281' title='bbox 379 3539 515 3602; x_wconf 89' lang='lat' dir='ltr'><strong>numeri</strong></span> <span class='ocrx_word' id='word_1_282' title='bbox 538 3539 722 3624; x_wconf 80' lang='lat' dir='ltr'><strong>singularis</strong></span> <span class='ocrx_word' id='word_1_283' title='bbox 744 3543 948 3607; x_wconf 86' lang='lat' dir='ltr'><strong>terminatus</strong></span> <span class='ocrx_word' id='word_1_284' title='bbox 970 3542 1176 3607; x_wconf 75' lang='lat' dir='ltr'><strong>femininum</strong></span> <span class='ocrx_word' id='word_1_285' title='bbox 1198 3561 1308 3625; x_wconf 84' lang='lat' dir='ltr'><strong>genus</strong></span> <span class='ocrx_word' id='word_1_286' title='bbox 1330 3541 1487 3605; x_wconf 89' lang='lat' dir='ltr'><strong>continet</strong></span> <span class='ocrx_word' id='word_1_287' title='bbox 1509 3551 1656 3604; x_wconf 85' lang='lat' dir='ltr'><strong>tsnmm.</strong></span> 
     </span>
    </p>

    <p class='ocr_par' dir='ltr' id='par_1_8' title="bbox 463 3639 1854 3728">
     <span class='ocr_line' id='line_1_31' title="bbox 463 3639 1854 3728; baseline 0 -22"><span class='ocrx_word' id='word_1_288' title='bbox 463 3643 539 3708; x_wconf 77' lang='grc'><strong>248.</strong></span> <span class='ocrx_word' id='word_1_289' title='bbox 573 3642 636 3706; x_wconf 85' lang='grc' dir='ltr'><strong>1)ο</strong></span> <span class='ocrx_word' id='word_1_290' title='bbox 670 3663 829 3728; x_wconf 76' lang='lat' dir='ltr'><strong>genere</strong></span> <span class='ocrx_word' id='word_1_291' title='bbox 866 3645 1079 3709; x_wconf 89' lang='lat' dir='ltr'><strong>teminiuo</strong></span> <span class='ocrx_word' id='word_1_292' title='bbox 1101 3639 1155 3728; x_wconf 78' lang='lat'><strong>⁴⁰).</strong></span> <span class='ocrx_word' id='word_1_293' title='bbox 1192 3643 1368 3707; x_wconf 84' lang='lat' dir='ltr'><strong>Feminini</strong></span> <span class='ocrx_word' id='word_1_294' title='bbox 1396 3641 1535 3726; x_wconf 82' lang='lat' dir='ltr'><strong>generis</strong></span> <span class='ocrx_word' id='word_1_295' title='bbox 1569 3641 1714 3705; x_wconf 86' lang='lat' dir='ltr'><strong>nomina</strong></span> <span class='ocrx_word' id='word_1_296' title='bbox 1743 3640 1854 3706; x_wconf 84' lang='lat' dir='ltr'><strong>latina</strong></span> 
     </span>
    </p>
   </div>
   <div class='ocr_carea' id='block_1_3' title="bbox 425 3823 1872 5301">
    <p class='ocr_par' dir='ltr' id='par_1_9' title="bbox 425 3823 1872 5301">
     <span class='ocr_line' id='line_1_32' title="bbox 425 3823 1855 3901; baseline 0.004 -23"><span class='ocrx_word' id='word_1_297' title='bbox 425 3829 460 3901; x_wconf 76' lang='lat'><strong>¹⁹)</strong></span> <span class='ocrx_word' id='word_1_298' title='bbox 485 3823 539 3880; x_wconf 88' lang='lat' dir='ltr'><strong>boo</strong></span> <span class='ocrx_word' id='word_1_299' title='bbox 558 3829 594 3884; x_wconf 90' lang='lat' dir='ltr'><em>V.</em></span> <span class='ocrx_word' id='word_1_300' title='bbox 613 3857 649 3870; x_wconf 90' lang='grc'><strong>--</strong></span> <span class='ocrx_word' id='word_1_301' title='bbox 666 3836 699 3880; x_wconf 89' lang='lat' dir='ltr'><strong>nt</strong></span> <span class='ocrx_word' id='word_1_302' title='bbox 716 3828 747 3885; x_wconf 87' lang='lat' dir='ltr'><strong>P.</strong></span> <span class='ocrx_word' id='word_1_303' title='bbox 764 3833 902 3900; x_wconf 80' lang='lat' dir='ltr'><strong>scriptura</strong></span> <span class='ocrx_word' id='word_1_304' title='bbox 921 3827 971 3884; x_wconf 76' lang='lat' dir='ltr'><strong>toti</strong></span> <span class='ocrx_word' id='word_1_305' title='bbox 988 3831 1020 3882; x_wconf 93' lang='grc' dir='ltr'><strong>Β.</strong></span> <span class='ocrx_word' id='word_1_306' title='bbox 1039 3829 1065 3882; x_wconf 82' lang='lat' dir='ltr'><strong>it.</strong></span> <span class='ocrx_word' id='word_1_307' title='bbox 1085 3831 1104 3883; x_wconf 84' lang='lat' dir='ltr'><strong>l.</strong></span> <span class='ocrx_word' id='word_1_308' title='bbox 1131 3830 1248 3882; x_wconf 77' lang='lat' dir='ltr'><strong>evanida</strong></span> <span class='ocrx_word' id='word_1_309' title='bbox 1272 3830 1310 3883; x_wconf 79' lang='lat' dir='ltr'><strong>A.</strong></span> <span class='ocrx_word' id='word_1_310' title='bbox 1336 3827 1403 3880; x_wconf 78' lang='lat' dir='ltr'><strong>isiet.</strong></span> <span class='ocrx_word' id='word_1_311' title='bbox 1431 3826 1467 3897; x_wconf 83' lang='grc'><strong>’·)</strong></span> <span class='ocrx_word' id='word_1_312' title='bbox 1486 3834 1603 3899; x_wconf 77' lang='lat' dir='ltr'><strong>utputa</strong></span> <span class='ocrx_word' id='word_1_313' title='bbox 1619 3863 1674 3882; x_wconf 86' lang='grc'><strong>...</strong></span> <span class='ocrx_word' id='word_1_314' title='bbox 1693 3867 1700 3884; x_wconf 94' lang='grc'><em>.</em></span> <span class='ocrx_word' id='word_1_315' title='bbox 1721 3837 1855 3884; x_wconf 78' lang='lat' dir='ltr'><strong>crescunt</strong></span> 
     </span>
     <span class='ocr_line' id='line_1_33' title="bbox 486 3907 1855 3990; baseline 0.001 -22"><span class='ocrx_word' id='word_1_316' title='bbox 486 3915 518 3968; x_wconf 98' lang='grc' dir='ltr'><strong>Β.</strong></span> <span class='ocrx_word' id='word_1_317' title='bbox 536 3915 571 3968; x_wconf 91' lang='lat' dir='ltr'><em>V.</em></span> <span class='ocrx_word' id='word_1_318' title='bbox 586 3917 615 3968; x_wconf 81' lang='lat' dir='ltr'><em>P.</em></span> <span class='ocrx_word' id='word_1_319' title='bbox 633 3938 670 3964; x_wconf 92' lang='lat'>=</span> <span class='ocrx_word' id='word_1_320' title='bbox 687 3915 724 3969; x_wconf 97' lang='lat' dir='ltr'><strong>A.</strong></span> <span class='ocrx_word' id='word_1_321' title='bbox 743 3917 790 3968; x_wconf 83' lang='lat' dir='ltr'><strong>sed</strong></span> <span class='ocrx_word' id='word_1_322' title='bbox 803 3915 885 3969; x_wconf 77' lang='lat' dir='ltr'><strong>latet</strong></span> <span class='ocrx_word' id='word_1_323' title='bbox 899 3936 962 3969; x_wconf 76' lang='lat' dir='ltr'><strong>moa</strong></span> <span class='ocrx_word' id='word_1_324' title='bbox 974 3922 1049 3986; x_wconf 76' lang='lat' dir='ltr'><strong>infra</strong></span> <span class='ocrx_word' id='word_1_325' title='bbox 1062 3919 1123 3970; x_wconf 86' lang='lat' dir='ltr'><strong>ioco</strong></span> <span class='ocrx_word' id='word_1_326' title='bbox 1139 3907 1324 3990; x_wconf 78' lang='lat' dir='ltr'><strong>praeposiero.</strong></span> <span class='ocrx_word' id='word_1_327' title='bbox 1344 3915 1409 3969; x_wconf 83' lang='lat' dir='ltr'><strong>Vid.</strong></span> <span class='ocrx_word' id='word_1_328' title='bbox 1425 3919 1469 3973; x_wconf 72' lang='grc'><strong>24.</strong></span> <span class='ocrx_word' id='word_1_329' title='bbox 1489 3915 1526 3983; x_wconf 89' lang='grc'><strong>”)</strong></span> <span class='ocrx_word' id='word_1_330' title='bbox 1545 3911 1708 3984; x_wconf 72' lang='lat' dir='ltr'><strong>glossemata</strong></span> <span class='ocrx_word' id='word_1_331' title='bbox 1727 3919 1765 3972; x_wconf 88' lang='lat' dir='ltr'><strong>V.</strong></span> <span class='ocrx_word' id='word_1_332' title='bbox 1779 3918 1855 3971; x_wconf 88' lang='lat' dir='ltr'><strong>A.-</strong></span> 
     </span>
     <span class='ocr_line' id='line_1_34' title="bbox 487 4001 1854 4076; baseline 0.002 -21"><span class='ocrx_word' id='word_1_333' title='bbox 487 4011 592 4055; x_wconf 86' lang='lat' dir='ltr'><strong>sumata</strong></span> <span class='ocrx_word' id='word_1_334' title='bbox 600 4001 632 4056; x_wconf 87' lang='lat' dir='ltr'><em>B.</em></span> <span class='ocrx_word' id='word_1_335' title='bbox 641 4005 763 4074; x_wconf 80' lang='lat' dir='ltr'><strong>pluribus</strong></span> <span class='ocrx_word' id='word_1_336' title='bbox 773 4005 910 4056; x_wconf 85' lang='lat' dir='ltr'><strong>elementia</strong></span> <span class='ocrx_word' id='word_1_337' title='bbox 917 4004 1166 4057; x_wconf 79' lang='lat' dir='ltr'><strong>evanidia-arnra</strong></span> <span class='ocrx_word' id='word_1_338' title='bbox 1181 4003 1216 4057; x_wconf 89' lang='lat' dir='ltr'><strong>V.</strong></span> <span class='ocrx_word' id='word_1_339' title='bbox 1234 4002 1270 4057; x_wconf 92' lang='lat' dir='ltr'><strong>A.</strong></span> <span class='ocrx_word' id='word_1_340' title='bbox 1291 4005 1326 4074; x_wconf 84' lang='lat'><strong>¹¹)</strong></span> <span class='ocrx_word' id='word_1_341' title='bbox 1340 4003 1513 4074; x_wconf 84' lang='lat' dir='ltr'><strong>reperiantur</strong></span> <span class='ocrx_word' id='word_1_342' title='bbox 1530 4004 1562 4059; x_wconf 88' lang='grc' dir='ltr'><strong>Β.</strong></span> <span class='ocrx_word' id='word_1_343' title='bbox 1581 4037 1616 4048; x_wconf 92' lang='grc'>-</span> <span class='ocrx_word' id='word_1_344' title='bbox 1633 4020 1690 4056; x_wconf 89' lang='lat' dir='ltr'><strong>non</strong></span> <span class='ocrx_word' id='word_1_345' title='bbox 1709 4003 1854 4076; x_wconf 83' lang='lat' dir='ltr'><strong>reperian-</strong></span> 
     </span>
     <span class='ocr_line' id='line_1_35' title="bbox 488 4087 1858 4164; baseline -0.004 -21"><span class='ocrx_word' id='word_1_346' title='bbox 488 4097 533 4143; x_wconf 87' lang='lat' dir='ltr'><strong>tur</strong></span> <span class='ocrx_word' id='word_1_347' title='bbox 551 4092 587 4146; x_wconf 93' lang='lat' dir='ltr'><em>V.</em></span> <span class='ocrx_word' id='word_1_348' title='bbox 600 4089 638 4145; x_wconf 92' lang='lat' dir='ltr'><strong>A.</strong></span> <span class='ocrx_word' id='word_1_349' title='bbox 658 4093 694 4163; x_wconf 81' lang='lat'><strong>⁸¹)</strong></span> <span class='ocrx_word' id='word_1_350' title='bbox 714 4087 868 4162; x_wconf 85' lang='lat' dir='ltr'><strong>probentur</strong></span> <span class='ocrx_word' id='word_1_351' title='bbox 886 4093 917 4146; x_wconf 85' lang='lat' dir='ltr'><em>B.</em></span> <span class='ocrx_word' id='word_1_352' title='bbox 933 4091 969 4145; x_wconf 91' lang='lat' dir='ltr'><strong>A.</strong></span> <span class='ocrx_word' id='word_1_353' title='bbox 988 4122 1025 4134; x_wconf 91' lang='lat'>-</span> <span class='ocrx_word' id='word_1_354' title='bbox 1041 4088 1195 4164; x_wconf 82' lang='lat' dir='ltr'><strong>probantur</strong></span> <span class='ocrx_word' id='word_1_355' title='bbox 1214 4091 1250 4148; x_wconf 92' lang='lat' dir='ltr'><em>V.</em></span> <span class='ocrx_word' id='word_1_356' title='bbox 1278 4093 1316 4163; x_wconf 74' lang='lat'><strong>²⁴)</strong></span> <span class='ocrx_word' id='word_1_357' title='bbox 1336 4087 1478 4144; x_wconf 82' lang='lat' dir='ltr'><strong>declinari.</strong></span> <span class='ocrx_word' id='word_1_358' title='bbox 1501 4092 1610 4146; x_wconf 77' lang='lat' dir='ltr'><strong>Pestis.</strong></span> <span class='ocrx_word' id='word_1_359' title='bbox 1628 4113 1652 4146; x_wconf 83' lang='grc' dir='ltr'><strong>ν.</strong></span> <span class='ocrx_word' id='word_1_360' title='bbox 1667 4097 1696 4146; x_wconf 87' lang='lat' dir='ltr'><strong>in</strong></span> <span class='ocrx_word' id='word_1_361' title='bbox 1705 4092 1741 4146; x_wconf 89' lang='lat' dir='ltr'><strong>A.</strong></span> <span class='ocrx_word' id='word_1_362' title='bbox 1759 4097 1858 4148; x_wconf 82' lang='lat' dir='ltr'><strong>inseri.</strong></span> 
     </span>
     <span class='ocr_line' id='line_1_36' title="bbox 488 4179 1857 4252; baseline 0.002 -20"><span class='ocrx_word' id='word_1_363' title='bbox 488 4192 535 4232; x_wconf 85' lang='lat' dir='ltr'><strong>tur</strong></span> <span class='ocrx_word' id='word_1_364' title='bbox 549 4179 643 4232; x_wconf 75' lang='lat' dir='ltr'><strong>loeus:</strong></span> <span class='ocrx_word' id='word_1_365' title='bbox 667 4186 698 4229; x_wconf 89' lang='lat' dir='ltr'><strong>ut</strong></span> <span class='ocrx_word' id='word_1_366' title='bbox 715 4188 782 4250; x_wconf 87' lang='lat' dir='ltr'><strong>puta</strong></span> <span class='ocrx_word' id='word_1_367' title='bbox 799 4217 806 4232; x_wconf 93' lang='lat'><em>.</em></span> <span class='ocrx_word' id='word_1_368' title='bbox 822 4217 829 4233; x_wconf 91' lang='lat'><em>.</em></span> <span class='ocrx_word' id='word_1_369' title='bbox 845 4217 877 4235; x_wconf 92' lang='lat'><strong>..</strong></span> <span class='ocrx_word' id='word_1_370' title='bbox 897 4188 1040 4243; x_wconf 82' lang='lat' dir='ltr'><strong>crescunt,</strong></span> <span class='ocrx_word' id='word_1_371' title='bbox 1057 4199 1138 4251; x_wconf 79' lang='lat' dir='ltr'><strong>quem</strong></span> <span class='ocrx_word' id='word_1_372' title='bbox 1150 4199 1234 4250; x_wconf 81' lang='lat' dir='ltr'><strong>supra</strong></span> <span class='ocrx_word' id='word_1_373' title='bbox 1247 4180 1315 4252; x_wconf 80' lang='lat' dir='ltr'><strong>(vid.</strong></span> <span class='ocrx_word' id='word_1_374' title='bbox 1329 4181 1376 4252; x_wconf 76' lang='lat'><strong>20)</strong></span> <span class='ocrx_word' id='word_1_375' title='bbox 1395 4179 1486 4232; x_wconf 80' lang='lat' dir='ltr'><strong>deesse</strong></span> <span class='ocrx_word' id='word_1_376' title='bbox 1499 4185 1661 4236; x_wconf 64' lang='lat' dir='ltr'><strong>monmmtte.</strong></span> <span class='ocrx_word' id='word_1_377' title='bbox 1687 4181 1723 4252; x_wconf 78' lang='lat'><strong>⁸⁸)</strong></span> <span class='ocrx_word' id='word_1_378' title='bbox 1743 4181 1857 4235; x_wconf 78' lang='lat' dir='ltr'><strong>efficere</strong></span> 
     </span>
     <span class='ocr_line' id='line_1_37' title="bbox 490 4261 1860 4339; baseline 0.002 -18"><span class='ocrx_word' id='word_1_379' title='bbox 490 4265 526 4321; x_wconf 87' lang='lat' dir='ltr'><strong>V·</strong></span> <span class='ocrx_word' id='word_1_380' title='bbox 540 4265 576 4318; x_wconf 92' lang='lat' dir='ltr'><strong>A.</strong></span> <span class='ocrx_word' id='word_1_381' title='bbox 603 4295 639 4310; x_wconf 88' lang='lat'>-</span> <span class='ocrx_word' id='word_1_382' title='bbox 657 4261 772 4318; x_wconf 76' lang='lat' dir='ltr'><strong>effecere</strong></span> <span class='ocrx_word' id='word_1_383' title='bbox 792 4267 822 4319; x_wconf 89' lang='lat' dir='ltr'><em>B.</em></span> <span class='ocrx_word' id='word_1_384' title='bbox 843 4267 878 4339; x_wconf 78' lang='lat'><strong>¹⁶)</strong></span> <span class='ocrx_word' id='word_1_385' title='bbox 897 4263 965 4318; x_wconf 84' lang='lat' dir='ltr'><strong>baec</strong></span> <span class='ocrx_word' id='word_1_386' title='bbox 983 4266 1015 4319; x_wconf 88' lang='grc' dir='ltr'><strong>Β.</strong></span> <span class='ocrx_word' id='word_1_387' title='bbox 1033 4267 1069 4323; x_wconf 87' lang='lat' dir='ltr'><em>V.</em></span> <span class='ocrx_word' id='word_1_388' title='bbox 1085 4263 1186 4318; x_wconf 85' lang='lat' dir='ltr'><strong>—bae</strong></span> <span class='ocrx_word' id='word_1_389' title='bbox 1204 4269 1240 4320; x_wconf 88' lang='lat' dir='ltr'><strong>A.</strong></span> <span class='ocrx_word' id='word_1_390' title='bbox 1270 4271 1305 4337; x_wconf 81' lang='lat'><strong>¹⁷)</strong></span> <span class='ocrx_word' id='word_1_391' title='bbox 1331 4263 1383 4318; x_wconf 89' lang='lat' dir='ltr'><strong>hac</strong></span> <span class='ocrx_word' id='word_1_392' title='bbox 1405 4266 1442 4322; x_wconf 94' lang='lat' dir='ltr'><em>V.</em></span> <span class='ocrx_word' id='word_1_393' title='bbox 1457 4267 1494 4324; x_wconf 87' lang='lat' dir='ltr'><strong>A.</strong></span> <span class='ocrx_word' id='word_1_394' title='bbox 1512 4299 1550 4311; x_wconf 94' lang='lat'><em>-</em></span> <span class='ocrx_word' id='word_1_395' title='bbox 1566 4265 1633 4320; x_wconf 83' lang='lat' dir='ltr'><strong>baec</strong></span> <span class='ocrx_word' id='word_1_396' title='bbox 1652 4269 1684 4322; x_wconf 85' lang='lat' dir='ltr'><em>B.</em></span> <span class='ocrx_word' id='word_1_397' title='bbox 1704 4270 1741 4336; x_wconf 80' lang='lat'><strong>¹⁸)</strong></span> <span class='ocrx_word' id='word_1_398' title='bbox 1761 4269 1860 4324; x_wconf 78' lang='lat' dir='ltr'><strong>urmi-</strong></span> 
     </span>
     <span class='ocr_line' id='line_1_38' title="bbox 488 4351 1860 4428; baseline 0.004 -22"><span class='ocrx_word' id='word_1_399' title='bbox 488 4361 588 4406; x_wconf 88' lang='lat' dir='ltr'><strong>nautur</strong></span> <span class='ocrx_word' id='word_1_400' title='bbox 607 4353 643 4406; x_wconf 89' lang='lat' dir='ltr'><em>V.</em></span> <span class='ocrx_word' id='word_1_401' title='bbox 657 4351 693 4406; x_wconf 91' lang='lat' dir='ltr'><strong>A.</strong></span> <span class='ocrx_word' id='word_1_402' title='bbox 713 4383 750 4396; x_wconf 93' lang='lat'>-</span> <span class='ocrx_word' id='word_1_403' title='bbox 768 4355 928 4407; x_wconf 81' lang='lat' dir='ltr'><strong>terminatur</strong></span> <span class='ocrx_word' id='word_1_404' title='bbox 945 4356 978 4412; x_wconf 86' lang='lat' dir='ltr'><em>B.</em></span> <span class='ocrx_word' id='word_1_405' title='bbox 1006 4354 1044 4427; x_wconf 76' lang='lat'><strong>¹⁹)</strong></span> <span class='ocrx_word' id='word_1_406' title='bbox 1064 4353 1239 4408; x_wconf 65' lang='lat' dir='ltr'><strong>intineris</strong></span> <span class='ocrx_word' id='word_1_407' title='bbox 1259 4355 1294 4408; x_wconf 88' lang='lat' dir='ltr'><strong>V.</strong></span> <span class='ocrx_word' id='word_1_408' title='bbox 1310 4355 1340 4408; x_wconf 87' lang='grc' dir='ltr'><strong>Ρ.</strong></span> <span class='ocrx_word' id='word_1_409' title='bbox 1363 4384 1394 4396; x_wconf 95' lang='grc'><strong>-</strong></span> <span class='ocrx_word' id='word_1_410' title='bbox 1415 4358 1456 4408; x_wconf 83' lang='grc' dir='ltr'><strong>·Α·</strong></span> <span class='ocrx_word' id='word_1_411' title='bbox 1474 4353 1566 4409; x_wconf 86' lang='lat' dir='ltr'><strong>littera</strong></span> <span class='ocrx_word' id='word_1_412' title='bbox 1584 4355 1622 4409; x_wconf 88' lang='lat' dir='ltr'><strong>A.</strong></span> <span class='ocrx_word' id='word_1_413' title='bbox 1649 4357 1684 4428; x_wconf 77' lang='lat'><strong>⁵⁶)</strong></span> <span class='ocrx_word' id='word_1_414' title='bbox 1704 4357 1749 4408; x_wconf 83' lang='lat' dir='ltr'><strong>De</strong></span> <span class='ocrx_word' id='word_1_415' title='bbox 1767 4357 1860 4411; x_wconf 86' lang='lat' dir='ltr'><strong>lenna</strong></span> 
     </span>
     <span class='ocr_line' id='line_1_39' title="bbox 490 4441 1860 4516; baseline 0.004 -22"><span class='ocrx_word' id='word_1_416' title='bbox 490 4482 495 4494; x_wconf 93' lang='lat'><em>.</em></span> <span class='ocrx_word' id='word_1_417' title='bbox 517 4481 523 4494; x_wconf 97' lang='lat'><em>.</em></span> <span class='ocrx_word' id='word_1_418' title='bbox 543 4481 550 4492; x_wconf 94' lang='lat'><em>.</em></span> <span class='ocrx_word' id='word_1_419' title='bbox 572 4479 580 4497; x_wconf 95' lang='lat'><em>.</em></span> <span class='ocrx_word' id='word_1_420' title='bbox 600 4443 773 4496; x_wconf 82' lang='lat' dir='ltr'><strong>tractavimus</strong></span> <span class='ocrx_word' id='word_1_421' title='bbox 794 4443 831 4496; x_wconf 87' lang='lat' dir='ltr'><strong>V.</strong></span> <span class='ocrx_word' id='word_1_422' title='bbox 847 4443 884 4495; x_wconf 83' lang='lat' dir='ltr'><strong>A.</strong></span> <span class='ocrx_word' id='word_1_423' title='bbox 904 4471 939 4484; x_wconf 90' lang='lat'><em>-</em></span> <span class='ocrx_word' id='word_1_424' title='bbox 957 4441 1000 4494; x_wconf 85' lang='lat' dir='ltr'><strong>De</strong></span> <span class='ocrx_word' id='word_1_425' title='bbox 1018 4441 1104 4494; x_wconf 78' lang='lat' dir='ltr'><strong>forma</strong></span> <span class='ocrx_word' id='word_1_426' title='bbox 1122 4442 1310 4513; x_wconf 82' lang='lat' dir='ltr'><strong>suprascripta</strong></span> <span class='ocrx_word' id='word_1_427' title='bbox 1328 4443 1436 4512; x_wconf 78' lang='lat' dir='ltr'><strong>generis</strong></span> <span class='ocrx_word' id='word_1_428' title='bbox 1455 4444 1618 4508; x_wconf 84' lang='lat' dir='ltr'><strong>communis,</strong></span> <span class='ocrx_word' id='word_1_429' title='bbox 1636 4452 1769 4516; x_wconf 85' lang='lat' dir='ltr'><strong>quantum</strong></span> <span class='ocrx_word' id='word_1_430' title='bbox 1783 4446 1860 4499; x_wconf 86' lang='lat' dir='ltr'><strong>ratio</strong></span> 
     </span>
     <span class='ocr_line' id='line_1_40' title="bbox 488 4526 1861 4604; baseline 0 -22"><span class='ocrx_word' id='word_1_431' title='bbox 488 4526 623 4604; x_wconf 86' lang='lat' dir='ltr'><strong>poscebat</strong></span> <span class='ocrx_word' id='word_1_432' title='bbox 648 4530 822 4584; x_wconf 84' lang='lat' dir='ltr'><strong>tractavimus</strong></span> <span class='ocrx_word' id='word_1_433' title='bbox 847 4531 880 4585; x_wconf 89' lang='lat' dir='ltr'><em>B.</em></span> <span class='ocrx_word' id='word_1_434' title='bbox 909 4530 947 4601; x_wconf 82' lang='lat'><strong>³¹)</strong></span> <span class='ocrx_word' id='word_1_435' title='bbox 965 4529 1019 4581; x_wconf 86' lang='lat' dir='ltr'><strong>iam</strong></span> <span class='ocrx_word' id='word_1_436' title='bbox 1038 4529 1074 4584; x_wconf 91' lang='lat' dir='ltr'><em>V.</em></span> <span class='ocrx_word' id='word_1_437' title='bbox 1094 4531 1129 4583; x_wconf 74' lang='lat' dir='ltr'><em>A.</em></span> <span class='ocrx_word' id='word_1_438' title='bbox 1149 4553 1185 4579; x_wconf 87' lang='lat'>=</span> <span class='ocrx_word' id='word_1_439' title='bbox 1202 4529 1236 4587; x_wconf 90' lang='lat' dir='ltr'><em>B.</em></span> <span class='ocrx_word' id='word_1_440' title='bbox 1263 4531 1299 4598; x_wconf 76' lang='lat'><strong>⁸¹)</strong></span> <span class='ocrx_word' id='word_1_441' title='bbox 1318 4529 1482 4601; x_wconf 83' lang='lat' dir='ltr'><strong>incipiamus</strong></span> <span class='ocrx_word' id='word_1_442' title='bbox 1503 4531 1538 4588; x_wconf 92' lang='lat' dir='ltr'><em>V.</em></span> <span class='ocrx_word' id='word_1_443' title='bbox 1560 4530 1596 4584; x_wconf 90' lang='lat' dir='ltr'><strong>A.</strong></span> <span class='ocrx_word' id='word_1_444' title='bbox 1616 4560 1647 4574; x_wconf 91' lang='lat'><em>-</em></span> <span class='ocrx_word' id='word_1_445' title='bbox 1670 4531 1804 4604; x_wconf 81' lang='lat' dir='ltr'><strong>incipiam</strong></span> <span class='ocrx_word' id='word_1_446' title='bbox 1822 4531 1861 4586; x_wconf 82' lang='lat' dir='ltr'><em>B.</em></span> 
     </span>
     <span class='ocr_line' id='line_1_41' title="bbox 490 4607 1862 4692; baseline 0.001 -20"><span class='ocrx_word' id='word_1_447' title='bbox 490 4621 525 4689; x_wconf 67' lang='grc' dir='ltr'><strong>ἰ)</strong></span> <span class='ocrx_word' id='word_1_448' title='bbox 553 4617 596 4672; x_wconf 87' lang='lat' dir='ltr'><strong>De</strong></span> <span class='ocrx_word' id='word_1_449' title='bbox 616 4615 657 4670; x_wconf 83' lang='lat' dir='ltr'><strong>·E·</strong></span> <span class='ocrx_word' id='word_1_450' title='bbox 676 4617 709 4672; x_wconf 87' lang='grc' dir='ltr'><strong>Β.</strong></span> <span class='ocrx_word' id='word_1_451' title='bbox 729 4617 765 4672; x_wconf 88' lang='lat' dir='ltr'><em>V.</em></span> <span class='ocrx_word' id='word_1_452' title='bbox 781 4619 816 4672; x_wconf 88' lang='lat' dir='ltr'><strong>A.</strong></span> <span class='ocrx_word' id='word_1_453' title='bbox 836 4647 869 4661; x_wconf 92' lang='lat'><strong>·-</strong></span> <span class='ocrx_word' id='word_1_454' title='bbox 890 4615 1030 4670; x_wconf 71' lang='lat' dir='ltr'><strong>ablativus</strong></span> <span class='ocrx_word' id='word_1_455' title='bbox 1058 4633 1137 4670; x_wconf 85' lang='lat' dir='ltr'><strong>casus</strong></span> <span class='ocrx_word' id='word_1_456' title='bbox 1164 4615 1274 4691; x_wconf 87' lang='lat' dir='ltr'><strong>quondo</strong></span> <span class='ocrx_word' id='word_1_457' title='bbox 1294 4615 1336 4668; x_wconf 83' lang='lat' dir='ltr'><strong>·E·</strong></span> <span class='ocrx_word' id='word_1_458' title='bbox 1355 4617 1499 4688; x_wconf 77' lang='lat' dir='ltr'><strong>producta,</strong></span> <span class='ocrx_word' id='word_1_459' title='bbox 1521 4613 1632 4692; x_wconf 88' lang='lat' dir='ltr'><strong>qnando</strong></span> <span class='ocrx_word' id='word_1_460' title='bbox 1652 4607 1779 4690; x_wconf 79' lang='lat' dir='ltr'><strong>correpta</strong></span> <span class='ocrx_word' id='word_1_461' title='bbox 1799 4628 1862 4673; x_wconf 80' lang='lat' dir='ltr'><strong>ter-</strong></span> 
     </span>
     <span class='ocr_line' id='line_1_42' title="bbox 489 4703 1866 4778; baseline 0.002 -20"><span class='ocrx_word' id='word_1_462' title='bbox 489 4708 608 4760; x_wconf 87' lang='lat' dir='ltr'><strong>minatur</strong></span> <span class='ocrx_word' id='word_1_463' title='bbox 625 4707 656 4760; x_wconf 85' lang='lat' dir='ltr'><em>P.</em></span> <span class='ocrx_word' id='word_1_464' title='bbox 677 4707 712 4776; x_wconf 81' lang='lat'><strong>⁸⁸)</strong></span> <span class='ocrx_word' id='word_1_465' title='bbox 732 4707 837 4757; x_wconf 87' lang='lat' dir='ltr'><strong>numeri</strong></span> <span class='ocrx_word' id='word_1_466' title='bbox 855 4703 1001 4775; x_wconf 76' lang='lat' dir='ltr'><strong>singularia</strong></span> <span class='ocrx_word' id='word_1_467' title='bbox 1020 4705 1051 4758; x_wconf 91' lang='grc' dir='ltr'><strong>Β.</strong></span> <span class='ocrx_word' id='word_1_468' title='bbox 1070 4704 1106 4760; x_wconf 90' lang='lat' dir='ltr'><em>V.</em></span> <span class='ocrx_word' id='word_1_469' title='bbox 1122 4706 1155 4758; x_wconf 88' lang='lat' dir='ltr'><em>P.</em></span> <span class='ocrx_word' id='word_1_470' title='bbox 1174 4728 1210 4755; x_wconf 94' lang='lat'><em>=</em></span> <span class='ocrx_word' id='word_1_471' title='bbox 1228 4706 1263 4759; x_wconf 92' lang='lat' dir='ltr'><strong>A.</strong></span> <span class='ocrx_word' id='word_1_472' title='bbox 1292 4707 1327 4774; x_wconf 78' lang='lat'><strong>³⁵)</strong></span> <span class='ocrx_word' id='word_1_473' title='bbox 1346 4703 1517 4776; x_wconf 78' lang='lat' dir='ltr'><strong>intellegitur</strong></span> <span class='ocrx_word' id='word_1_474' title='bbox 1536 4705 1566 4760; x_wconf 88' lang='grc' dir='ltr'><strong>Β.</strong></span> <span class='ocrx_word' id='word_1_475' title='bbox 1582 4705 1618 4762; x_wconf 82' lang='lat' dir='ltr'><em>V.</em></span> <span class='ocrx_word' id='word_1_476' title='bbox 1632 4736 1669 4748; x_wconf 93' lang='lat'><strong>·-</strong></span> <span class='ocrx_word' id='word_1_477' title='bbox 1686 4703 1866 4778; x_wconf 74' lang='lat' dir='ltr'><strong>intelligetur</strong></span> 
     </span>
     <span class='ocr_line' id='line_1_43' title="bbox 489 4789 1866 4867; baseline -0.001 -18"><span class='ocrx_word' id='word_1_478' title='bbox 489 4797 525 4849; x_wconf 87' lang='lat' dir='ltr'><strong>A.</strong></span> <span class='ocrx_word' id='word_1_479' title='bbox 546 4797 582 4867; x_wconf 75' lang='lat'><strong>⁸⁶)</strong></span> <span class='ocrx_word' id='word_1_480' title='bbox 603 4811 671 4867; x_wconf 87' lang='lat' dir='ltr'><strong>qnae</strong></span> <span class='ocrx_word' id='word_1_481' title='bbox 691 4795 780 4850; x_wconf 87' lang='lat' dir='ltr'><em>V.A.</em></span> <span class='ocrx_word' id='word_1_482' title='bbox 800 4811 906 4866; x_wconf 90' lang='lat' dir='ltr'><strong>-qua</strong></span> <span class='ocrx_word' id='word_1_483' title='bbox 926 4793 955 4846; x_wconf 86' lang='lat' dir='ltr'><em>B.</em></span> <span class='ocrx_word' id='word_1_484' title='bbox 986 4795 1022 4862; x_wconf 81' lang='lat'><strong>⁸⁷)</strong></span> <span class='ocrx_word' id='word_1_485' title='bbox 1051 4793 1172 4846; x_wconf 88' lang='lat' dir='ltr'><strong>rationes</strong></span> <span class='ocrx_word' id='word_1_486' title='bbox 1190 4789 1341 4846; x_wconf 87' lang='lat' dir='ltr'><strong>subicimus</strong></span> <span class='ocrx_word' id='word_1_487' title='bbox 1360 4825 1396 4836; x_wconf 93' lang='lat'>-</span> <span class='ocrx_word' id='word_1_488' title='bbox 1414 4793 1534 4846; x_wconf 87' lang='lat' dir='ltr'><strong>rationes</strong></span> <span class='ocrx_word' id='word_1_489' title='bbox 1552 4789 1690 4845; x_wconf 74' lang='lat' dir='ltr'><strong>anteimus</strong></span> <span class='ocrx_word' id='word_1_490' title='bbox 1709 4793 1740 4846; x_wconf 87' lang='lat' dir='ltr'><em>B.</em></span> <span class='ocrx_word' id='word_1_491' title='bbox 1759 4822 1798 4837; x_wconf 94' lang='lat'>-</span> <span class='ocrx_word' id='word_1_492' title='bbox 1815 4813 1866 4848; x_wconf 87' lang='lat' dir='ltr'><strong>ra-</strong></span> 
     </span>
     <span class='ocr_line' id='line_1_44' title="bbox 490 4877 1863 4952; baseline 0.003 -18"><span class='ocrx_word' id='word_1_493' title='bbox 490 4883 594 4936; x_wconf 88' lang='lat' dir='ltr'><strong>tionem</strong></span> <span class='ocrx_word' id='word_1_494' title='bbox 620 4878 772 4934; x_wconf 83' lang='lat' dir='ltr'><strong>subicimus</strong></span> <span class='ocrx_word' id='word_1_495' title='bbox 797 4882 834 4936; x_wconf 91' lang='lat' dir='ltr'><em>V.</em></span> <span class='ocrx_word' id='word_1_496' title='bbox 855 4882 893 4936; x_wconf 91' lang='lat' dir='ltr'><strong>A.</strong></span> <span class='ocrx_word' id='word_1_497' title='bbox 922 4883 958 4952; x_wconf 79' lang='lat'><strong>³⁸)</strong></span> <span class='ocrx_word' id='word_1_498' title='bbox 985 4881 1027 4934; x_wconf 87' lang='lat' dir='ltr'><strong>Do</strong></span> <span class='ocrx_word' id='word_1_499' title='bbox 1047 4879 1088 4934; x_wconf 78' lang='lat' dir='ltr'><strong>·E·</strong></span> <span class='ocrx_word' id='word_1_500' title='bbox 1107 4877 1245 4952; x_wconf 88' lang='lat' dir='ltr'><strong>producto</strong></span> <span class='ocrx_word' id='word_1_501' title='bbox 1263 4881 1294 4934; x_wconf 90' lang='lat' dir='ltr'><em>B.</em></span> <span class='ocrx_word' id='word_1_502' title='bbox 1316 4881 1351 4934; x_wconf 81' lang='lat' dir='ltr'><strong>V·</strong></span> <span class='ocrx_word' id='word_1_503' title='bbox 1373 4909 1405 4924; x_wconf 88' lang='lat'><strong>-·</strong></span> <span class='ocrx_word' id='word_1_504' title='bbox 1425 4880 1470 4933; x_wconf 83' lang='lat' dir='ltr'><strong>De</strong></span> <span class='ocrx_word' id='word_1_505' title='bbox 1489 4879 1531 4934; x_wconf 75' lang='lat' dir='ltr'><strong>ii·</strong></span> <span class='ocrx_word' id='word_1_506' title='bbox 1549 4878 1642 4934; x_wconf 88' lang='lat' dir='ltr'><strong>littera</strong></span> <span class='ocrx_word' id='word_1_507' title='bbox 1660 4877 1799 4952; x_wconf 86' lang='lat' dir='ltr'><strong>producta</strong></span> <span class='ocrx_word' id='word_1_508' title='bbox 1818 4884 1863 4938; x_wconf 80' lang='lat' dir='ltr'><strong>A.</strong></span> 
     </span>
     <span class='ocr_line' id='line_1_45' title="bbox 492 4965 1868 5040; baseline 0.004 -20"><span class='ocrx_word' id='word_1_509' title='bbox 492 4971 527 5040; x_wconf 74' lang='lat'><strong>³⁸)</strong></span> <span class='ocrx_word' id='word_1_510' title='bbox 545 4966 679 5023; x_wconf 81' lang='lat' dir='ltr'><strong>ablativus</strong></span> <span class='ocrx_word' id='word_1_511' title='bbox 696 4970 729 5023; x_wconf 84' lang='lat' dir='ltr'><em>B.</em></span> <span class='ocrx_word' id='word_1_512' title='bbox 750 4972 786 5024; x_wconf 89' lang='lat' dir='ltr'><em>V.</em></span> <span class='ocrx_word' id='word_1_513' title='bbox 809 4971 839 5022; x_wconf 88' lang='lat' dir='ltr'><em>P.</em></span> <span class='ocrx_word' id='word_1_514' title='bbox 855 4999 891 5016; x_wconf 87' lang='lat'><em>-</em></span> <span class='ocrx_word' id='word_1_515' title='bbox 908 4965 1020 5022; x_wconf 83' lang='lat' dir='ltr'><strong>ablativi</strong></span> <span class='ocrx_word' id='word_1_516' title='bbox 1044 4967 1079 5022; x_wconf 93' lang='lat' dir='ltr'><strong>A.</strong></span> <span class='ocrx_word' id='word_1_517' title='bbox 1107 4969 1144 5040; x_wconf 76' lang='lat'><strong>⁴⁰)</strong></span> <span class='ocrx_word' id='word_1_518' title='bbox 1165 4969 1207 5020; x_wconf 89' lang='lat' dir='ltr'><strong>De</strong></span> <span class='ocrx_word' id='word_1_519' title='bbox 1226 4985 1324 5039; x_wconf 81' lang='lat' dir='ltr'><strong>genere</strong></span> <span class='ocrx_word' id='word_1_520' title='bbox 1351 4965 1482 5021; x_wconf 74' lang='lat' dir='ltr'><strong>feminino</strong></span> <span class='ocrx_word' id='word_1_521' title='bbox 1501 4969 1534 5022; x_wconf 87' lang='lat' dir='ltr'><em>B.</em></span> <span class='ocrx_word' id='word_1_522' title='bbox 1555 4968 1591 5023; x_wconf 93' lang='lat' dir='ltr'><em>V.</em></span> <span class='ocrx_word' id='word_1_523' title='bbox 1616 4999 1651 5011; x_wconf 94' lang='lat'>-</span> <span class='ocrx_word' id='word_1_524' title='bbox 1670 4966 1705 5022; x_wconf 81' lang='lat' dir='ltr'><strong>de</strong></span> <span class='ocrx_word' id='word_1_525' title='bbox 1722 4969 1868 5026; x_wconf 77' lang='lat' dir='ltr'><strong>feminino</strong></span> 
     </span>
     <span class='ocr_line' id='line_1_46' title="bbox 493 5055 1870 5129; baseline 0 -24"><span class='ocrx_word' id='word_1_526' title='bbox 493 5071 591 5124; x_wconf 79' lang='lat' dir='ltr'><strong>genere</strong></span> <span class='ocrx_word' id='word_1_527' title='bbox 610 5055 647 5110; x_wconf 93' lang='lat' dir='ltr'><strong>A.</strong></span> <span class='ocrx_word' id='word_1_528' title='bbox 666 5057 732 5110; x_wconf 85' lang='lat' dir='ltr'><strong>Post</strong></span> <span class='ocrx_word' id='word_1_529' title='bbox 752 5059 823 5110; x_wconf 82' lang='lat' dir='ltr'><strong>bono</strong></span> <span class='ocrx_word' id='word_1_530' title='bbox 843 5063 1044 5129; x_wconf 78' lang='lat' dir='ltr'><strong>inscriptionem</strong></span> <span class='ocrx_word' id='word_1_531' title='bbox 1059 5061 1201 5128; x_wconf 84' lang='lat' dir='ltr'><strong>sequentia</strong></span> <span class='ocrx_word' id='word_1_532' title='bbox 1218 5061 1246 5109; x_wconf 90' lang='lat' dir='ltr'><strong>in</strong></span> <span class='ocrx_word' id='word_1_533' title='bbox 1261 5055 1298 5110; x_wconf 88' lang='lat' dir='ltr'><strong>A.</strong></span> <span class='ocrx_word' id='word_1_534' title='bbox 1313 5059 1487 5109; x_wconf 80' lang='lat' dir='ltr'><strong>inseruntur:</strong></span> <span class='ocrx_word' id='word_1_535' title='bbox 1507 5055 1660 5120; x_wconf 72' lang='lat' dir='ltr'><strong>„Fermnini</strong></span> <span class='ocrx_word' id='word_1_536' title='bbox 1679 5056 1789 5127; x_wconf 73' lang='lat' dir='ltr'><strong>generis</strong></span> <span class='ocrx_word' id='word_1_537' title='bbox 1810 5075 1870 5114; x_wconf 81' lang='lat' dir='ltr'><strong>uo.</strong></span> 
     </span>
     <span class='ocr_line' id='line_1_47' title="bbox 494 5141 1872 5218; baseline 0.007 -27"><span class='ocrx_word' id='word_1_538' title='bbox 494 5142 566 5192; x_wconf 86' lang='lat' dir='ltr'><strong>mina</strong></span> <span class='ocrx_word' id='word_1_539' title='bbox 591 5141 676 5194; x_wconf 90' lang='lat' dir='ltr'><strong>latina</strong></span> <span class='ocrx_word' id='word_1_540' title='bbox 695 5141 826 5197; x_wconf 80' lang='lat' dir='ltr'><strong>duntaxat</strong></span> <span class='ocrx_word' id='word_1_541' title='bbox 845 5163 913 5218; x_wconf 85' lang='lat' dir='ltr'><strong>quae</strong></span> <span class='ocrx_word' id='word_1_542' title='bbox 933 5142 1052 5198; x_wconf 86' lang='lat' dir='ltr'><strong>ablativo</strong></span> <span class='ocrx_word' id='word_1_543' title='bbox 1073 5161 1137 5195; x_wconf 86' lang='lat' dir='ltr'><strong>casn</strong></span> <span class='ocrx_word' id='word_1_544' title='bbox 1156 5147 1261 5196; x_wconf 86' lang='lat' dir='ltr'><strong>numeri</strong></span> <span class='ocrx_word' id='word_1_545' title='bbox 1279 5141 1426 5213; x_wconf 77' lang='lat' dir='ltr'><strong>singularis</strong></span> <span class='ocrx_word' id='word_1_546' title='bbox 1445 5163 1478 5197; x_wconf 83' lang='lat' dir='ltr'><strong>ca</strong></span> <span class='ocrx_word' id='word_1_547' title='bbox 1497 5143 1615 5216; x_wconf 85' lang='lat' dir='ltr'><strong>abrupto</strong></span> <span class='ocrx_word' id='word_1_548' title='bbox 1641 5141 1724 5198; x_wconf 86' lang='lat' dir='ltr'><strong>ducta</strong></span> <span class='ocrx_word' id='word_1_549' title='bbox 1743 5151 1795 5214; x_wconf 82' lang='lat' dir='ltr'><strong>(sie</strong></span> <span class='ocrx_word' id='word_1_550' title='bbox 1811 5149 1872 5201; x_wconf 77' lang='lat' dir='ltr'><strong>secl</strong></span> 
     </span>
     <span class='ocr_line' id='line_1_48' title="bbox 492 5225 1583 5301; baseline 0.005 -21"><span class='ocrx_word' id='word_1_551' title='bbox 492 5230 554 5301; x_wconf 66' lang='lat' dir='ltr'><strong>iege</strong></span> <span class='ocrx_word' id='word_1_552' title='bbox 570 5227 611 5280; x_wconf 87' lang='lat' dir='ltr'><strong>·E·</strong></span> <span class='ocrx_word' id='word_1_553' title='bbox 630 5225 777 5301; x_wconf 85' lang='lat' dir='ltr'><strong>producta)</strong></span> <span class='ocrx_word' id='word_1_554' title='bbox 798 5233 986 5295; x_wconf 86' lang='lat' dir='ltr'><strong>terminantur,</strong></span> <span class='ocrx_word' id='word_1_555' title='bbox 1004 5232 1162 5286; x_wconf 74' lang='lat' dir='ltr'><strong>femininum</strong></span> <span class='ocrx_word' id='word_1_556' title='bbox 1183 5249 1269 5301; x_wconf 83' lang='lat' dir='ltr'><strong>genus</strong></span> <span class='ocrx_word' id='word_1_557' title='bbox 1288 5231 1432 5284; x_wconf 87' lang='lat' dir='ltr'><strong>continent</strong></span> <span class='ocrx_word' id='word_1_558' title='bbox 1451 5241 1583 5286; x_wconf 84' lang='lat' dir='ltr'><strong>tantum.“</strong></span> 
     </span>
    </p>
   </div>
   <div class='ocr_carea' id='block_1_4' title="bbox 0 0 2020 6070">
    <p class='ocr_par' dir='ltr' id='par_1_10' title="bbox 0 0 2020 6070">
     <span class='ocr_line' id='line_1_49' title="bbox 0 0 2020 6070; baseline 0 3"><span class='ocrx_word' id='word_1_559' title='bbox 0 0 2020 6070; x_wconf 95' lang='lat' dir='ltr'><strong> </strong></span> 
     </span>
    </p>
   </div>
  </div>
 </body>
</html>
