4020 6068
545 507 692 567 ssrtuu
710 509 1040 566 omnusrtctsou
1067 511 1175 566 urens
1198 513 1220 568 r.
1569 521 1616 591 ῃ

148 657 284 728 tuerit
299 655 336 736 ·)
357 690 399 702 -
415 673 488 718 uon
512 655 771 736 divisionis,
796 657 961 743 quoniam
986 659 1113 721 multae
1138 679 1192 722 res
1212 657 1413 744 partiendae
1436 672 1514 722 suut
1537 673 1616 744 post

148 759 404 822 accusationem
420 758 577 824 divisam.
612 759 671 825 Sic
693 761 821 846 ipsein
844 761 1027 823 rhetoricis
1046 755 1089 842 87)
1109 797 1150 808 -
1173 760 1371 847 partitur
1397 761 1511 845 apud
1541 761 1616 824 'l'e-

147 860 333 924 rentium
357 861 516 943 optime
540 881 681 940 senex,
705 882 777 926 non
792 863 927 940 dividit,
945 863 1026 946 quia
1040 863 1155 926 intulit
1173 863 1325 926 diversas
1342 881 1479 924 resnou
1499 883 1616 938 unam,

148 982 193 1026 eo
220 976 354 1047 pacto
385 975 426 1026 et
454 965 576 1046 gnati
604 964 732 1029 vitam
763 977 805 1028 et
836 964 1077 1028 consilium
1111 985 1243 1028 meum
1277 949 1545 1048 cognoices,
1579 977 1618 1026 et

149 1063 257 1148 quid
281 1063 429 1128 iacere
452 1065 497 1128 in
520 1067 600 1132 hac
623 1087 665 1131 re
687 1081 728 1130 te
750 1067 897 1131 velim.
917 1065 952 1149 ὖ)

232 1163 363 1250 Tropis
377 1158 420 1250 ⁸⁸)
434 1168 563 1232 similes
583 1182 662 1233 suut
678 1169 894 1256 metaplasmi
915 1171 965 1251 ⁶),
989 1189 1061 1233 non
1073 1183 1113 1232 ut
1127 1169 1267 1254 quidam
1283 1180 1406 1252 putant
1422 1167 1617 1243 dissimiles,

149 1266 316 1342 dicentes,
341 1269 424 1352 quia
446 1272 663 1356 metaplasmi
680 1273 765 1336 vitia
788 1270 927 1344 habent,
952 1272 1045 1356 tropi
1081 1291 1164 1334 vero
1191 1271 1353 1346 virtutes3
1383 1271 1522 1333 namin
1547 1291 1620 1332 arn-

149 1365 260 1430 bohus
274 1383 421 1454 utraque
440 1373 642 1457 reperimus,
667 1393 750 1457 ergp
769 1384 938 1459 potestate
954 1393 1066 1458 pares,
1090 1373 1232 1435 nomine
1249 1384 1461 1456 separantur.

235 1474 309 1534 150.
330 1473 395 1536 DE
411 1473 772 1540 ANTONOMASIA.
816 1475 1066 1538 Autonomasia
1087 1487 1148 1552 est,
1174 1493 1252 1538 cum
1274 1473 1501 1550 vocabulum,
1526 1475 1620 1558 quod

152 1571 223 1636 sine
245 1575 391 1636 nomine
415 1577 561 1660 proprio
586 1578 738 1663 positum
755 1577 835 1641 loco
859 1577 1013 1660 iungitur
1041 1575 1275 1662 proprietatis,
1298 1587 1337 1638 ut
1365 1574 1532 1640 Latona
1553 1597 1621 1639 na-

154 1685 235 1736 tum
261 1676 438 1760 ponimus,
462 1678 672 1763 etApollo
688 1679 909 1764 intellegitur.
934 1680 1029 1742 llaec
1046 1679 1082 1740 fit
1100 1678 1212 1742 modis
1230 1689 1408 1762 quattuor:
1434 1677 1476 1740 ab
1491 1679 1620 1753 animo,

153 1795 348 1860 acorpore,
372 1779 416 1842 ah
436 1781 499 1855 his,
524 1801 612 1864 quae
627 1784 841 1846 extrinsecus
858 1777 900 1862 ι’9)
920 1794 1175 1866 nuncupantur,
1202 1801 1222 1842 a
1238 1780 1329 1844 loco.
1354 1779 1623 1864 —Magnaui-
1646 1795 1648 1800 ·

156 1897 335 1962 musque
365 1880 649 1948 Anchisiades
675 1883 737 1968 d),
760 1923 803 1934 -
824 1885 937 1970 Ergo
964 1886 1029 1946 his
1051 1883 1259 1967 aligerum
1283 1881 1418 1945 dictis
1447 1883 1624 1945 adlatur

156 1979 352 2044 Amorem
373 1985 405 2066 ‘)
429 1997 522 2047 et-
543 2007 563 2050 o
588 1989 750 2070 quires
773 1987 1083 2069 hominumque
1106 1984 1316 2068 deumque
1338 1984 1539 2046 Aeternis
1564 2003 1623 2045 re-

156 2081 217 2162 gis
241 2083 460 2169 imperiis,
490 2100 531 2151 et
554 2087 731 2152 fulmine
754 2087 955 2171 terress)
978 2127 1020 2138 -
1044 2099 1077 2150 et
1098 2123 1142 2137 -
1162 2086 1317 2149 Delius
1341 2087 1535 2170 inspirat
1556 2105 1623 2148 va-

113 2235 119 2252 .
157 2195 215 2246 tes
230 2187 338 2268 ⁶)3-
354 2187 397 2250 ab
417 2191 533 2253 animo
555 2189 736 2266 Aeneas,
760 2211 940 2276 acorpore
963 2188 1147 2275 Cupido,
1172 2186 1214 2249 ab
1234 2187 1287 2250 his
1303 2207 1392 2271 quae
1408 2187 1623 2250 extrinsecus

157 2298 233 2349 sunt
261 2287 482 2376 luppiter,
520 2312 540 2354 a
568 2292 648 2357 loco
669 2292 843 2377 Apollo.
897 2292 938 2355 ln
969 2312 1041 2355 uno
1076 2292 1156 2354 loco
1187 2290 1304 2353 omnia
1333 2288 1376 2352 ab
1410 2290 1625 2352 extrinsecus

157 2421 198 2438 ·-
213 2389 497 2476 Armipotens
519 2394 627 2458 belli
650 2415 858 2480 praesens
878 2393 1076 2456 Tritonia
1092 2393 1225 2474 ¹virgo
1242 2390 1332 2473 1)-
1352 2390 1395 2453 ah
1411 2393 1625 2456 extrinsecus

159 2489 443 2578 Armipotens,
462 2495 504 2560 ab
522 2497 629 2560 animi
646 2497 841 2574 voluntate,
865 2515 1076 2582 praesens
1097 2497 1142 2578 9ο)
1172 2495 1306 2572 belli,
1339 2495 1459 2558 eloco
1482 2494 1626 2556 Trito-

159 2593 243 2668 nia,
267 2615 288 2657 a
310 2617 460 2682 corpore
482 2600 626 2683 virgo,
651 2602 808 2684 quamvis
826 2600 870 2664 sit
893 2601 961 2662 hoc
985 2617 1115 2662 nomen
1136 2598 1256 2683 virgo,
1281 2615 1483 2671 commune,
1507 2594 1625 2669 animi,

161 2696 250 2778 quod
274 2711 389 2776 casta,
414 2716 447 2765 et
469 2701 499 2783 ⁸)
528 2704 703 2788 corporis,
728 2703 823 2788 quod
838 2703 977 2766 intacta.

243 2803 316 2864 151.
346 2803 411 2864 DE
432 2802 717 2870 ALLEGOlllA.
769 2804 948 2888 Allegoria
970 2815 1022 2865 est
1051 2802 1159 2866 dictio
1179 2802 1274 2866 aliud
1296 2803 1493 2886 significans
1522 2817 1625 2882 quam

163 2901 360 2966 continetur
386 2906 422 2966 in
449 2906 563 2970 verbis
596 2908 709 2970 -Et
737 2908 816 2970 iam
848 2919 1022 2990 tempus
1051 2925 1207 2990 equum
1232 2907 1274 2985 ⁹¹)
1305 2902 1516 2966 fumantia
1546 2899 1627 2962 sol-

164 3021 257 3065 vere
282 3005 401 3068 colla
422 3005 472 3086 ¹),
496 3045 540 3059 -
568 3030 637 3094 qua
660 3009 874 3093 significatur
902 3027 1042 3071 carmen
1069 3029 1142 3070 esse
1164 3007 1310 3070 finitum.
1355 3006 1465 3068 Huius
1481 3001 1626 3088 species,

165 3125 203 3168 ex
224 3107 390 3191 plurimis
421 3113 651 3188 necessariae,
676 3123 756 3174 sunt
784 3131 864 3173 sex:
892 3109 1054 3186 ironia,
1086 3109 1342 3186 asteismos,
1366 3124 1628 3176 sarcasmos,

165 3209 447 3294 antiphrasis,
472 3215 669 3297 aenigma
694 3214 788 3276 sive
809 3213 1011 3297 griphus,
1036 3211 1331 3295 paroemia⁹¹).

248 3316 321 3376 152.
345 3313 409 3376 DE
434 3314 611 3378 lIlONlA.
657 3315 775 3378 lronia
797 3327 848 3376 est
868 3315 980 3377 oratio
1008 3333 1086 3376 cnm
1108 3311 1295 3386 inrisione,
1319 3309 1558 3395 pronuntiatio
1578 3306 1631 3370 di-

166 3412 288 3476 ctionis
308 3415 345 3477 in
371 3418 582 3479 contrarium
606 3418 766 3501 redigens
788 3415 1021 3489 intellectum,
1053 3426 1092 3476 ut
1119 3425 1169 3476 est
1207 3449 1250 3462 -
1273 3413 1507 3496 Egregium
1531 3429 1630 3471 vero

166 3514 332 3578 laudem
364 3529 404 3580 et
435 3519 582 3602 spolia
610 3519 750 3605 ampla
781 3517 969 3580 refertis
993 3516 1161 3599 Tuque,
1184 3534 1381 3599 puerque
1405 3525 1523 3584 tuus;
1553 3529 1633 3572 ma-

167 3637 294 3699 gnum
309 3630 351 3680 et
366 3621 648 3684 memorabile
662 3641 822 3684 numen
836 3613 878 3700 9³)
902 3617 994 3700 ¹),·-
1011 3621 1096 3680 haec
1109 3617 1201 3680 enim
1217 3616 1335 3690 dioilo,
1356 3615 1423 3677 nisi
1442 3612 1633 3695 alilerpro-

169 3721 363 3798 nuntietur,
389 3742 493 3805 quam
522 3723 667 3808 qualitas
692 3744 752 3788 sua
772 3713 814 3805 94)
833 3721 1005 3808 postulat,
1029 3739 1100 3782 non
1120 3719 1185 3782 erit
1198 3717 1368 3782 voluntati
1391 3715 1537 3780 dicentis
1554 3725 1632 3798 apte

168 3822 296 3905 positus
317 3821 521 3888 intellectus.

203 4105 240 4183 ⁸⁷)
257 4107 404 4166 rhetoricis
421 4141 457 4154 —
471 4111 597 4166 rctcricis
619 4113 687 4168 eod.
707 4107 747 4182 ΕΒ”)
762 4111 851 4182 tropis
869 4108 1045 4182 -strophis
1065 4110 1133 4164 cod.
1149 4123 1176 4164 st
1191 4114 1266 4180 iqfra
1285 4120 1384 4168 iterum
1397 4103 1514 4178 strophi.
1533 4103 1575 4177 ⁸9)
1593 4121 1638 4156 ex-

273 4199 412 4252 trinsecus
427 4231 463 4242 -
479 4209 654 4252 estreusecus
674 4201 740 4254 cod.
755 4205 793 4253 s'ta
807 4204 890 4252 etiam
908 4201 994 4269 paolo
1011 4203 1136 4266 ruferius.
1163 4199 1203 4270 ⁹⁰)
1220 4215 1362 4271 praesens,
1378 4202 1417 4250 sie
1431 4195 1497 4248 Cocl.
1513 4211 1564 4263 pre
1580 4193 1639 4243 sul-

272 4300 343 4358 gsto
358 4305 479 4360 praeses.
505 4291 544 4358 9¹)
562 4306 712 4360 equum—
731 4288 869 4358 σφωιν)
887 4295 952 4338 sunl
968 4305 1030 4338 sex:
1056 4287 1153 4349 ironia,
1178 4286 1331 4350 asteismos,
1355 4280 1478 4354 griphus,
1493 4277 1640 4350 percomis.

274 4404 309 4418 -
324 4384 391 4428 suut
404 4394 437 4428 ex
452 4377 549 4440 ironia,
566 4394 712 4440 sarcasmo,
728 4372 889 4446 antiphrasi,
905 4374 1012 4442 enigma
1026 4375 1083 4426 sive
1099 4371 1223 4444 griphus,
1238 4371 1394 4444 parhoemia
1411 4369 1479 4424 θοαὶ.
1498 4367 1539 4439 ⁹¹)
1557 4376 1641 4436 tuque

276 4480 399 4534 puerque
410 4473 473 4517 luus
483 4460 830 4532 magunmettnemorsbile
839 4479 981 4514 numen-
992 4469 1109 4534 tuquep.
1117 4479 1152 4514 us.
1162 4479 1197 4512 m.
1206 4478 1233 4514 u.
1243 4462 1310 4515 cod.
1328 4461 1366 4532 ⁹⁸)
1375 4473 1466 4510 sus-
1479 4471 1556 4506 sustu
1572 4453 1641 4506 cod.

208 4571 236 4636 ai
251 4567 311 4622 Cic.
334 4565 449 4622 divinat.
473 4569 504 4620 in
517 4569 630 4624 Verrem
650 4567 724 4622 XIV.
738 4571 783 4628 45.
804 4565 852 4620 ubi
869 4577 959 4620 tamen
975 4583 1049 4618 nuuc
1065 4563 1178 4635 legitur:
1203 4564 1327 4633 singulas
1350 4573 1443 4632 partes
1458 4577 1560 4612 causae
1576 4576 1642 4610 eors-

278 4661 399 4710 stitrsere.
427 4656 582 4726 dilargitur
596 4655 642 4709 hic
657 4654 734 4709 locus
749 4653 823 4726 apud
845 4654 1007 4708 Ciceronem
1029 4651 1064 4706 de
1078 4653 1237 4704 inventione
1252 4649 1274 4704 1.
1289 4653 1332 4706 33.
1350 4648 1406 4698 sie:
1425 4649 1551 4700 Partitur
1567 4647 1644 4714 apud

283 4746 439 4798 Terentium
460 4745 577 4800 breviter
598 4757 625 4799 et
649 4745 789 4798 commode
811 4763 894 4796 ssrsrae
916 4747 945 4795 irs
960 4741 1069 4796 Andria
1089 4758 1162 4812 quas
1179 4755 1341 4809 cognoscere
1356 4737 1481 4787 libertum
1496 4737 1575 4786 uelit:
1604 4735 1645 4785 Eo

279 4847 384 4906 pacto·
401 4870 408 4882 .
425 4869 432 4882 .
448 4869 458 4885 .
474 4835 561 4885 velim.
587 4835 614 4905 e)
626 4833 738 4886 Transit
756 4839 852 4884 au'clor
872 4827 909 4882 sd
925 4826 1078 4882 doctrinam
1100 4822 1134 4877 de
1151 4825 1257 4895 tropis,
1274 4821 1373 4874 melius
1396 4823 1480 4892 igitur
1492 4819 1646 4891 legeretur:

285 4923 756 4994 Tropilss'milesstsutmetaplasmis.
777 4919 897 4990 (ovim.
909 4918 977 4969 Aeo.
994 4916 1096 4973 Vmor.
1118 4918 1142 4982 e)
1158 4913 1233 4982 virg.
1248 4913 1314 4964 Aen.
1325 4911 1347 4969 l.
1365 4915 1428 4970 663.
1437 4915 1476 4981 s)
1493 4910 1569 4978 Virg.
1580 4911 1649 4960 Aen.

280 5007 302 5060 l.
318 5011 382 5065 229.
396 5013 457 5066 230-
480 5013 512 5079 g)
528 5010 681 5080 Virg.Aeu.
697 5009 742 5062 Vl.
765 5014 806 5064 l‘l.
832 5007 860 5078 A)
879 5006 954 5073 Virg.
966 5005 1033 5055 Aen.
1046 5003 1094 5055 XI.
1111 5007 1173 5060 183.
1190 4999 1302 5053 Excidit
1316 4997 1362 5050 liic
1377 5016 1472 5052 versos
1490 5017 1505 5050 e
1520 4995 1581 5050 cod.
1601 5013 1647 5045 ue·
1713 5022 1719 5035 ·

282 5097 401 5150 cessario
426 5095 600 5151 inserendus.
628 5104 652 5169 i)
678 5111 808 5171 castaque
825 5092 896 5150 cod.
923 5088 1084 5161 legendum:
1104 5101 1190 5150 easta,
1209 5103 1242 5142 et.
1269 5091 1296 5161 l)
1319 5089 1393 5156 Virg.
1415 5086 1515 5155 Georg.
1534 5085 1647 5140 11511.

282 5189 303 5256 1)
316 5186 394 5256 Virg.
411 5187 477 5238 Aeu.
493 5184 540 5238 IV·
557 5191 600 5246 93·
618 5191 662 5246 91.
