4050 6064
20 1139 22 1276 l

454 535 651 594 senatus
677 537 721 592 ΙΝ
747 533 923 590 nonnul
951 535 1100 590 ARTEM
1129 535 1312 593 rutnans.
1547 547 1613 614 m

228 692 277 754 rt.
295 687 359 752 DE
374 683 676 752 ACCENTIBUS
686 677 740 767 ³¹).
754 683 910 746 ‘sonores
921 682 993 748 sivo
1007 674 1049 766 ³²)
1063 696 1225 748 accentus
1243 683 1328 750 dicti
1344 697 1423 750 sunt
1438 687 1533 770 qnod
1548 707 1612 752 ssa-

150 789 288 856 tnralem
311 790 585 873 uniuscuiusque
609 786 778 852 sermonis
801 787 838 850 iu
859 804 983 849 vocem
1005 798 1145 850 nostrae
1168 787 1329 852 elationis
1344 780 1386 873 ³³)
1409 791 1549 852 servent
1560 801 1612 853 te-

147 912 263 957 norem
281 884 334 976 ³⁴).
364 893 488 955 Dictus
518 902 633 954 autem
661 900 823 954 accentus
847 899 898 952 est
913 881 956 971 ³⁵)
980 890 1079 974 qnasi
1101 889 1266 954 adcantus
1289 891 1386 954 iuxta
1408 892 1525 974 graeci
1546 911 1611 957 uo-

147 995 244 1057 minis
268 993 609 1079 interpretationem,
633 991 728 1078 quod
751 990 917 1077 prosodia
939 991 1082 1068 dicitur,
1106 991 1212 1056 latine
1235 992 1400 1056 adcantus
1419 988 1473 1078 36).

215 1163 216 1167 ,
231 1100 283 1160 15.
301 1095 390 1160 Sunt
404 1115 525 1158 omues
539 1107 702 1158 accentus
716 1094 816 1158 latini
834 1093 937 1157 Vlll:
962 1106 1092 1170 acutus,
1117 1095 1178 1180 qui
1199 1095 1237 1158 lit
1259 1097 1306 1160 ita
1331 1091 1411 1180 ¹³⁵);
1435 1098 1548 1181 gravis
1564 1098 1612 1162 ita

149 1191 229 1280 '³⁸);
253 1199 496 1264 circumflexus
519 1197 567 1260 ite
583 1197 615 1273 *,
640 1195 748 1260 lactus
772 1197 906 1262 seilicet
928 1196 970 1260 de
993 1208 1142 1280 utroque
1159 1188 1217 1278 119);
1241 1197 1366 1284 longus
1389 1201 1436 1263 ita
1451 1223 1508 1277 ——3
1531 1199 1612 1264 bro·

144 1301 193 1364 vis
216 1301 264 1364 ita
278 1323 333 1375 υ;
355 1302 495 1385 hyphen
514 1290 558 1382 4ο)
573 1297 622 1362 ita
641 1321 694 1383 υς
724 1298 869 1362 diastole
894 1299 943 1364 ita
958 1323 987 1387 ,3
1016 1301 1248 1388 apostrophus
1260 1301 1307 1364 ita
1322 1301 1341 1366 '.
1364 1299 1380 1332 ⁴*
1397 1303 1527 1366 Verum
1544 1305 1611 1366 hoc
1630 1331 1701 1384 coln

144 1404 285 1468 interest
306 1394 349 1486 41)
380 1402 471 1466 inter
498 1397 669 1464 diastolen
698 1413 733 1462 et
762 1404 1013 1486 apostrophum
1035 1396 1098 1485 Ρ),
1130 1402 1226 1487 quod
1248 1407 1479 1491 apostrophus
1501 1397 1544 1488 43)
1567 1405 1612 1470 ad

144 1516 246 1591 caput
274 1504 409 1568 litterae
439 1503 584 1590 ponitur
598 1494 663 1585 4Ἰ),
698 1502 842 1568 diastole
865 1523 948 1568 vero
972 1504 1014 1568 ad
1038 1505 1144 1568 imam
1159 1499 1202 1589 45)
1227 1517 1361 1590 partem
1384 1501 1439 1588 ⁴⁶).
1469 1507 1545 1571 Hoc
1565 1499 1610 1590 ⁴5)

144 1607 221 1672 ideo
254 1607 424 1684 diximus,
454 1625 498 1668 ne
526 1605 583 1670 cui
612 1606 734 1668 hanam
765 1605 956 1671 similitudo
979 1598 1023 1690 48)
1053 1619 1214 1672 notarum
1244 1606 1379 1692 aliquid
1401 1609 1528 1673 erroris
1551 1609 1613 1673 ad-

143 1709 230 1775 ierat
250 1701 305 1794 49).

230 1813 280 1878 to.
297 1813 360 1876 His
375 1811 423 1876 ita
438 1832 474 1874 se
491 1809 696 1876 habentibus
713 1809 893 1874 sciendum
910 1823 972 1886 est,
988 1809 1085 1895 quod
1100 1823 1220 1876 acutus
1236 1823 1270 1874 et
1283 1813 1397 1896 gravis
1413 1825 1447 1878 et
1463 1814 1612 1878 circum-

141 1915 250 1978 nexus
267 1906 310 1997 50)
340 1913 406 1977 soli
436 1925 532 1989 sunt,
563 1913 639 1997 qui,
670 1926 710 1976 ut
739 1911 896 1997 superius
919 1912 1088 1990 diximus,
1120 1913 1312 1976 naturalem
1340 1917 1612 2001 uniuscuiusque

141 2017 313 2082 sermonis
335 2017 373 2079 in
396 2035 518 2080 vocem
542 2019 680 2078 nostrae
704 2012 863 2077 elationis
886 2027 1024 2078 servent
1045 2009 1089 2097 ⁵¹)
1113 2027 1286 2090 tenorem3
1318 2035 1398 2079 nam
1429 2019 1497 2103 ipsi
1519 2019 1612 2081 arsin

139 2119 325 2203 thesinqne
348 2118 591 2191 moderantur,
616 2135 828 2201 quamquam
850 2117 1030 2180 sciendum
1054 2129 1122 2193 est,
1153 2116 1249 2201 quod
1271 2118 1306 2179 iu
1328 2138 1393 2181 usu
1415 2140 1486 2184 non
1509 2120 1554 2183 sit
1567 2113 1612 2202 ⁵²)

138 2220 312 2286 hodierno
337 2221 451 2304 gravis
474 2230 647 2282 accentus.

230 2327 280 2388 17.
296 2322 428 2384 Verum
445 2321 503 2384 lex
520 2332 724 2384 accentuum
744 2319 791 2383 ita
805 2333 871 2396 est,
896 2321 992 2406 qnod
1005 2320 1167 2402 syllabae,
1191 2321 1227 2383 in
1241 2321 1366 2406 quibus
1381 2320 1438 2384 isti
1452 2321 1537 2406 poni
1552 2319 1613 2384 de-

134 2421 245 2488 beant
259 2418 317 2505 ⁵³),
342 2425 445 2488 atine
457 2435 693 2486 numerantur.
716 2422 806 2484 Nam
830 2424 859 2486 si
877 2424 1137 2508 quantarumvis
1152 2443 1265 2487 sermo
1290 2423 1334 2486 sit
1349 2415 1613 2505 syllabarum⁵⁴)

135 2523 385 2588 circumflexus
407 2543 480 2588 non
503 2523 634 2588 tenebit
656 2525 747 2588 ultra
768 2526 836 2588 nisi
859 2525 1111 2611 peneultimum
1134 2525 1252 2588 locum
1268 2519 1330 2608 ⁵⁵);
1355 2538 1475 2588 acutus
1489 2517 1531 2616 56)
1555 2545 1614 2589 ac·

136 2637 264 2689 centus
296 2627 333 2689 in
362 2625 480 2689 latinis
510 2645 582 2690 uon
609 2626 743 2690 tenebit
772 2628 840 2690 nisi
866 2629 1118 2713 peneultimum
1149 2639 1183 2690 et
1205 2627 1537 2712 anteponenltimum
1560 2628 1615 2691 lo-

182 2923 206 2956 s=
414 2923 419 2936 ·
829 2927 835 2938 ·
925 2925 932 2939 ·
1084 2925 1089 2937 ·
1212 2947 1250 2958 ..
1345 2933 1355 2956 2
1403 2923 1410 2938 ·

211 2923 226 2994 )
249 2920 728 3085 ΞοῖοἰξώοῗίιέὲίῗῖμΡῗ
747 2924 966 3067 blidariib'bissbvde
983 2921 1368 3080 xuilldbdrvpdnl-tedbre'rd
1385 2925 1615 3065 zve-Bleldog‘tii

250 3109 359 3154 servant
376 3100 413 3153 A.
432 3102 464 3153 P.
483 3101 534 3152 Pn.
552 3101 589 3170 ⁸⁵)
613 3099 713 3153 Dictus
731 3107 822 3151 antem
841 3118 863 3151 a.
884 3116 907 3150 e.
926 3103 960 3154 B.
979 3102 1010 3152 P.
1029 3131 1064 3142 -
1082 3099 1182 3152 Dictus
1202 3117 1225 3150 e.
1245 3105 1336 3150 antem
1353 3116 1378 3152 a.
1397 3100 1448 3152 Psa
1466 3121 1503 3148 =
1521 3095 1614 3151 dictus

249 3182 295 3238 hic
312 3197 443 3241 accontus
463 3190 510 3254 (ε
528 3189 582 3255 est)
600 3185 636 3238 A.
655 3183 691 3255 ⁸⁰)
710 3187 786 3238 iuxta
805 3187 895 3256 praeci
912 3187 1032 3239 nominis
1050 3186 1316 3257 interpretationem,
1334 3184 1409 3258 qnod
1420 3173 1552 3257 prosodia
1570 3183 1614 3238 di-

249 3273 321 3327 citur
339 3273 423 3328 latine
442 3272 575 3326 adcantus
592 3274 630 3326 A.
649 3274 702 3328 Pu.
721 3305 756 3314 —
767 3274 841 3326 iuxts
855 3275 1111 3346 interpretationem
1123 3275 1260 3326 sermonis
1279 3275 1369 3344 graeci
1387 3271 1519 3346 prosodia
1539 3271 1615 3346 qnod

250 3359 353 3414 dicitnr
377 3361 462 3414 latine
488 3360 621 3413 adcantus
646 3363 678 3416 Β.
688 3381 722 3414 sa
740 3380 791 3414 em.
810 3382 853 3432 pr.
873 3383 908 3416 m.
928 3393 963 3405 -
981 3363 1055 3416 iuxta
1080 3379 1203 3430 graecam
1221 3363 1340 3414 nominis
1358 3363 1615 3432 interpretationem

248 3446 325 3520 qnod
343 3458 386 3505 est
403 3446 536 3520 prosodia
555 3446 658 3502 dicitnr
676 3449 760 3502 latine
779 3445 913 3502 adcantus
931 3450 964 3502 B.
984 3471 1002 3502 a
1019 3470 1062 3520 pr.
1081 3468 1116 3502 m.
1137 3481 1171 3490 —
1189 3450 1264 3503 iuxta
1283 3450 1374 3520 graeci
1391 3449 1511 3502 nominis
1530 3449 1615 3503 inter·

248 3537 431 3606 pretationem
440 3555 510 3609 qnae
519 3533 652 3607 prosodia
664 3534 767 3588 dicitnr
779 3534 879 3588 latinae
899 3538 958 3606 (sio)
978 3536 1116 3592 adcantus
1126 3539 1158 3590 P.
1179 3539 1215 3608 ι7)
1235 3547 1331 3590 acutus
1351 3537 1399 3609 qui
1417 3536 1448 3589 tit
1464 3537 1503 3588 ita
1517 3534 1524 3552 '
1540 3538 1571 3590 B.
1582 3539 1613 3591 P.

135 3635 138 3640 '
249 3627 296 3694 (ε.-
321 3639 389 3678 nota
408 3637 552 3687 accentus,
578 3645 629 3695 pro
653 3644 710 3697 qna
727 3629 848 3696 spatium
867 3643 998 3688 vaenum,
1024 3628 1062 3678 sic
1081 3629 1163 3678 etiam
1181 3630 1210 3678 in
1227 3629 1315 3698 seqq.)
1339 3655 1374 3666 -
1392 3633 1490 3677 acutus
1509 3625 1614 3698 quiite

248 3712 280 3766 fit
296 3711 303 3729 ¹
321 3715 374 3768 Pu.
392 3744 429 3758 -
447 3722 542 3766 acutus
560 3713 622 3766 ita'
643 3713 690 3786 qni
708 3712 739 3766 tit
755 3713 791 3768 A.
813 3715 847 3784 ³⁸)
868 3714 954 3783 gravis
973 3706 1028 3764 ita'
1045 3713 1079 3765 B.
1098 3713 1134 3766 A.
1153 3714 1205 3766 Pu.
1224 3745 1260 3756 -
1278 3713 1366 3783 gravis
1385 3712 1432 3784 qui
1451 3711 1483 3766 fit
1501 3713 1612 3783 (=ita)

250 3803 280 3854 Ρ.
302 3805 337 3872 ³⁹)
358 3800 549 3854 circnmilexns
567 3802 605 3854 ita
618 3802 631 3834 ¹
642 3801 730 3854 lactus
749 3799 859 3855 scilicet
878 3799 912 3852 de
930 3785 1047 3872 utroque
1065 3795 1098 3854 B.
1116 3802 1168 3852 Pu.
1187 3831 1223 3842 -
1242 3799 1433 3852 circumflexus
1452 3800 1540 3854 lactus
1559 3802 1615 3854 sci-

249 3887 318 3942 licet
336 3888 371 3942 de
391 3899 506 3960 utroque
518 3869 580 3943 lA.
599 3921 634 3931 -
653 3887 845 3942 circumflexus
863 3889 952 3941 lactus
971 3885 1081 3940 seilicet
1100 3886 1134 3938 de
1153 3897 1270 3960 utroque
1288 3887 1327 3940 ita
1344 3890 1377 3940 P.
1402 3889 1439 3960 ⁴⁰)
1457 3885 1568 3960 hyphen
1584 3891 1615 3942 P.

251 3980 303 4030 Pu.
324 4009 360 4020 --
377 3975 472 4048 ypbeu
489 3979 522 4031 Β.
541 4009 575 4020 -
603 3977 669 4047 yion
690 3979 750 4045 (sio)
769 3979 806 4030 A.
833 3977 869 4048 ⁴¹)
888 3976 1005 4028 interest
1022 3978 1053 4030 B.
1072 3978 1103 4028 P.
1122 3978 1173 4028 Pu.
1192 4005 1228 4020 -
1257 3972 1351 4029 differt
1367 3977 1403 4030 A.
1431 3978 1469 4048 4’)
1489 3986 1616 4048 apostro-

252 4063 339 4136 phum
363 4067 396 4119 B.
422 4068 473 4119 Pu.
500 4098 535 4107 -
559 4062 749 4136 apostrophon
775 4069 810 4121 A.
821 4066 854 4118 P.
881 4065 919 4136 “)
939 4061 1125 4136 apostrophus
1151 4065 1183 4117 B.
1202 4064 1239 4116 A.
1258 4093 1294 4104 -
1312 4061 1496 4135 apostrophos
1513 4067 1545 4119 P.
1564 4068 1615 4119 Pn.

251 4153 286 4216 ⁴⁴)
305 4154 419 4224 ponitur
436 4155 469 4207 B.
488 4156 539 4206 Pn.
559 4183 593 4194 -
613 4153 794 4224 praeponitur
810 4154 848 4207 A.
867 4154 899 4204 P.
920 4153 957 4221 ⁴⁵)
976 4153 1057 4204 imam
1076 4153 1109 4206 B.
1128 4154 1160 4205 P.
1176 4154 1227 4204 Pn.
1244 4181 1280 4196 -
1299 4169 1379 4203 unam
1397 4155 1433 4204 A.
1453 4154 1490 4223 ⁴⁶)
1507 4151 1616 4207 litterae

250 4240 287 4298 A.
306 4243 337 4294 P.
356 4244 406 4294 Pu.
426 4263 462 4290 =
480 4243 513 4295 B.
541 4243 576 4312 ⁴⁷)
596 4241 657 4294 Hoc
676 4243 708 4294 Β
727 4243 778 4294 Pn.
797 4271 833 4283 -
851 4241 910 4292 llec
927 4241 964 4293 A.
981 4242 1014 4293 P.
1042 4242 1080 4312 ⁴¹)
1100 4238 1195 4292 harum
1213 4238 1366 4293 similitudo
1387 4249 1512 4292 notarum
1529 4242 1562 4294 B.
1582 4271 1618 4283 -

252 4337 380 4382 notarum
406 4327 502 4381 harum
526 4327 680 4384 similitudo
699 4330 737 4383 A.
756 4332 789 4383 P.
807 4332 859 4386 Pu.
887 4331 922 4400 Δ9)
942 4326 1048 4381 adierat
1065 4331 1098 4384 B.
1117 4331 1169 4382 Pu.
1189 4359 1224 4371 -
1242 4326 1364 4380 adferret
1380 4330 1412 4380 P.
1431 4359 1467 4371 -
1492 4329 1619 4383 afferatur

251 4417 289 4470 A.
319 4418 354 4487 ⁵⁰)
383 4427 479 4472 acutus
500 4426 529 4471 et
553 4418 641 4486 gravis
661 4425 689 4468 et
708 4415 900 4469 circumflexus
917 4417 955 4470 A.
967 4418 1025 4472 Pas.
1045 4447 1080 4458 -
1107 4417 1196 4486 gravis
1219 4424 1247 4468 et
1265 4425 1362 4468 acutus
1382 4424 1410 4468 et
1429 4415 1618 4470 circumflexus

251 4505 283 4556 P.
309 4535 345 4546 ·-
371 4515 468 4558 acutos
497 4516 526 4559 et
545 4503 734 4556 circumflexus
752 4505 788 4558 B.
819 4525 852 4556 ex
867 4523 917 4557 em.
934 4524 977 4575 pr.
996 4523 1031 4559 m.
1059 4535 1095 4546 ·-
1113 4512 1211 4556 acutus
1230 4505 1317 4573 gravis
1338 4503 1528 4556 circumflexus
1546 4506 1579 4557 Β.
1599 4525 1618 4558 n

248 4611 291 4662 pr.
308 4611 344 4646 m.
371 4594 406 4661 ⁵¹)
432 4591 560 4646 elationis
587 4601 697 4644 servent
714 4593 746 4645 Β.
766 4621 800 4634 -
820 4591 947 4644 elationis
965 4601 1075 4644 servant
1091 4593 1123 4643 P.
1149 4621 1185 4632 --
1206 4587 1365 4644 elevationis
1384 4600 1493 4645 esmant
1509 4593 1546 4646 A.
1566 4593 1617 4646 Pu.

253 4681 291 4752 5·)
310 4682 349 4736 eit
365 4683 398 4734 B.
418 4709 451 4722 -
471 4690 514 4734 est
532 4683 568 4735 A.
587 4683 618 4734 P.
637 4683 688 4734 Ρη.
709 4683 744 4752 ⁵³)
765 4676 885 4731 debeant
901 4680 934 4731 B.
953 4709 988 4720 -
1007 4675 1112 4730 debent
1129 4679 1167 4732 A.
1185 4679 1218 4731 P.
1237 4679 1290 4730 Pu.
1319 4679 1355 4749 ⁵⁴)
1374 4675 1398 4729 ei
1417 4679 1618 4750 quantarumvis
1701 4685 1703 4694 '

253 4785 342 4821 sermo
368 4770 406 4822 sit
428 4767 595 4839 syllabarum
614 4799 648 4811 -
673 4769 698 4820 si
717 4767 872 4840 quintarum
891 4766 954 4837 (sie)
974 4765 1017 4818 nis
1043 4765 1074 4836 (a
1092 4777 1118 4818 et
1136 4766 1147 4818 i
1165 4768 1316 4835 expanatis)
1336 4781 1425 4818 sermo
1444 4765 1482 4818 sit
1499 4763 1619 4835 syllaba-

254 4873 314 4908 rnm
330 4858 366 4911 Β.
385 4887 420 4898 -
439 4853 596 4910 sillabarum
615 4855 817 4930 quantarnmvis
835 4871 924 4908 sermo
944 4854 982 4908 sit
1004 4856 1051 4924 (ιτ
1069 4853 1105 4922 si)
1123 4853 1161 4906 A.
1180 4881 1216 4896 -
1235 4860 1398 4924 quantarum
1415 4853 1459 4905 ius
1478 4855 1540 4924 (sie)
1559 4871 1619 4906 ser-

251 4961 296 4997 mo
315 4945 354 4998 sit
376 4941 543 5015 syllabarum
561 4947 592 4998 P.
610 4975 646 4987 -
672 4945 696 4996 si
715 4940 881 5013 syllabarum
899 4941 1102 5014 quautarnmvis
1120 4957 1209 4993 sermo
1234 4941 1272 4994 sit
1288 4942 1341 4994 Po.
1368 4941 1403 5011 ⁵⁵)
1429 4955 1486 4994 non
1512 4940 1620 4995 tenebit

253 5029 325 5085 nitra
342 5032 397 5086 uisi
416 5031 615 5104 peneultimum
633 5031 725 5086 locum
743 5033 775 5086 B.
795 5033 844 5084 Pss.
866 5031 925 5099 (sed
942 5029 1136 5102 penultimum)
1154 5059 1190 5070 —
1207 5043 1265 5082 non
1288 5025 1396 5081 tenebis
1420 5029 1476 5082 uisi
1495 5027 1618 5101 penulti-

252 5136 327 5171 mum
353 5118 445 5174 locnm
471 5121 519 5193 (ε
544 5120 626 5193 ultra)
653 5121 689 5174 A.
709 5151 743 5161 —
770 5136 827 5172 nou
846 5117 954 5174 tenebit
970 5120 1001 5172 iu
1020 5121 1080 5192 (sic)
1107 5115 1289 5190 penultimum
1306 5115 1399 5172 locum
1418 5116 1467 5191 (ι.-
1484 5115 1566 5191 oltra)
1585 5119 1617 5174 P.

255 5207 291 5280 ⁵⁶)
310 5219 407 5264 acutus
427 5210 459 5266 Β.
478 5210 510 5266 Ρ.
530 5211 581 5265 Pu.
601 5239 634 5256 -
655 5217 752 5264 sentus
771 5215 860 5262 antem
878 5207 916 5262 A.
959 5229 965 5240 ·
