4020 6068
608 582 1151 643 cataracta.
1572 597 1730 651 111.

147 685 341 803 repsisse,
359 717 408 772 ex
427 717 478 772 eo
497 683 664 774 videtur
681 691 958 806 comprobari,
972 692 1096 809 ,quod
1111 696 1155 782 in
1170 691 1355 784 indiculo
1372 709 1411 802 §-
1429 731 1479 815 91
1507 705 1619 790 cual-

145 823 250 908 laxis
268 824 377 908 inter
394 822 689 937 metaplasmos
707 855 793 908 non
812 851 1088 913 enumeratur.
1211 849 1215 856 “

268 956 315 1040 Io
343 955 545 1070 opusculo
574 955 883 1044 Sacerdotis
909 961 1013 1045 nihil
1036 962 1290 1077 reperimuS,
1319 995 1368 1050 cx
1386 997 1473 1082 quo
1492 992 1618 1076 aetas,

146 1119 236 1205 qua
262 1091 408 1174 vixerit
434 1090 629 1200 cognosci
656 1115 796 1206 queat.
836 1093 1064 1180 Auctorem
1091 1097 1317 1181 Horatio
1344 1101 1619 1212 posteriorem

145 1255 236 1308 non
262 1219 427 1326 laudat,
459 1224 739 1338 artigraphum
765 1257 866 1312 vcro
893 1227 1016 1342 plane
1043 1229 1217 1314 nullum.
1249 1229 1481 1317 Videamus
1509 1267 1620 1320 nunc

146 1387 202 1440 au
223 1357 552 1461 exauctoribus,
584 1359 660 1473 qui
680 1360 1012 1447 Grammaticum
1026 1347 1221 1448 ‘nostrum¹
1239 1365 1385 1469 citant,
1417 1363 1471 1450 dc
1490 1367 1619 1480 ipsius

144 1513 283 1576 aetate
308 1487 471 1606 aliquid
494 1521 736 1605 expromere
770 1495 991 1607 possimus.
1032 1497 1226 1581 Meminit
1260 1497 1620 1586 Cassiodorus

145 1620 385 1711 Sacerdotis
404 1621 621 1708 cuiusdam
641 1626 771 1728 tribus
790 1626 914 1732 locis,
947 1653 988 1712 ct
1008 1627 1183 1744 quidem
1211 1633 1379 1745 primo
1400 1633 1442 1716 in
1462 1635 1620 1748 praesa·

145 1755 548 1880 tioneadlibrum
569 1754 632 1841 de
652 1761 1049 1875 orthographia,
1082 1795 1210 1878 quem
1230 1794 1339 1849 anuo
1359 1768 1502 1852 aetatis
1520 1797 1619 1854 suae

144 1892 421 2003 nonagesimo
441 1892 560 1976 tertio
582 1891 633 2010 (c.
654 1892 757 2010 565)
775 1895 993 2009 scripserat
1010 1907 1092 2006 (cf.
1112 1908 1290 1980 Cassiod.
1312 1904 1424 2003 2278
1441 1913 1538 2000 P.);
1563 1903 1621 1986 ait

147 2025 353 2110 enimcol.
375 2030 568 2130 9975Ρ..·
599 2023 750 2128 „Post
778 2026 1016 2114 codicem
1046 2031 1220 2144 inquo
1250 2054 1390 2116 artcs
1419 2035 1620 2120 Donati

146 2188 259 2242 cum
279 2158 714 2258 commentissuis
735 2161 991 2246 etlibrum
1013 2161 1618 2274 dcctymologiaetah'um

144 2291 300 2376 lihmm
339 2287 650 2376 Sacerdotis
688 2290 748 2378 de
778 2295 1158 2400 schematibus,
1205 2296 1434 2383 Domino
1474 2330 1618 2414 prae-

146 2449 322 2510 stante
349 2423 584 2536 collegi.“
617 2424 863 2514 Secundo
890 2429 934 2513 in
958 2452 1132 2514 tractatu
1154 2426 1208 2513 de
1240 2430 1399 2514 artibus
1423 2461 1470 2516 ac
1495 2431 1618 2518 disci-

143 2559 269 2675 plinis
295 2556 538 2668 liberalibus
568 2556 661 2675 (qui
688 2583 783 2645 ante
820 2561 855 2644 F
862 2562 1133 2648 robcnium
1165 2561 1268 2647 salso
1305 2565 1504 2678 operibus
1535 2567 1618 2652 Al-

144 2695 290 2778 caini
309 2691 622 2809 accensebatur)
642 2721 728 2808 cap.
748 2693 811 2778 de
830 2717 941 2781 arte
959 2685 1300 2808 grammatica
1321 2709 1394 2782 col.
1420 2702 1532 2788 2525
1550 2711 1617 2784 Ρ..·

144 2829 219 2912 nbi
247 2825 401 2912 habes:
433 2823 740 2929 „Schemata
769 2853 882 2912 sunt
908 2830 1391 2914 transmutationes
1425 2860 1617 2918 sermo·

143 2960 368 3046 numvel
395 2961 777 3046 sententiarum
799 2987 1009 3050 ornatus
1031 2992 1182 3047 causa
1209 2964 1398 3078 posita,
1430 2995 1567 3080 quae
1592 2997 1616 3050 a
1672 2976 1679 2994 '

144 3092 376 3210 quodam
407 3095 715 3208 artigrapho
745 3097 915 3182 nominc
945 3094 1239 3185 Sacerdote
1268 3096 1483 3182 collecta
1501 3122 1616 3182 sunt

141 3255 362 3313 numero
382 3227 899 3339 nonagintaetocto,
930 3231 1004 3317 ita
1028 3254 1217 3334 tamen,
1247 3253 1459 3346 atquae
1481 3233 1617 3322 aD0÷

139 3360 923 3474 natointerritiapositasnnt,
945 3364 1132 3476 inipso
1150 3391 1368 3450 numero
1389 3363 1615 3453 collecta

141 3491 482 3598 claudantur,
514 3490 659 3610 quod
687 3495 888 3578 etmihi
917 3525 1134 3610 quoque
1165 3491 1349 3580 durum
1378 3493 1612 3600 videtur,

141 3628 275 3712 vitia
311 3624 508 3732 dicere,
540 3658 668 3742 quac
701 3649 975 3712 auctorum
1013 3625 1287 3742 exemplis,
1327 3630 1613 3714 etmaxime

139 3759 283 3872 legis
304 3757 528 3846 divinae
552 3762 871 3846 auctoritate
891 3761 1211 3846 firmantur.“
1234 3760 1475 3846 Citathunc
1494 3759 1611 3847 Cas·

142 3891 351 3982 sicdori
375 3895 516 3980 locum
544 3895 670 3978 etiam
689 3894 941 3978 Deuisius
968 3895 1013 3978 iu
1030 3896 1271 3980 recensione
1300 3893 1455 3980 codicis
1481 3897 1612 3978 nostri

142 4047 171 4130 (
172 4037 299 4112 codd.
317 4040 410 4113 Mss.
434 4041 600 4138 theolog.
619 4035 804 4113 Bibliotlr.
826 4037 996 4112 Vindob.
1022 4040 1071 4112 V.
1093 4039 1146 4111 II.
1167 4040 1213 4112 P.
1237 4041 1270 4113 J.
1293 4041 1366 4114 ool.
1381 4032 1515 4128 644ss
1537 4025 1612 4112 ad·

143 4159 205 4244 dit
220 4192 345 4266 vero,
385 4159 506 4278 quod
522 4164 740 4247 miramur:
781 4193 966 4277 „quem
992 4161 1189 4248 librum
1228 4159 1300 4280 (de
1327 4160 1610 4248 schematibus

141 4293 376 4380 Sacerdotis
396 4294 606 4414 videlicet)
626 4297 783 4380 etiam
800 4293 965 4380 habes
983 4294 1109 4382 edit.
1130 4295 1212 4378 cit.
1239 4307 1319 4396 (M.
1339 4305 1492 4380 Aurelii
1512 4307 1609 4380 Car·

139 4440 291 4516 sicdori
310 4443 405 4539 Opp.
434 4441 527 4516 edit.
552 4443 693 4514 Cureti
710 4443 915 4538 Rotomag.
940 4435 1049 4542 1679
1067 4442 1179 4526 Fol.)
1203 4464 1244 4535 p.
1270 4432 1381 4516 260“
1393 4459 1404 4534 3
1437 4459 1532 4512 cum
1550 4451 1609 4514 ta-

139 4593 239 4647 men
264 4565 353 4678 ipse
382 4565 611 4650 Garetus
638 4565 678 4648 in
705 4574 858 4672 Pracf„
877 4574 970 4646 edit.
995 4560 1126 4648 modo
1147 4559 1339 4646 laudatae
1361 4559 1513 4646 diserte
1532 4558 1609 4644 do-

138 4721 254 4801 ceat,
282 4725 326 4782 se
360 4719 579 4782 tractatum
607 4695 660 4782 dc
690 4697 970 4782 schematibus
998 4694 1262 4807 collegisset·
1294 4690 1609 4780 Cassiodori

138 4813 438 4916 commentario
466 4831 510 4914 in
538 4831 747 4935 Psalmos,
780 4831 982 4946 quoniam
1009 4851 1202 4915 tractatus
1224 4824 1279 4915 de
1305 4826 1608 4933 schematibuS,

135 4965 216 5080 qui
243 4963 363 5078 vulgo
393 4962 709 5055 Cassiodori
744 4964 943 5080 operibus
973 4961 1348 5066 adnumerabatur,
1389 4992 1474 5046 non
1511 4961 1609 5045 huic

135 5099 309 5203 auctori,
328 5096 405 5183 sed
421 5096 587 5184 Bedae
606 5095 852 5184 tribuendus
863 5099 929 5181 sit.
948 5096 1092 5182 Verba
1109 5094 1380 5180 praefationis
1394 5129 1436 5200 p,
1449 5105 1498 5177 X.
1511 5115 1609 5178 sunt

133 5231 261 5318 haec:
294 5232 565 5347 „Eoigitur
590 5229 1491 5348 libro(deschematihus)intcropcra
1520 5225 1606 5311 Be·

1391 5390 1410 5431 a
