4032 6070
560 527 1114 588 ruostsssnrtvos.
1402 495 1405 502 ’
1522 537 1588 608 scr

127 673 301 759 singularis
325 673 376 740 sic
398 673 557 739 anomale
580 677 782 742 confirmata
804 677 873 744 siut
895 678 1082 757 declinari,
1106 680 1174 746 hoc
1197 689 1265 758 est,
1296 679 1419 746 huius
1441 682 1587 758 unius,

127 779 214 842 huic
244 777 334 854 uni;
366 779 416 842 sic
444 791 479 842 et
507 789 620 843 cetera
649 782 884 867 suprascripta
914 782 1057 847 nomina
1088 783 1125 845 in
1153 781 1360 867 supradictis
1384 779 1428 866 ⁹³)
1452 779 1588 850 casibus

128 881 162 946 ad
183 883 277 944 bunc
300 899 424 944 sonum
448 879 647 945 anomalum
663 875 707 966 ⁹⁴)
729 904 870 948 necesse
893 897 944 949 est
966 885 1205 971 pronuntiari3
1227 898 1366 950 atvero
1389 898 1423 950 et
1445 908 1508 972 per
1531 908 1588 952 ce·

126 997 208 1048 teros
232 1003 332 1046 casus
356 982 400 1045 ad
423 1002 546 1046 sonum
570 987 684 1048 tauri
708 986 857 1050 debeant
879 986 1046 1050 declinari
1058 982 1120 1068 ¹9⁵).

200 1089 276 1152 stt.
303 1085 408 1148 Nunc
434 1085 537 1148 etiam
567 1088 635 1150 hcc
667 1107 867 1168 monemus,
908 1089 1003 1174 quod
1030 1090 1117 1152 haec
1146 1087 1344 1174 supradicta
1366 1081 1409 1168 ⁹⁶)
1444 1091 1587 1154 uomina

20 1173 21 1184 ἵ
125 1198 393 1275 proptermetra
415 1187 452 1250 in
481 1187 603 1252 iisdem
634 1192 842 1276 supradictis
871 1191 1007 1256 casibus
1029 1203 1063 1254 et
1089 1191 1249 1254 anomale
1278 1203 1311 1254 et
1333 1211 1404 1256 non
1428 1191 1586 1254 anomale

126 1292 283 1378 permissa
306 1301 386 1354 suut
403 1292 447 1372 ⁹5)
470 1289 648 1356 declinari.
673 1293 742 1358 Sed
765 1296 849 1358 haec
872 1295 1014 1358 nomina
1038 1315 1106 1380 qua
1129 1294 1171 1358 de
1196 1314 1297 1357 causa
1321 1295 1356 1357 in
1381 1295 1586 1379 supradictis

127 1393 253 1460 casibus
275 1403 423 1478 propter
443 1403 631 1457 structuras
655 1397 705 1458 sic
728 1397 886 1459 anomale
911 1398 1111 1460 confirmata
1135 1397 1202 1460 sint
1217 1393 1261 1479 9”)
1283 1397 1521 1480 pronuntiari,
1552 1411 1624 1463 etv.
1640 1429 1690 1474 ιι).

126 1500 155 1562 iu
179 1496 300 1558 metris
328 1495 486 1558 anomale
517 1507 551 1558 et
578 1515 649 1560 non
678 1498 837 1562 anomale
863 1501 1032 1585 permissa
1059 1500 1127 1562 sint
1150 1497 1333 1573 declinari,
1362 1519 1441 1562 cuna
1464 1499 1508 1562 ad
1530 1518 1585 1561 ra-

20 1669 21 1672 ,
127 1602 245 1664 tionem
275 1609 466 1661 metrorum
497 1598 553 1662 vel
581 1611 830 1664 structurarum
858 1602 1073 1678 venerimus,
1104 1600 1177 1664 illic
1199 1612 1438 1686 competenter
1460 1607 1586 1666 tracta·-

20 1689 21 1696 ἵ
125 1702 227 1766 bimus
248 1707 304 1782 99).
1538 1687 1544 1702 ’

198 1807 273 1870 ate.
298 1802 384 1864 ltem
407 1801 450 1866 de
472 1801 526 1865 his
550 1815 713 1888 quattuor
734 1806 976 1892 suprascriptis
1000 1804 1200 1872 nominibus
1219 1806 1291 1889 ¹⁰⁰),
1321 1825 1409 1888 quae
1432 1804 1585 1868 diximus

125 1907 278 1990 genetivo
300 1915 334 1966 et
357 1903 472 1967 dativo
497 1925 577 1968 casu
600 1909 736 1971 numeri
760 1909 943 1992 singularis
966 1908 1148 1984 *anomale
1171 1908 1226 1972 vel
1248 1925 1320 1970 non
1343 1907 1501 1970 anomale
1524 1905 1693 1976 de-r.=s.v
1807 1921 1813 1928 ‘

126 2009 249 2083 clinari,
279 2009 347 2070 boc
376 2025 575 2084 monemus,
606 2010 700 2093 quod
724 2010 912 2075 eorundem
936 2011 1114 2075 vocatives
1137 2029 1236 2073 casus
1260 2011 1284 2092 ')
1306 2009 1443 2072 numeri
1465 2009 1585 2092 singu·
1609 1985 1677 2034 ⁰⁰¹²

125 2110 195 2174 laris
219 2110 256 2172 iu
280 2109 375 2172 souis
398 2123 637 2194 competenter
660 2124 806 2175 tractare
829 2112 1016 2176 debeamus
1034 2115 1075 2196 ²).

198 2213 273 2278 sto.
307 2211 397 2275 Sane
429 2213 465 2276 in
494 2215 559 2291 hac
589 2215 822 2299 suprascripta
851 2215 962 2278 lcrma
984 2209 1029 2299 ³),
1060 2235 1129 2299 qua
1152 2213 1304 2277 diximus
1326 2201 1411 2292 iu⁴)
1433 2211 1585 2276 ablativo

125 2335 196 2378 casu
227 2313 367 2377 numeri
396 2315 581 2398 singtdaris
608 2317 752 2380 uomina
775 2316 832 2381 ·0·
862 2317 977 2380 littera
1007 2317 1186 2380 terminari
1209 2328 1243 2379 et
1263 2315 1479 2378 nominativo
1503 2335 1585 2377 casu

124 2416 251 2480 numeri
282 2416 466 2500 singularis
486 2410 514 2498 ⁵)
545 2415 626 2481 ·Us·
655 2419 778 2482 litteris
809 2432 890 2504 post
918 2430 1166 2483 consonantem
1191 2417 1343 2490 definiri,
1374 2419 1441 2480 hcc
1463 2435 1586 2480 mone-

125 2537 208 2594 mus,
238 2518 337 2602 quod
363 2519 432 2581 sint
458 2517 575 2604 aliqua
605 2522 767 2596 nomina,
804 2542 893 2605 quae
923 2521 1096 2584 interdurn
1120 2532 1266 2604 propter
1286 2531 1395 2581 metra
1418 2518 1473 2580 vel
1496 2532 1591 2612 stru-1

127 2632 228 2682 sturae
253 2639 299 2684 ex
322 2619 472 2684 ablativo
496 2641 577 2684 casu
599 2623 736 2686 numeri
758 2623 942 2712 singularis
958 2622 1015 2687 ·0·
1037 2623 1197 2684 ultimum
1223 2633 1259 2684 et
1278 2620 1314 2683 in
1338 2618 1432 2682 ·UM·
1454 2619 1586 2684 litteras

127 2715 376 2805 convertant⁶),
400 2735 438 2786 ut
460 2725 659 2806 genetivum
683 2745 801 2804 casum
824 2724 961 2788 numeri
983 2724 1127 2810 pluralis
1151 2723 1315 2798 efficiant,
1343 2734 1381 2784 ut
1412 2733 1513 2806 puts:
1542 2721 1585 2785 ab

125 2823 194 2887 hoc
223 2844 398 2908 supero,
430 2827 577 2890 horum
606 2847 816 2912 superum.
850 2827 919 2891 Sed
950 2829 1052 2904 haec,
1083 2847 1171 2911 quae
1200 2827 1268 2890 sint
1295 2823 1438 2886 nomina
1461 2835 1494 2886 et
1517 2843 1588 2908 qua

124 2924 161 2987 de
182 2947 284 2990 causa
299 2947 345 2989 ex
358 2928 556 3012 supradicto
572 2947 653 2992 casu
670 2931 843 2994 interdum
858 2942 1003 3016 propter
1025 2942 1134 2992 metra
1157 2927 1210 2992 vel
1225 2931 1252 3006 7)
1276 2937 1464 2990 structuras
1481 2924 1538 2989 ·0·
1556 2919 1586 3007 8)

124 3025 275 3090 ultimum
299 3029 393 3093 etin
416 3029 510 3094 ·UM·
532 3031 664 3095 litteras
688 3045 902 3108 convertant,
924 3043 963 3094 ut
986 3029 1184 3114 genetivum
1208 3033 1325 3093 casum
1348 3028 1485 3089 numeri
1506 3025 1586 3111 plu-

125 3128 196 3194 ralis
226 3130 394 3208 efficiant,
424 3133 492 3196 laoc
515 3133 551 3196 in
578 3135 699 3198 metris
723 3147 758 3198 et
772 3136 802 3217 9)
826 3134 1005 3197 structuris
1029 3143 1267 3216 competenter
1289 3128 1513 3193 tractabimus
1531 3128 1582 3208 ’,’).

199 3233 272 3298 stt.
304 3233 390 3294 ltem
422 3234 459 3296 in
489 3236 553 3299 ltac
583 3236 694 3300 forma
725 3237 959 3322 suprascripta
986 3235 1183 3319 quaeritur,
1217 3253 1285 3317 qua
1314 3232 1356 3294 de
1386 3250 1487 3292 causa
1517 3230 1585 3318 ltic

122 3331 327 3397 barbarus
346 3347 380 3398 et
401 3355 471 3398 nou
496 3338 564 3400 hic
581 3339 621 3419 ¹⁸)
644 3338 801 3402 barbar
823 3338 978 3402 dicatur?
1001 3338 1074 3401 Hac
1097 3337 1139 3400 de
1160 3355 1272 3408 causa,
1297 3333 1462 3417 quoniam
1478 3351 1585 3416 quae-

124 3453 263 3520 cumque
291 3439 435 3502 nomina
462 3438 613 3502 ablativo
643 3459 724 3503 casu
750 3442 887 3504 numeri
910 3438 1093 3524 singularis
1117 3437 1175 3502 ·0·
1205 3437 1320 3499 littera
1342 3435 1583 3508 terminantur,

122 3535 200 3598 haec
222 3557 411 3624 numquam
431 3543 470 3624 ¹¹)
494 3542 529 3604 in
553 3543 770 3607 nominativo
794 3564 874 3606 casu
897 3542 1032 3604 numeri
1062 3539 1246 3622 singularis
1270 3536 1353 3600 ·Att·
1376 3536 1500 3598 litteris
1523 3535 1584 3598 de-

121 3635 299 3716 finiuntur3
330 3655 364 3706 ct
394 3643 472 3708 ideo
502 3645 571 3708 hic
599 3643 814 3708 barbarus
845 3657 878 3708 et
909 3663 981 3706 ncn
1011 3642 1078 3706 laic
1101 3635 1140 3724 ¹³)
1168 3637 1326 3704 barbas
1358 3638 1468 3702 lacere
1500 3655 1583 3722 prc-

122 3742 302 3808 nuntiatur.

201 3847 273 3910 348.
304 3845 391 3910 ltem
421 3847 457 3910 in
479 3849 544 3913 hac
567 3849 800 3934 suprascripta
819 3839 857 3928 ¹⁴)
882 3847 992 3910 lorma
1015 3844 1210 3931 quaeritur,
1235 3863 1302 3928 qua
1325 3839 1367 3904 de
1391 3859 1493 3904 causa
1515 3839 1583 3902 hic

121 3948 330 4012 masculus
361 3961 394 4012 et
420 3968 492 4012 non
525 3952 592 4014 laic
615 3950 773 4014 mascel
796 3951 950 4014 dicatur?
969 3950 1010 4031 ⁶).
1041 3947 1116 4010 Hac
1139 3949 1175 4026 ’·’)
1200 3946 1242 4009 de
1266 3963 1385 4018 causat
1416 3942 1583 4026 (1¹¹⁰nlam

158 4221 195 4294 ⁹⁸)
221 4219 388 4292 supradictis
407 4223 438 4278 B.
458 4223 494 4280 V.
513 4253 549 4266 -
568 4224 763 4295 suprascriptis
780 4224 817 4276 A.
843 4224 878 4294 ⁹⁴)
904 4223 1056 4276 anomalum
1083 4222 1113 4275 B.
1135 4221 1170 4275 V.
1189 4220 1225 4274 A.
1244 4251 1281 4261 -
1304 4211 1426 4269 anomale
1447 4216 1476 4268 P.
1502 4214 1538 4284 95)
1557 4219 1585 4264 sl

222 4325 284 4362 verc
303 4347 420 4363 .....
441 4310 574 4364 declinari
595 4313 630 4366 V.
643 4313 671 4365 Ρ.
682 4313 714 4364 Β.
735 4312 832 4382 (=ct)
850 4313 933 4364 =A.
952 4313 988 4381 2⁶)
1003 4307 1162 4381 supradicte
1180 4309 1212 4361 B.
1233 4308 1269 4363 V.
1288 4306 1325 4358 A.
1344 4335 1380 4346 -·
1396 4301 1585 4374 suprascripta

221 4397 251 4450 Ρ.
270 4401 307 4468 ’9)
326 4405 392 4450 suut
409 4399 441 4452 Β.
461 4428 496 4442 -
515 4399 572 4451 siut
590 4399 626 4454 V.
646 4399 684 4454 A.
702 4402 739 4471 99)
757 4401 814 4452 siut
832 4401 864 4452 Β.
885 4401 920 4454 V.
939 4429 976 4440 -
993 4405 1059 4450 suut
1076 4398 1112 4450 A.
1132 4404 1167 4466 ⁸⁹)
1187 4390 1365 4447 tractabimus
1384 4391 1421 4445 V.
1431 4390 1466 4443 A.
1486 4396 1584 4439 -trs-

222 4485 353 4538 eravimus
372 4486 405 4539 Β.
427 4489 475 4557 ’99)
494 4485 652 4539 ucmiuibus
672 4489 709 4543 V.
726 4489 764 4540 A.
783 4519 818 4528 -
837 4484 1001 4540 ucurcuibus
1019 4487 1052 4538 B.
1081 4489 1101 4552 ¹)
1121 4483 1260 4536 vocetivcs
1280 4497 1360 4534 casus
1378 4480 1411 4532 B.
1426 4477 1458 4532 V
1455 4513 1464 4530 .
1482 4503 1517 4518 ·-
1535 4492 1584 4525 vo·

223 4574 309 4628 sativo
329 4591 394 4625 casu
412 4575 444 4627 Ρ.
472 4581 495 4646 ’)
514 4573 636 4627 anomale
654 4573 699 4627 vel
717 4591 773 4627 uon
792 4571 915 4626 anomale
927 4610 1052 4626 ......
1064 4569 1212 4623 debeamus
1231 4571 1262 4622 B.
1278 4569 1313 4622 V.
1327 4589 1364 4618 =
1378 4566 1416 4620 A.
1443 4566 1467 4634 ⁵)
1488 4579 1585 4632 wlm-

223 4661 323 4733 tcripta
340 4660 426 4714 locrus
444 4663 476 4714 B.
500 4664 535 4717 V.
554 4693 590 4705 -
607 4665 694 4716 iorrna
712 4665 899 4734 suprascripta
916 4663 948 4715 Ρ.
968 4662 993 4731 9)
1010 4661 1039 4712 iu
1057 4661 1136 4712 B.=
1150 4659 1186 4711 V.
1202 4659 1234 4710 P.
1255 4657 1276 4722 ⁵)
1297 4655 1403 4707 Saue..
1477 4648 1584 4701 numeri

222 4747 367 4820 singularis
384 4750 417 4804 B.
433 4751 468 4806 V.
487 4753 516 4804 Ρ.
531 4775 568 4802 =
582 4751 617 4806 A.
644 4753 669 4822 ⁶)
689 4759 850 4804 convertant
869 4751 904 4804 V.
920 4748 956 4802 A.
975 4779 1011 4790 -
1030 4753 1193 4800 convertunt
1211 4745 1241 4797 Β.
1269 4741 1308 4814 τῷ
1325 4758 1344 4792 u
1372 4741 1465 4792 ultimo
1484 4739 1582 4788 deleto.

223 4838 247 4906 9)
267 4837 310 4889 rel
330 4838 409 4893 ΒΛ.
424 4869 459 4881 -
479 4847 507 4892 et
526 4841 562 4894 V.
577 4841 608 4892 Ρ.
629 4842 652 4910 9)
673 4839 717 4893 ·0·
736 4839 767 4892 Β.
786 4839 822 4893 V.
837 4869 871 4880 -
889 4838 917 4888 iu
937 4835 982 4889 ·0·
1002 4834 1037 4888 Α·
1057 4840 1081 4905 ⁹)
1101 4844 1130 4887 θῑ
1148 4835 1178 4886 Β
1196 4861 1233 4874 -·
1249 4827 1294 4882 991
1313 4828 1349 4882 V·
1364 4828 1401 4880 Α·
1432 4829 1464 4892 ¹⁰)
1483 4833 1583 4877 “m''
1609 4853 1613 4868 '

222 4920 309 4978 bimus
329 4927 366 4981 V.
382 4926 420 4980 A.
440 4956 475 4970 —
494 4929 668 4982 tractavimus
687 4929 719 4982 Β.
741 4931 775 4999 ”)
794 4924 841 4978 lic
861 4925 896 4980 V.
912 4924 948 4979 A.
965 4945 1003 4972 =
1020 4923 1052 4975 Β.
1082 4921 1118 4994 ’9)
1136 4917 1205 4972 baec
1227 4933 1374 4988 numquam
1392 4917 1424 4969 B.
1442 4913 1474 4970 V
1471 4949 1479 4968 .
1496 4914 1533 4970 A.
1547 4941 1584 4957 ·-

222 5029 288 5084 quse
306 5015 338 5066 P.
366 5015 403 5086 ¹¹)
422 5011 467 5066 bic
486 5015 522 5070 V.
542 5015 577 5072 A.
597 5039 633 5066 =
650 5017 683 5070 B.
714 5017 750 5088 ⁸⁴)
769 5014 956 5086 suprrscripta
974 5009 1006 5064 B.
1025 5010 1062 5065 V.
1079 5011 1112 5062 P.
1131 5037 1166 5052 -
1180 5002 1338 5079 supradicta
1356 5005 1392 5060 A·
1422 5004 1456 5073 ¹⁵)
1475 4999 1527 5054 ¹¹¹⁰
1546 5001 1581 5056 V·

222 5101 255 5152 A.
273 5131 309 5146 ι-
327 5097 356 5154 lt.
375 5104 405 5172 (ι’.
425 5123 448 5156 e.
468 5100 548 5176 baec)
567 5105 600 5158 Β.
1529 5119 1535 5130 ’

156 5187 190 5256 a)
221 5187 281 5240 vid.
301 5207 376 5263 supr.
396 5189 531 5263 Excerpts
548 5189 633 5246 Probi
652 5189 687 5244 de
705 5207 777 5247 ucua.
796 5191 870 5260 §.22
886 5196 915 5242 et
931 5189 978 5240 cfr.
997 5184 1068 5240 Flet.
1079 5183 1199 5258 Capram
1208 5179 1244 5237 ds
1258 5177 1536 5254 Ortbcgraplraill.
1551 5177 1582 5238 Ρ.
