4020 6068
378 563 426 630 88
828 538 866 616 ii.
892 551 1071 622 crauol
1096 563 1396 623 saesnuorrs

469 696 539 756 150.
563 689 626 756 DE
638 689 890 758 ASTEISMO.
905 685 949 777 ⁹⁵)
970 693 1172 770 Asteismos,
1188 715 1292 780 quem
1301 687 1345 778 96)
1355 695 1497 780 quidam
1507 693 1777 760 charientismos
1793 695 1848 760 tli-

383 783 475 869 eunt,
499 793 605 858 dictio
620 805 671 858 est
686 791 880 858 urbanitate
896 807 929 858 et
947 795 1057 860 faceta
1071 799 1182 880 gratia
1196 798 1403 885 composita,
1427 810 1466 862 ut
1489 797 1671 862 Terentius
1691 833 1734 848 -
1761 810 1847 862 turn
1908 785 1910 790 ’

381 895 494 980 quod
522 894 612 958 dem
633 898 690 973 ei,
714 909 831 960 recte
854 881 1061 973 estruem
1093 901 1210 963 nihil
1234 921 1326 964 esse
1350 900 1473 976 mihi,
1504 899 1664 985 religio
1695 912 1762 964 est
1784 898 1845 962 di-

381 1019 489 1062 cere.
508 999 543 1080 ⁸)
561 1000 608 1048 '-
642 999 832 1063 Asteismos
868 999 905 1062 fit
928 998 1038 1063 tribus
1065 1001 1190 1065 modis.
1217 1001 1286 1064 Per
1313 1002 1582 1087 euphemiam
1603 1002 1648 1084 ⁹⁷)
1674 1021 1716 1066 ac
1743 1003 1773 1065 si
1793 1002 1846 1066 di·

380 1102 489 1164 cimus
514 1099 581 1163 lata
602 1121 777 1186 parcas,
807 1091 903 1186 quod
926 1120 997 1163 non
1021 1114 1185 1188 parcant;
1213 1103 1314 1188 quale
1336 1116 1388 1167 est
1410 1104 1628 1189 exemplum,
1659 1105 1756 1190 quod
1780 1124 1846 1191 po-

378 1205 534 1282 suimus,
571 1202 830 1267 Terentianum.
881 1201 949 1266 Per
983 1207 1319 1290 cacemphaton,
1357 1217 1397 1269 ut
1429 1217 1480 1270 est
1510 1205 1598 1269 illud
1628 1205 1845 1272 Plautinum:

379 1307 563 1391 reprime
586 1307 644 1369 sis
665 1307 769 1370 iram
791 1304 837 1384 ⁵);
866 1325 946 1368 nam
972 1325 1045 1367 rem
1074 1317 1211 1392 turpem
1239 1321 1355 1386 sonat,
1392 1320 1515 1393 utpote
1540 1327 1560 1368 a
1583 1297 1627 1389 9”)
1652 1310 1846 1373 meretricis

378 1408 504 1472 ancilla
528 1407 620 1472 dicta
641 1409 763 1474 oratio.
788 1407 855 1472 Per
877 1405 1231 1487 similitudinem,
1256 1409 1442 1495 ,quomodo
1463 1411 1661 1474 dictumest
1683 1409 1726 1472 de
1747 1409 1846 1474 Car·

378 1509 511 1588 bone,
535 1511 607 1595 qui,
626 1523 764 1575 mortuo
788 1508 934 1586 Crasso,
964 1509 1105 1572 homine
1130 1509 1248 1588 lelice,
1274 1512 1416 1575 inimico
1441 1531 1520 1588 suo,
1551 1523 1631 1574 ante
1658 1509 1844 1588 obscurus,

268 1607 501 1676 hus-noreio
529 1613 664 1698 coepit,
689 1625 976 1698 —postquam
1013 1608 1201 1675 Crassus
1230 1613 1360 1676 carbo
1391 1613 1534 1702 lactus
1570 1623 1636 1676 est
1663 1611 1680 1643 ⁴⁸
1713 1613 1750 1676 id
1782 1627 1844 1690 est,

378 1715 492 1800 periit,
517 1713 658 1780 Carbo
678 1733 847 1778 crassus
863 1713 1000 1776 lactus
1023 1725 1088 1776 est
1108 1715 1184 1796 ‘)-
1198 1714 1235 1777 id
1249 1728 1311 1792 est,
1329 1736 1383 1780 res
1401 1729 1479 1780 ante
1497 1727 1633 1779 mortua
1649 1715 1776 1778 revixit
1787 1718 1844 1798 9⁹),

378 1816 414 1879 id
433 1829 484 1880 est
504 1815 547 1880 ad
570 1817 689 1880 florem
712 1817 887 1900 pervenit;
919 1827 953 1878 et
974 1813 1060 1878 illud
1082 1814 1124 1878 de
1149 1814 1373 1903 Pompeio,
1405 1819 1466 1904 qui
1490 1817 1618 1882 eoloris
1642 1829 1715 1881 erat
1733 1817 1844 1895 rubei,

377 1918 559 1982 sedanimi
575 1917 801 1983 inverecundi
822 1953 867 1968 -
893 1935 1015 2001 quem
1037 1918 1270 2003 uonpudet
1293 1933 1333 1982 et
1355 1918 1489 1997 rubet,
1513 1939 1597 1984 uon
1620 1931 1684 1982 est
1706 1920 1843 1999 homo,

377 2020 455 2084 sed
484 2022 629 2107 ropio,
650 2057 694 2072 -
722 2020 823 2105 ropio
845 2030 958 2082 autem
983 2030 1034 2081 est
1059 2030 1118 2082 aut
1145 2020 1292 2084 minium
1312 2022 1384 2104 Μ),
1423 2034 1482 2086 aut
1512 2022 1618 2108 piscis
1645 2023 1669 2102 ¹)
1701 2021 1844 2098 rubeus,

375 2135 434 2186 aut
453 2123 553 2209 penis
570 2125 599 2206 ²)
612 2119 659 2205 Α).

462 2227 533 2290 154.
555 2225 620 2289 DE
647 2219 910 2288 SARCASMO.
957 2220 1157 2286 sarcasmos
1180 2236 1232 2287 est
1256 2225 1368 2288 oratio
1392 2243 1471 2288 cum
1495 2224 1709 2287 exultatione
1728 2228 1779 2308 ‘),
1802 2237 1842 2289 ut

376 2339 427 2390 est
456 2326 599 2400 -En,
623 2346 768 2410 agros,
792 2337 849 2402 et,
872 2345 995 2411 quarn
1018 2323 1149 2399 bello,
1174 2325 1369 2400 Troiane,
1392 2324 1563 2410 petisti,
1588 2325 1840 2412 Hesperiam

376 2420 567 2511 metire³)
585 2425 884 2506 iaceusfl-et
900 2425 1025 2492 Cicero
1050 2463 1091 2474 -
1108 2447 1159 2490 en
1183 2428 1363 2504 crimen,
1381 2446 1581 2500 eucausa,
1599 2447 1676 2490 cur
1698 2448 1842 2512 regem

376 2529 602 2612 fugitivus,
620 2531 835 2594 domiuum
859 2549 1006 2594 servus
1029 2532 1316 2610 accusett).-
1338 2529 1433 2592 luter
1448 2528 1596 2604 ironiam
1617 2542 1755 2612 ergoet
1772 2549 1845 2594 sar-

377 2649 518 2694 casmon
535 2633 603 2696 lroe
621 2645 682 2708 est,
706 2631 802 2716 quod
817 2631 930 2695 ironia
951 2634 1163 2697 contrarium
1184 2632 1330 2698 dictioni
1352 2632 1508 2696 continet
1530 2649 1668 2692 sensum
1689 2651 1769 2694 cum
1790 2633 1846 2694 in-

375 2733 522 2812 risione,
546 2753 737 2798 sarcasmos
752 2753 846 2811 vero,
871 2734 993 2798 eodem
1009 2735 1126 2813 modo,
1150 2755 1221 2820 quo
1240 2734 1369 2800 dicitur
1384 2729 1429 2817 ⁴),
1460 2730 1683 2816 intellegatur
1700 2753 1846 2798 necesse

358 2848 443 2932 nest,
467 2836 626 2922 quamvis
646 2857 723 2900 eum
752 2837 930 2900 inrisione.

410 3323 450 3400 θ’)
473 3325 507 3380 de
519 3331 649 3384 asteismo
662 3361 697 3374 -
712 3329 748 3385 de
761 3333 876 3386 astisno
891 3331 957 3384 ceu
973 3343 1057 3386 comt.
1085 3331 1121 3401 ο“)
1132 3347 1255 3402 quem-
1265 3346 1343 3400 quum
1356 3328 1423 3382 caet.
1443 3331 1479 3397 ο7)
1496 3322 1668 3398 euphemiam
1678 3355 1716 3370 -
1730 3327 1845 3378 eufemia

482 3417 548 3470 cod.
559 3420 596 3491 ⁹⁸)
623 3427 654 3472 ut
668 3429 735 3491 pote
748 3428 849 3473 a-ut
866 3430 964 3492 poetae
981 3421 1047 3474 Cod.
1068 3418 1102 3487 99)
1120 3426 1226 3469 mortua
1242 3416 1388 3470 revixit-
1403 3424 1496 3468 motus
1518 3415 1631 3466 rueriait
1648 3415 1716 3468 Ccd.
1739 3418 1787 3483 ¹⁰⁰)
1795 3413 1847 3464 mi·

477 3505 596 3557 uium-
610 3507 732 3560 mimium
751 3509 817 3562 Cod.
837 3509 859 3579 ¹)
876 3509 962 3580 piscis
981 3510 1049 3561 cod.
1064 3528 1097 3560 ex
1114 3525 1163 3560 em.
1177 3526 1218 3576 pr.
1228 3526 1263 3557 m.
1273 3505 1361 3576 piceis
1374 3525 1391 3557 u
1401 3523 1444 3575 pr.
1454 3521 1488 3555 m.
1510 3503 1536 3572 ¹)
1550 3502 1676 3573 peuis-
1690 3519 1762 3572 pene
1776 3501 1845 3554 cod.

478 3597 500 3664 ¹)
515 3595 654 3648 metire-
672 3597 740 3650 etire
755 3597 822 3650 cod.
842 3597 866 3667 ⁴)
880 3613 935 3668 quo
950 3594 1100 3650 dicitur-
1117 3591 1192 3666 quod
1202 3593 1285 3663 igitur
1302 3593 1371 3645 cod.

414 3817 444 3884 a)
468 3813 580 3867 Terent.
595 3813 695 3869 Horut.
707 3813 745 3868 11.
761 3821 783 3872 l.
796 3819 837 3874 to.
857 3815 884 3883 b)
900 3812 988 3868 Plaut.
1004 3815 1086 3866 Truc.
1101 3813 1137 3866 ll.
1153 3819 1180 3869 2-
1191 3817 1270 3871 6-9.
1287 3809 1345 3863 Cir.
1360 3825 1429 3881 quae
1441 3824 1525 3880 supra
1541 3805 1577 3860 ed
1592 3811 1609 3878 §
1624 3811 1669 3866 78.
1680 3805 1845 3859 notavimus.

477 3905 504 3975 o)
523 3905 674 3975 Postquam
699 3903 813 3956 Croesus
833 3903 916 3955 curbo
926 3904 1027 3972 fietus
1041 3915 1091 3962 est,
1118 3903 1208 3954 Carbo
1223 3919 1330 3952 eruerua
1340 3901 1497 3966 Jiretraeeet.
1514 3927 1552 3940 -
1571 3895 1602 3948 C.
1619 3893 1759 3966 Papirium
1777 3891 1843 3945 Cur·

476 3989 587 4054 bouem,
608 3990 640 4043 C.
664 3987 800 4043 Carbonis
820 3987 950 4042 Consulis
973 3987 1069 4052 filium,
1086 3989 1305 4040 inimicissimum
1326 3985 1410 4038 luisse
1424 3983 1459 4038 L.
1473 3983 1537 4061 Iris.
1557 3981 1668 4045 Crasso,
1687 3978 1763 4054 quod
1782 3981 1843 4032 eius

393 4126 401 4140 ,
476 4077 651 4129 recusutioue
673 4085 751 4147 pater
768 4073 804 4130 ad
824 4086 939 4130 mortem
963 4075 1121 4149 compulsus
1142 4077 1244 4138 t'uerut,
1271 4073 1441 4125 eCiceroue
1458 4069 1493 4122 de
1512 4069 1590 4123 Orat.
1610 4069 1701 4128 111.3.
1723 4075 1841 4121 constat.

476 4161 602 4216 Eundem
619 4161 772 4216 Carbonem
789 4163 825 4215 ud
841 4163 1008 4234 speculanda
1025 4164 1117 4218 Crassi
1134 4173 1194 4216 acta
1208 4165 1237 4216 iu
1252 4159 1369 4217 Gallim
1382 4159 1540 4231 proiectum
1559 4157 1661 4220 fuisse,
1678 4163 1769 4208 uarrrt
1785 4155 1840 4208 Va-

361 4231 366 4244 .
416 4309 420 4316 ,
475 4250 560 4304 lerius
572 4251 643 4304 Μαι.
655 4251 704 4307 tlt.
718 4256 744 4309 7.
759 4256 786 4310 6.
806 4251 1094 4323 dlboeusiusiguiter
1109 4261 1271 4322 corruptus;
1291 4245 1424 4320 populare
1436 4244 1710 4300 videturecurieium
1723 4243 1753 4296 iu
1762 4243 1844 4295 Pom-

474 4339 577 4410 poium,
600 4348 628 4391 et
646 4338 770 4392 fortassis
786 4357 801 4392 e
819 4337 932 4392 militari
948 4341 1074 4392 carmine.
1096 4337 1211 4392 Scilicet
1226 4338 1422 4407 Imperatorem
1437 4330 1664 4405 triumphantem,
1684 4331 1740 4384 oria
1756 4327 1842 4401 probi

474 4427 557 4478 animi
572 4423 751 4482 iuvereeuueli
766 4424 913 4490 bominem,
931 4436 963 4480 ut
977 4427 1068 4500 iuquit
1083 4423 1231 4482 Sallustius
1246 4421 1321 4495 apud
1332 4422 1497 4478 Suetonium
1509 4417 1545 4472 de
1560 4418 1626 4472 clar.
1646 4417 1767 4474 Gramm.
1783 4418 1844 4471 XV.

473 4514 544 4588 (cte
557 4513 628 4568 Plio.
641 4514 675 4567 II.
690 4514 725 4572 Ν.
740 4514 801 4568 VII.
818 4521 861 4572 lt.
877 4524 906 4569 et
920 4515 1062 4569 XXXVII.
1082 4519 1110 4570 Q.
1125 4523 1153 4566 et
1168 4513 1301 4584 imprimis
1316 4509 1478 4565 salmasium
1497 4505 1533 4560 etl
1550 4506 1690 4578 Spartiaui
1708 4507 1843 4559 Pesceuu.

471 4604 548 4676 Nigr.
565 4603 668 4676 Script.
684 4603 758 4658 Hirr.
774 4621 837 4673 aug.
858 4602 891 4656 L.
909 4602 1034 4662 &1672
1057 4612 1077 4657 t.
1096 4601 1118 4653 Ι.
1136 4619 1166 4674 p.
1183 4601 1262 4670 654.)
1287 4617 1351 4650 cum
1365 4614 1473 4669 semper
1489 4593 1611 4658 ruberet,
1637 4595 1704 4667 quin
1724 4611 1844 4666 uuquam

472 4696 562 4764 ipsum
584 4690 723 4764 puderet,
745 4709 801 4746 uou
819 4687 958 4744 homiuem
975 4687 1027 4742 sed
1041 4689 1185 4760 ropiouem
1204 4687 1248 4740 vel
1262 4687 1370 4758 ropium
1386 4703 1447 4738 esse
1465 4683 1602 4746 dixerint,
1620 4683 1650 4734 iu
1665 4683 1732 4734 roto
1746 4678 1843 4732 colore

473 4779 553 4850 (viu.
575 4781 654 4836 serv.
671 4777 706 4832 ad
721 4779 797 4848 Virg.
817 4777 913 4848 Eclog.
930 4778 979 4830 Vl.
995 4783 1040 4834 22.
1062 4786 1091 4830 et
1107 4777 1164 4831 cfr.
1179 4775 1291 4829 Cramer
1305 4773 1342 4827 ad
1357 4770 1504 4828 Scholiast.
1524 4767 1647 4822 Iureual.
1663 4787 1691 4841 p·
1707 4774 1769 4828 ³29.
1783 4769 1844 4838 55.)

471 4867 556 4937 piscis
577 4870 652 4920 rotet
671 4867 793 4928 uumiue,
811 4875 839 4918 et
854 4867 929 4918 rubri
944 4861 1086 4918 bustorum
1110 4862 1248 4928 custodis,
1271 4864 1383 4916 rutente
1395 4864 1507 4925 sueino
1522 4857 1628 4929 (Priap.
1641 4861 1688 4916 84·
1701 4860 1742 4926 8.)
1760 4851 1843 4916 timul

471 4952 607 5006 ludentes.
644 4955 774 5009 Ceterum
790 4950 858 5006 baec
877 4951 921 5008 rel
945 4950 1026 5004 nobis
1044 4970 1140 5023 partam
1158 4951 1339 5006 satisfeciunt.
1365 4952 1391 5018 e)
1406 4967 1467 5002 ortua
1484 4949 1669 5006 usuarium,
1694 4941 1842 5013 legendum

471 5041 596 5094 fortassis
610 5059 672 5094 cum
683 5045 868 5096 insultatione.
888 5041 1035 5112 Pompeius
1051 5059 1078 5112 p.
1094 5045 1156 5100 479.
1179 5040 1212 5093 L.
1228 5037 1310 5092 allato
1329 5033 1428 5089 eodem
1443 5033 1596 5106 virgiliano
1617 5030 1695 5086 loco:
1723 5031 1839 5082 insultat

469 5137 493 5184 ei
505 5131 552 5184 sed
565 5149 626 5182 eum
636 5149 741 5184 summu
756 5137 879 5184 irrisione
890 5130 948 5185 Cl'r.
965 5127 1144 5201 Tryphonem
1158 5127 1218 5208 erpi
1239 5124 1347 5204 τρόπων
1366 5121 1441 5196 apud
1458 5119 1619 5176 lloiaeourd.
1640 5115 1769 5173 anecdot.
1791 5115 1843 5170 tlt.

469 5210 530 5279 279.
539 5221 584 5291 s)
597 5219 671 5288 Virg.
686 5219 752 5271 Asu.
768 5220 833 5274 XII.
845 5225 906 5280 359.
923 5224 983 5278 360.
1005 5223 1035 5288 3)
1054 5217 1112 5270 Cic.
1129 5236 1178 5288 pro
1195 5213 1290 5268 Deiot.
1306 5217 1346 5268 17.
