4036 6068
404 599 470 664 42⁰
880 587 1183 645 88081088
1225 589 1418 644 utnon.

490 739 563 802 809.
586 737 615 800 A
639 734 827 821 deponenti
850 734 957 799 verbo
979 731 1022 818 ⁴5)
1054 749 1211 822 tempora
1233 736 1499 822 participiorum
1524 735 1707 798 trahuntur
1736 733 1820 810 tria,
1848 742 1882 793 et

406 841 457 902 bis
483 839 601 902 formis
624 837 854 912 definiuntur,
877 850 1039 922 utputa:
1063 857 1244 925 praesens,
1268 837 1458 913 luctans;
1481 837 1723 923 praeteritum,
1746 834 1883 898 lucta·

406 953 489 1014 tus;
513 938 683 1015 futurum,
707 938 938 1002 luctandus
956 931 1011 1022 ⁴⁸).

489 1043 563 1104 803.
593 1040 625 1102 Α
649 1042 833 1104 communi
865 1040 971 1105 verbo
995 1053 1155 1127 tempora
1177 1042 1444 1128 participiorum
1467 1041 1653 1105 trabuntur
1669 1029 1712 1122 49)
1736 1039 1801 1102 tria
1819 1031 1880 1119 ⁵⁶),

404 1155 437 1205 et
457 1141 508 1204 bis
528 1141 648 1204 formis
663 1141 885 1220 deliniuntur,
902 1155 941 1206 nt
954 1156 1053 1228 puta:
1076 1163 1251 1232 praesens,
1276 1143 1491 1219 osculans,
1507 1141 1733 1228 praeteritum
1756 1159 1882 1203 oscu-

405 1245 537 1318 latus,
563 1243 714 1308 loturum
739 1244 1018 1308 osculaturus
1040 1257 1073 1308 et
1097 1245 1361 1309 osculandus
1380 1238 1434 1325 ⁵¹).

488 1350 562 1410 804.
587 1345 676 1410 Sane
700 1349 766 1409 boc
791 1367 991 1422 monemus,
1023 1347 1119 1432 quod
1141 1347 1311 1410 secundae
1335 1363 1368 1410 et
1392 1345 1571 1408 tertiarum
1589 1338 1634 1427 ⁵¹)
1656 1341 1880 1428 coniugatio-

403 1469 485 1511 num
505 1447 615 1546 ‘verba
630 1469 693 1532 per
710 1441 752 1528 ⁵¹)
770 1449 901 1532 species
920 1448 1089 1534 perlectas
1106 1461 1140 1512 et
1158 1469 1222 1520 res.
1239 1469 1323 1534 quas
1344 1460 1468 1530 regunt
1485 1447 1617 1532 species
1636 1435 1878 1532 periectae⁵⁸)‚

404 1552 506 1612 variis
529 1549 649 1613 formis
673 1550 880 1613 deliniantur
895 1544 957 1635 ⁵⁵),
982 1552 1049 1614 hoc
1072 1561 1133 1626 est,
1157 1564 1195 1614 ut
1210 1543 1255 1633 56)
1277 1550 1312 1612 in
1337 1549 1444 1613 isdem
1463 1547 1645 1634 speciebus
1668 1547 1723 1610 vel
1747 1545 1879 1630 quibus

403 1651 504 1714 rebus
529 1667 696 1734 reguntur
717 1653 858 1714 eaedem
874 1647 918 1733 ⁵⁷)
942 1653 1075 1738 species
1089 1651 1294 1716 catholicam
1307 1650 1527 1738 disciplinam
1551 1651 1700 1712 retinere
1723 1667 1794 1710 non
1819 1635 1878 1710 re·

403 1755 598 1838 pariantur,
627 1767 662 1818 et
692 1755 770 1818 ideo
801 1773 890 1838 quae
911 1747 955 1837 ⁵⁸)
986 1773 1040 1818 res
1071 1773 1175 1838 quam
1199 1773 1271 1817 rem
1304 1767 1400 1840 regat
1431 1751 1485 1816 vel
1515 1771 1584 1837 qua
1617 1764 1758 1834 regatur
1780 1747 1878 1813 subi-

403 1857 512 1920 cimus
529 1851 584 1938 ⁵⁹).

485 1961 559 2021 805.
593 1954 719 2020 Modus
753 1958 958 2020 indicativus
988 1957 1059 2020 sive
1090 1957 1369 2044 pronuntiativus
1398 1957 1565 2042 temporis
1588 1953 1779 2040 praesentis
1803 1953 1877 2016 sive

401 2059 568 2132 instantis,
593 2069 627 2120 et
647 2051 691 2140 σε’)
717 2057 868 2122 futurum
885 2053 929 2142 6·)
953 2059 1008 2121 vel
1032 2060 1258 2144 promissivus
1282 2057 1423 2131 modus,
1447 2071 1480 2121 et
1504 2057 1628 2122 modus
1650 2054 1878 2140 imperativus

399 2157 583 2224 cuiuslibet
604 2160 782 2244 temporis,
808 2173 841 2223 et
865 2153 909 2242 6’)
934 2160 1056 2224 modus
1081 2161 1234 2224 infinitus
1257 2160 1329 2223 sive
1359 2171 1547 2244 perpetuus
1570 2158 1762 2241 praesentis
1786 2168 1877 2218 tem-

398 2261 493 2345 poris
507 2253 550 2340 ⁶⁴)
574 2261 645 2324 sive
669 2253 713 2343 ⁶³)
735 2261 911 2337 instantis,
936 2274 969 2324 et
993 2262 1115 2324 modus
1139 2263 1313 2346 optativus
1335 2261 1527 2346 praesentis
1550 2259 1717 2343 temporis
1733 2251 1777 2342 ⁶⁵)
1801 2257 1875 2320 sive

399 2363 557 2425 instantis
573 2355 617 2443 66)
640 2375 673 2426 et
697 2361 813 2435 saturi.
838 2375 871 2426 et
890 2364 1012 2426 modus
1030 2363 1273 2426 coniunctivus
1291 2357 1336 2446 ⁶7)
1360 2363 1431 2426 sive
1455 2361 1628 2426 iunctivus
1644 2351 1688 2442 ⁰⁸)
1710 2379 1878 2446 praesen-

398 2461 440 2524 tis
465 2463 630 2547 temporis
655 2465 725 2526 sive
751 2465 919 2537 instantis,
944 2477 977 2527 et
1000 2465 1123 2528 modus
1147 2465 1377 2550 inpersonalis
1401 2464 1591 2549 praesentis
1615 2462 1782 2547 temporis
1802 2461 1875 2524 sive

397 2564 556 2626 instantis
580 2577 613 2628 et
638 2565 752 2640 futuri,
778 2577 811 2627 et
834 2567 980 2648 gerundi
997 2568 1073 2641 tria,
1098 2578 1281 2652 quaesunt
1299 2567 1489 2649 superiora,
1514 2577 1547 2627 et
1565 2563 1750 2649 participia
1773 2584 1875 2650 prae-

397 2665 503 2727 sentis
527 2666 694 2750 temporis
717 2667 788 2728 sive
813 2665 929 2741 futuri,
954 2687 1042 2752 quae
1067 2667 1183 2731 dtus·
1202 2665 1332 2750 syllaba
1348 2667 1589 2741 terminantur,
1613 2677 1647 2729 et
1670 2665 1804 2750 species
1820 2666 1873 2728 iu-

395 2765 568 2852 perlectae
584 2760 628 2848 677)
652 2768 723 2830 sive
741 2769 854 2830 minus
873 2789 977 2852 quam
994 2769 1167 2854 perlectae
1183 2773 1227 2854 ⁷⁰)
1243 2769 1298 2832 vel
1316 2769 1534 2832 inchoativae
1553 2770 1597 2850 ⁷¹)
1621 2789 1640 2832 a
1662 2765 1818 2851 qualibet
1833 2769 1877 2848 ⁷¹)

395 2867 563 2953 qualitate
586 2869 683 2932 vorbi
707 2869 750 2932 ad
774 2890 870 2934 suam
896 2869 1041 2933 formam
1066 2869 1177 2954 redigi
1200 2871 1430 2955 reperiuntur.

488 2970 562 3035 806.
587 2969 727 3056 Species
751 2971 963 3056 inperfectae
981 2967 1023 3053 ⁷³)
1047 2973 1118 3036 sive
1140 2973 1255 3034 minus
1274 2977 1315 3054 74)
1340 2992 1444 3056 quam
1467 2969 1641 3056 perlectae
1665 2969 1759 3034 modi
1783 2968 1876 3032 indi-

305 3066 326 3108 ”
404 3073 509 3138 estivi
532 3073 604 3136 sive
628 3075 879 3158 pronuntiativi
902 3086 935 3137 et
958 3075 1104 3162 optativi
1125 3086 1162 3137 et
1184 3074 1398 3137 coniunctivi
1422 3073 1493 3135 sive
1517 3071 1680 3146 iunctim,
1704 3071 1759 3133 vel
1783 3071 1875 3134 iutu-

403 3195 480 3238 rnm
504 3186 641 3259 tempus
666 3177 759 3238 modi
784 3177 998 3239 coniunctivi
1021 3179 1092 3239 sive
1115 3177 1278 3248 iunctivi‚
1310 3187 1343 3238 et
1367 3174 1588 3260 praeteritum
1619 3185 1756 3256 ternpus
1779 3171 1875 3234 modi
1939 3255 1941 3260 Ι

403 3277 529 3339 infiniti
544 3272 587 3358 ⁷⁵)
610 3275 653 3338 ab
668 3279 789 3352 activa,
814 3277 963 3340 neutrali
979 3291 1012 3341 et
1032 3279 1282 3362 frequentativa
1303 3278 1468 3361 qualitate
1485 3275 1616 3338 scilicet
1632 3274 1814 3360 (quoniam
1833 3273 1876 3354 7“)

401 3378 598 3442 inchoativa
629 3379 688 3442 bas
717 3399 772 3442 res
804 3378 916 3443 facere
946 3379 1166 3466 prohibetur)
1198 3377 1243 3442 ad
1275 3399 1369 3442 suam
1403 3378 1547 3443 formam
1579 3376 1691 3459 redigi
1710 3378 1752 3458 ⁷⁷)
1775 3395 1874 3460 repe-

400 3481 545 3543 riuutur.
1393 3545 1398 3552 ,

481 3585 555 3647 807.
579 3575 741 3663 Nonou)
774 3581 810 3644 iu
833 3584 898 3646 hac
929 3581 1040 3646 forma
1063 3585 1131 3646 hoo
1155 3601 1355 3656 monemus,
1386 3580 1480 3666 quod
1505 3581 1572 3643 hoc
1595 3598 1703 3640 unum
1727 3576 1872 3640 verbum

397 3685 584 3748 adnaissnm
617 3684 661 3745 sit
691 3683 897 3768 imperativo
930 3686 1034 3749 modo
1065 3699 1224 3770 tempore
1256 3684 1370 3746 tuturo
1403 3695 1549 3768 propter
1577 3699 1742 3742 sonorum
1766 3679 1874 3740 ratic-

396 3805 477 3850 uem
494 3788 536 3868 79)
559 3785 747 3862 declinari,
772 3786 808 3849 id
831 3797 900 3862 est,
926 3800 1148 3852 memento.
1176 3787 1246 3851 Sed
1267 3787 1336 3848 boc
1358 3783 1505 3847 verbnm
1523 3777 1587 3864 Ρ),
1611 3781 1745 3866 quade
1770 3799 1873 3842 causa

442 4025 477 4092 77)
497 4019 580 4076 verbo
601 4023 637 4078 V.
657 4023 693 4074 A.
712 4051 748 4064 -
765 4039 830 4076 vero
848 4022 881 4074 Β.
901 4023 936 4088 ⁴⁸)
957 4019 1104 4076 lactandus
1122 4024 1154 4078 B.
1173 4055 1209 4066 —
1227 4023 1381 4076 laetaturus
1402 4023 1436 4074 V.
1456 4023 1493 4074 A.
1514 4023 1550 4091 ⁴⁹)
1571 4017 1717 4072 trabuntur
1734 4019 1768 4072 B.
1788 4019 1825 4072 V.
1843 4019 1873 4070 Ρ.

504 4131 540 4161 =
558 4111 594 4164 A.
615 4111 650 4178 77)
670 4108 721 4161 tria
741 4111 772 4162 B.
793 4110 829 4163 V.
848 4141 884 4150 -
902 4109 943 4160 lll
961 4111 994 4164 Ρ.
1013 4141 1049 4152 -
1066 4111 1121 4162 llll
1142 4113 1179 4166 A.
1206 4113 1242 4178 71)
1262 4120 1289 4162 et
1309 4107 1477 4163 osculandus
1495 4111 1529 4161 Β.
1549 4108 1585 4166 Α.
1604 4129 1640 4157 .·-·
1660 4107 1697 4160 V.
1724 4107 1762 4176 Ἰ)
1784 4107 1876 4158 tertis·

505 4215 565 4250 rum
582 4197 615 4249 B.
635 4196 671 4249 A.
690 4199 841 4248 -tertiae
861 4197 896 4250 V.
917 4199 947 4250 Ρ.
976 4199 1015 4268 ⁸⁸)
1040 4215 1091 4269 per
1110 4199 1146 4250 V.
1166 4221 1202 4248 =
1220 4201 1252 4252 B.
1271 4199 1308 4254 A.
1335 4199 1371 4266 ⁵⁴)
1398 4212 1465 4268 quas
1485 4203 1582 4266 regunt
1606 4195 1715 4265 speeies
1735 4193 1876 4262 perlectae

404 4349 408 4356 ,
505 4285 538 4338 Β.
559 4284 594 4337 V.
613 4284 645 4336 Ρ.
666 4311 698 4326 -
719 4300 787 4353 quse
806 4292 904 4352 regant
922 4284 1031 4354 species
1051 4285 1185 4355 periacus
1204 4286 1241 4338 A.
1262 4287 1297 4355 ⁵⁵)
1317 4283 1483 4336 deliniantur
1499 4285 1533 4337 B.
1554 4285 1583 4336 Ρ.
1602 4313 1636 4324 -
1649 4279 1818 4332 definiuntur
1836 4279 1875 4331 V.

506 4372 542 4425 A.
562 4372 598 4441 ⁸⁶)
618 4379 649 4422 ut
666 4372 697 4426 Β.
720 4371 756 4424 V·
774 4370 810 4422 A.
829 4391 866 4420 =
885 4373 914 4423 Ρ.
936 4374 972 4442 77)
992 4371 1103 4423 eaedem
1123 4374 1159 4426 V.
1178 4405 1215 4416 -
1234 4391 1282 4425 sae
1301 4373 1332 4426 P.
1353 4403 1387 4414 -
1406 4369 1503 4424 eadem
1519 4371 1553 4422 B.
1573 4371 1611 4422 A.
1638 4369 1674 4442 ὓ”)
1694 4383 1763 4438 quse
1782 4367 1815 4420 B.
1836 4367 1869 4418 V
1864 4401 1876 4420 .

509 4463 537 4512 Ρ.
556 4479 593 4508 =-··
609 4458 646 4511 A.
672 4459 709 4528 Ι9)
728 4455 879 4508 subicimus
898 4460 928 4510 Β.
950 4460 986 4512 V.
1007 4461 1036 4512 P.
1056 4489 1090 4502 -
1108 4459 1287 4513 subridemus
1306 4461 1342 4514 A.
1364 4461 1400 4526 ⁶⁶)
1414 4453 1448 4510 'et
1467 4461 1499 4512 Β.
1520 4459 1557 4512 V.
1577 4458 1607 4510 P.
1626 4477 1663 4506 =
1680 4454 1715 4508 A.
1743 4456 1782 4524 ⁸¹)
1801 4454 1878 4506 tuta-

507 4565 565 4598 ruut
584 4545 621 4598 A.
641 4575 677 4586 -
694 4545 803 4598 futurus
822 4545 854 4596 Β.
875 4547 910 4598 V.
930 4548 961 4597 P.
981 4549 1018 4617 ο“)
1038 4555 1067 4599 et
1084 4545 1184 4600 modus
1203 4588 1210 4602 .
1230 4585 1238 4601 .
1258 4587 1264 4600 .
1285 4585 1292 4600 .
1314 4547 1446 4618 temporis
1466 4556 1494 4598 et
1512 4547 1543 4598 Β.
1554 4546 1589 4599 V.
1599 4545 1678 4596 P.=
1695 4544 1733 4595 A.
1753 4541 1792 4610 ω)
1805 4549 1878 4592 ten·

506 4633 583 4707 poris
602 4634 633 4687 B.
655 4633 690 4686 V.
709 4655 746 4682 =
765 4633 799 4684 A.
827 4633 862 4700 ⁸⁴)
883 4635 939 4684 sire
958 4634 990 4684 B.
1010 4635 1046 4686 A.
1066 4664 1101 4679 -
1118 4635 1163 4689 vel
1182 4637 1218 4691 V.
1237 4637 1268 4688 P.
1296 4638 1334 4706 ⁶⁵)
1355 4644 1383 4688 et
1401 4631 1501 4687 modus
1520 4671 1527 4684 .
1548 4669 1555 4683 .
1576 4669 1583 4684 .
1604 4667 1612 4684 .
1632 4627 1763 4701 temporis
1783 4628 1815 4680 Β.
1836 4627 1876 4680 V.

507 4725 540 4776 Ρ.
557 4743 594 4772 =
613 4719 649 4772 A.
677 4721 713 4788 ω)
733 4719 791 4770 sive
810 4719 938 4772 instantis
958 4720 995 4776 V.
1015 4723 1050 4775 A.
1069 4745 1106 4771 =
1124 4725 1157 4777 Β.
1183 4726 1221 4795 77)
1241 4721 1340 4776 modus
1361 4723 1552 4776 coniunctium
1571 4720 1602 4772 B.
1622 4719 1659 4773 V.
1679 4719 1710 4770 Ρ.
1728 4745 1762 4758 -
1781 4709 1878 4766 modis

498 4804 694 4862 coniunctibus
713 4807 750 4861 A.
770 4808 806 4876 ι7)
824 4808 965 4860 hneivan
983 4811 1016 4862 Β.
1037 4810 1073 4863 V.
1094 4810 1124 4863 Ρ.
1142 4838 1177 4851 -
1195 4809 1337 4864 tuaedboa
1356 4812 1393 4865 A.
1422 4813 1457 4879 ⁸⁹)
1481 4807 1652 4878 inperfeciae
1670 4805 1702 4858 Β.
1723 4801 1759 4858 V·
1779 4802 1815 4855 A.
1835 4831 1874 4842 -—·

505 4897 658 4968 inperfecta
675 4896 706 4949 Ρ.
735 4896 772 4966 ⁷⁰)
791 4896 930 4966 perfectae
947 4897 980 4948 Β.
1000 4897 1037 4952 V.
1056 4896 1093 4950 A.
1112 4929 1147 4940 -
1165 4897 1288 4969 perlecta
1306 4899 1337 4951 Ρ.
1366 4905 1402 4968 77)
1423 4895 1594 4950 inchoativae
1613 4894 1646 4946 Β.
1667 4893 1703 4946 V.
1722 4891 1759 4944 A.
1779 4889 1877 4940 -iu-

506 4981 630 5035 cboativa
648 4983 679 5035 Ρ.
698 4985 734 5051 7·)
754 4980 878 5052 qualibet
895 4985 927 5037 Β.
948 4984 983 5039 V.
1003 4986 1035 5037 Ρ.
1053 5007 1090 5034 .-.
1108 4987 1145 5040 A.
1165 4990 1201 5054 ⁷⁸)
1219 4985 1390 5056 inperfectae
1408 4987 1441 5039 B.
1460 5016 1497 5026 -
1514 4981 1653 5055 pertense
1673 4976 1755 5032 m.
1776 4973 1879 5045 ”lmi‘

506 5087 559 5123 nus
577 5071 609 5123 Β.
635 5097 672 5112 -
690 5066 753 5140 plus
773 5071 808 5124 V.
828 5071 864 5124 A.
890 5074 926 5142 ⁷⁸)
952 5069 1030 5126 modi
1051 5071 1152 5126 inflatu
1171 5074 1208 5129 V.
1229 5075 1266 5127 A.
1284 5103 1320 5118 -
1337 5071 1506 5126 modiussniti
1525 5071 1549 5124 Β
1584 5072 1620 5137 ⁷⁸)
1640 5065 1768 5140 quonism
1787 5063 1819 5116 Β·
1838 5091 1879 5102 ·-

507 5157 572 5226 quis
590 5155 627 5210 V.
646 5156 682 5208 A.
702 5157 741 5225 77)
762 5156 874 5208 sormam
893 5155 980 5229 redigi
1001 5161 1037 5218 V.
1051 5161 1228 5214 Aminnias
1247 5160 1342 5230 redegi
1359 5164 1393 5214 Β.
1414 5163 1450 5230 77)
1470 5175 1543 5211 nuuc
1563 5157 1592 5212 B.
1615 5157 1650 5214 V·
1669 5175 1706 5203 =
1724 5151 1761 5205 A·
1781 5154 1818 5218 ”l
1832 5167 1876 5198 '⁸'

505 5243 613 5294 aionem
632 5242 667 5298 V.
687 5245 769 5298 1.-
786 5244 893 5298 ratione
910 5247 944 5300 B.
965 5247 1000 5315 ¹⁰>
1019 5245 1133 5302 verbum
1154 5250 1188 5304 V.
1208 5251 1243 5302 A.
1264 5279 1299 5290 —
1319 5245 1401 5303 verbo
1421 5250 1453 5301 Il.
