<?xml version="1.0" encoding="UTF-8"?>
<!DOCTYPE html PUBLIC "-//W3C//DTD XHTML 1.0 Transitional//EN"
    "http://www.w3.org/TR/xhtml1/DTD/xhtml1-transitional.dtd">
<html xmlns="http://www.w3.org/1999/xhtml" xml:lang="en" lang="en">
 <head>
  <title>
</title>
<meta http-equiv="Content-Type" content="text/html;charset=utf-8" />
  <meta name='ocr-system' content='tesseract 3.04.00' />
  <meta name='ocr-capabilities' content='ocr_page ocr_carea ocr_par ocr_line ocrx_word'/>
</head>
<body>
  <div class='ocr_page' id='page_1' title='image "./analectagrammat00eichgoog_0014.png"; bbox 0 0 4020 6068; ppageno 0'>
   <div class='ocr_carea' id='block_1_1' title="bbox 131 577 1599 2270">
    <p class='ocr_par' dir='ltr' id='par_1_1' title="bbox 132 577 1593 902">
     <span class='ocr_line' id='line_1_1' title="bbox 580 577 1593 638; baseline 0.008 -8"><span class='ocrx_word' id='word_1_1' title='bbox 580 579 602 630; x_wconf 84' lang='lat' dir='ltr'><strong>r</strong></span> <span class='ocrx_word' id='word_1_2' title='bbox 644 579 667 632; x_wconf 87' lang='lat' dir='ltr'><strong>u</strong></span> <span class='ocrx_word' id='word_1_3' title='bbox 708 580 732 630; x_wconf 77' lang='lat' dir='ltr'><strong>s</strong></span> <span class='ocrx_word' id='word_1_4' title='bbox 773 580 796 630; x_wconf 84' lang='lat' dir='ltr'><strong>r.</strong></span> <span class='ocrx_word' id='word_1_5' title='bbox 839 580 861 628; x_wconf 85' lang='lat' dir='ltr'><strong>r</strong></span> <span class='ocrx_word' id='word_1_6' title='bbox 903 577 925 630; x_wconf 75' lang='grc' dir='ltr'><strong>Α</strong></span> <span class='ocrx_word' id='word_1_7' title='bbox 966 579 990 632; x_wconf 81' lang='lat' dir='ltr'><strong>a</strong></span> <span class='ocrx_word' id='word_1_8' title='bbox 1031 579 1045 630; x_wconf 86' lang='lat' dir='ltr'><strong>r</strong></span> <span class='ocrx_word' id='word_1_9' title='bbox 1088 581 1130 634; x_wconf 86' lang='lat' dir='ltr'><strong>o.</strong></span> <span class='ocrx_word' id='word_1_10' title='bbox 1568 583 1593 638; x_wconf 81' lang='lat' dir='ltr'>v</span> 
     </span>
     <span class='ocr_line' id='line_1_2' title="bbox 132 682 1593 804; baseline 0.005 -40"><span class='ocrx_word' id='word_1_11' title='bbox 132 703 313 766; x_wconf 90' lang='lat' dir='ltr'><strong>nostrum</strong></span> <span class='ocrx_word' id='word_1_12' title='bbox 334 682 499 790; x_wconf 71' lang='lat' dir='ltr'><strong>innuat,</strong></span> <span class='ocrx_word' id='word_1_13' title='bbox 522 713 571 772; x_wconf 83' lang='lat' dir='ltr'><strong>ex</strong></span> <span class='ocrx_word' id='word_1_14' title='bbox 591 715 678 800; x_wconf 83' lang='lat' dir='ltr'><strong>quo</strong></span> <span class='ocrx_word' id='word_1_15' title='bbox 693 709 804 770; x_wconf 87' lang='lat' dir='ltr'><strong>aetas</strong></span> <span class='ocrx_word' id='word_1_16' title='bbox 824 685 1003 771; x_wconf 89' lang='lat' dir='ltr'><strong>auctoris</strong></span> <span class='ocrx_word' id='word_1_17' title='bbox 1022 687 1152 772; x_wconf 80' lang='lat' dir='ltr'>nostri</span> <span class='ocrx_word' id='word_1_18' title='bbox 1166 685 1311 772; x_wconf 85' lang='lat' dir='ltr'><strong>saltem</strong></span> <span class='ocrx_word' id='word_1_19' title='bbox 1330 686 1593 804; x_wconf 83' lang='lat' dir='ltr'><strong>aliquatenus</strong></span> 
     </span>
     <span class='ocr_line' id='line_1_3' title="bbox 132 838 400 902; baseline 0 -2"><span class='ocrx_word' id='word_1_20' title='bbox 132 838 400 902; x_wconf 76' lang='lat' dir='ltr'><strong>constituitur.</strong></span> 
     </span>
    </p>

    <p class='ocr_par' dir='ltr' id='par_1_2' title="bbox 131 947 1599 2270">
     <span class='ocr_line' id='line_1_4' title="bbox 240 947 1593 1038; baseline 0.004 -5"><span class='ocrx_word' id='word_1_21' title='bbox 240 950 411 1036; x_wconf 82' lang='lat' dir='ltr'>Praeter</span> <span class='ocrx_word' id='word_1_22' title='bbox 434 947 813 1038; x_wconf 91' lang='lat' dir='ltr'><strong>Cassiodorum</strong></span> <span class='ocrx_word' id='word_1_23' title='bbox 843 951 1103 1038; x_wconf 83' lang='lat' dir='ltr'><strong>mentionem</strong></span> <span class='ocrx_word' id='word_1_24' title='bbox 1127 953 1221 1037; x_wconf 86' lang='lat' dir='ltr'><strong>lacit</strong></span> <span class='ocrx_word' id='word_1_25' title='bbox 1242 953 1366 1038; x_wconf 87' lang='lat' dir='ltr'><strong>etiam</strong></span> <span class='ocrx_word' id='word_1_26' title='bbox 1392 951 1593 1038; x_wconf 85' lang='lat' dir='ltr'><strong>Sacerdo-</strong></span> 
     </span>
     <span class='ocr_line' id='line_1_5' title="bbox 132 1081 1594 1206; baseline 0.003 -39"><span class='ocrx_word' id='word_1_27' title='bbox 132 1084 176 1169; x_wconf 92' lang='lat' dir='ltr'><strong>tis</strong></span> <span class='ocrx_word' id='word_1_28' title='bbox 191 1081 410 1168; x_wconf 88' lang='lat' dir='ltr'><strong>cuiusdam</strong></span> <span class='ocrx_word' id='word_1_29' title='bbox 429 1084 696 1201; x_wconf 88' lang='lat' dir='ltr'><strong>Pompeius</strong></span> <span class='ocrx_word' id='word_1_30' title='bbox 721 1082 793 1206; x_wconf 87' lang='lat' dir='ltr'><strong>(de</strong></span> <span class='ocrx_word' id='word_1_31' title='bbox 817 1085 934 1170; x_wconf 91' lang='lat' dir='ltr'><strong>cuius</strong></span> <span class='ocrx_word' id='word_1_32' title='bbox 949 1115 1048 1171; x_wconf 86' lang='lat' dir='ltr'><strong>vero</strong></span> <span class='ocrx_word' id='word_1_33' title='bbox 1059 1085 1188 1200; x_wconf 90' lang='lat' dir='ltr'><strong>ipsius</strong></span> <span class='ocrx_word' id='word_1_34' title='bbox 1208 1111 1343 1171; x_wconf 84' lang='lat' dir='ltr'><strong>aetate</strong></span> <span class='ocrx_word' id='word_1_35' title='bbox 1359 1087 1461 1172; x_wconf 92' lang='lat' dir='ltr'><strong>nihil</strong></span> <span class='ocrx_word' id='word_1_36' title='bbox 1476 1119 1594 1202; x_wconf 89' lang='lat' dir='ltr'><strong>prae·</strong></span> 
     </span>
     <span class='ocr_line' id='line_1_6' title="bbox 132 1217 1593 1338; baseline 0.001 -37"><span class='ocrx_word' id='word_1_37' title='bbox 132 1241 191 1302; x_wconf 88' lang='lat' dir='ltr'><strong>ter</strong></span> <span class='ocrx_word' id='word_1_38' title='bbox 212 1249 337 1333; x_wconf 90' lang='lat' dir='ltr'><strong>qnam</strong></span> <span class='ocrx_word' id='word_1_39' title='bbox 353 1217 472 1335; x_wconf 90' lang='lat' dir='ltr'><strong>quod</strong></span> <span class='ocrx_word' id='word_1_40' title='bbox 484 1243 581 1335; x_wconf 92' lang='lat' dir='ltr'><strong>post</strong></span> <span class='ocrx_word' id='word_1_41' title='bbox 600 1221 855 1305; x_wconf 89' lang='lat' dir='ltr'><strong>Donatum</strong></span> <span class='ocrx_word' id='word_1_42' title='bbox 875 1219 1033 1323; x_wconf 79' lang='lat' dir='ltr'><strong>vixerit,</strong></span> <span class='ocrx_word' id='word_1_43' title='bbox 1047 1219 1223 1338; x_wconf 88' lang='lat' dir='ltr'><strong>constat)</strong></span> <span class='ocrx_word' id='word_1_44' title='bbox 1237 1259 1278 1330; x_wconf 84' lang='lat' dir='ltr'><strong>p.</strong></span> <span class='ocrx_word' id='word_1_45' title='bbox 1298 1227 1379 1310; x_wconf 76' lang='lat'><strong>215</strong></span> <span class='ocrx_word' id='word_1_46' title='bbox 1396 1231 1593 1306; x_wconf 61' lang='lat' dir='ltr'><strong>Ludens:</strong></span> 
     </span>
     <span class='ocr_line' id='line_1_7' title="bbox 131 1349 1596 1471; baseline 0.005 -38"><span class='ocrx_word' id='word_1_47' title='bbox 131 1349 273 1454; x_wconf 90' lang='lat' dir='ltr'><strong>„Noli</strong></span> <span class='ocrx_word' id='word_1_48' title='bbox 294 1355 438 1470; x_wconf 89' lang='lat' dir='ltr'><strong>sequi</strong></span> <span class='ocrx_word' id='word_1_49' title='bbox 460 1350 588 1436; x_wconf 91' lang='lat' dir='ltr'><strong>illud</strong></span> <span class='ocrx_word' id='word_1_50' title='bbox 608 1349 743 1470; x_wconf 91' lang='lat' dir='ltr'><strong>quod</strong></span> <span class='ocrx_word' id='word_1_51' title='bbox 770 1349 902 1436; x_wconf 84' lang='lat' dir='ltr'><strong>dixit</strong></span> <span class='ocrx_word' id='word_1_52' title='bbox 924 1351 1190 1440; x_wconf 87' lang='lat' dir='ltr'><strong>Sacerdos.</strong></span> <span class='ocrx_word' id='word_1_53' title='bbox 1221 1355 1362 1440; x_wconf 85' lang='lat' dir='ltr'>Dicit</span> <span class='ocrx_word' id='word_1_54' title='bbox 1384 1355 1596 1471; x_wconf 91' lang='lat' dir='ltr'><strong>plerum·</strong></span> 
     </span>
     <span class='ocr_line' id='line_1_8' title="bbox 131 1485 1595 1604; baseline 0.003 -36"><span class='ocrx_word' id='word_1_55' title='bbox 131 1515 221 1600; x_wconf 90' lang='lat' dir='ltr'><strong>que</strong></span> <span class='ocrx_word' id='word_1_56' title='bbox 253 1487 538 1597; x_wconf 82' lang='lat' dir='ltr'>genetivum</span> <span class='ocrx_word' id='word_1_57' title='bbox 569 1485 824 1602; x_wconf 84' lang='lat' dir='ltr'><strong>pluralem</strong></span> <span class='ocrx_word' id='word_1_58' title='bbox 854 1485 1036 1593; x_wconf 86' lang='lat' dir='ltr'><strong>·RUM·,</strong></span> <span class='ocrx_word' id='word_1_59' title='bbox 1067 1519 1212 1604; x_wconf 85' lang='lat' dir='ltr'><strong>quam</strong></span> <span class='ocrx_word' id='word_1_60' title='bbox 1232 1489 1283 1574; x_wconf 91' lang='lat' dir='ltr'><strong>in</strong></span> <span class='ocrx_word' id='word_1_61' title='bbox 1308 1489 1457 1577; x_wconf 90' lang='lat' dir='ltr'><strong>·IUM·</strong></span> <span class='ocrx_word' id='word_1_62' title='bbox 1486 1489 1595 1573; x_wconf 93' lang='lat' dir='ltr'><strong>mit-</strong></span> 
     </span>
     <span class='ocr_line' id='line_1_9' title="bbox 131 1616 1596 1734; baseline 0.004 -32"><span class='ocrx_word' id='word_1_63' title='bbox 131 1643 250 1724; x_wconf 85' lang='lat' dir='ltr'><strong>tere,</strong></span> <span class='ocrx_word' id='word_1_64' title='bbox 279 1644 401 1734; x_wconf 88' lang='lat' dir='ltr'><strong>puta</strong></span> <span class='ocrx_word' id='word_1_65' title='bbox 430 1616 629 1704; x_wconf 91' lang='lat' dir='ltr'><strong>dierum</strong></span> <span class='ocrx_word' id='word_1_66' title='bbox 652 1644 694 1706; x_wconf 91' lang='lat' dir='ltr'><strong>et</strong></span> <span class='ocrx_word' id='word_1_67' title='bbox 722 1619 958 1724; x_wconf 90' lang='lat' dir='ltr'><strong>diebus,“</strong></span> <span class='ocrx_word' id='word_1_68' title='bbox 978 1622 1055 1708; x_wconf 88' lang='lat' dir='ltr'><strong>ubi</strong></span> <span class='ocrx_word' id='word_1_69' title='bbox 1077 1653 1176 1707; x_wconf 84' lang='lat' dir='ltr'><strong>vero</strong></span> <span class='ocrx_word' id='word_1_70' title='bbox 1199 1621 1596 1708; x_wconf 87' lang='lat' dir='ltr'><strong>Lindemannus</strong></span> 
     </span>
     <span class='ocr_line' id='line_1_10' title="bbox 132 1753 1596 1874; baseline 0.003 -38"><span class='ocrx_word' id='word_1_71' title='bbox 132 1785 212 1868; x_wconf 93' lang='lat' dir='ltr'><strong>pro</strong></span> <span class='ocrx_word' id='word_1_72' title='bbox 232 1753 387 1841; x_wconf 85' lang='lat' dir='ltr'><strong>·RUM·</strong></span> <span class='ocrx_word' id='word_1_73' title='bbox 410 1777 452 1838; x_wconf 91' lang='lat' dir='ltr'><strong>et</strong></span> <span class='ocrx_word' id='word_1_74' title='bbox 463 1753 600 1840; x_wconf 88' lang='lat' dir='ltr'><strong>·IUM·</strong></span> <span class='ocrx_word' id='word_1_75' title='bbox 620 1755 701 1867; x_wconf 89' lang='lat' dir='ltr'><strong>legi</strong></span> <span class='ocrx_word' id='word_1_76' title='bbox 719 1755 837 1842; x_wconf 91' lang='lat' dir='ltr'><strong>iubet</strong></span> <span class='ocrx_word' id='word_1_77' title='bbox 858 1755 1016 1842; x_wconf 77' lang='lat' dir='ltr'><strong>·RUM·</strong></span> <span class='ocrx_word' id='word_1_78' title='bbox 1039 1780 1080 1842; x_wconf 92' lang='lat' dir='ltr'><strong>et</strong></span> <span class='ocrx_word' id='word_1_79' title='bbox 1102 1755 1269 1860; x_wconf 89' lang='lat' dir='ltr'><strong>·RUM·,</strong></span> <span class='ocrx_word' id='word_1_80' title='bbox 1299 1789 1377 1874; x_wconf 89' lang='lat' dir='ltr'><strong>pro</strong></span> <span class='ocrx_word' id='word_1_81' title='bbox 1401 1753 1596 1841; x_wconf 88' lang='lat' dir='ltr'><strong>dierum</strong></span> 
     </span>
     <span class='ocr_line' id='line_1_11' title="bbox 133 1883 1597 2004; baseline 0.003 -33"><span class='ocrx_word' id='word_1_82' title='bbox 133 1911 263 1971; x_wconf 88' lang='lat' dir='ltr'><strong>antem</strong></span> <span class='ocrx_word' id='word_1_83' title='bbox 292 1885 479 1972; x_wconf 87' lang='lat' dir='ltr'><strong>dietrm.</strong></span> <span class='ocrx_word' id='word_1_84' title='bbox 511 1888 653 1997; x_wconf 90' lang='lat' dir='ltr'><strong>Quem</strong></span> <span class='ocrx_word' id='word_1_85' title='bbox 677 1887 831 1994; x_wconf 90' lang='lat' dir='ltr'><strong>locum,</strong></span> <span class='ocrx_word' id='word_1_86' title='bbox 860 1890 895 1974; x_wconf 94' lang='lat' dir='ltr'><strong>si</strong></span> <span class='ocrx_word' id='word_1_87' title='bbox 921 1888 1221 1977; x_wconf 80' lang='lat' dir='ltr'>Sacerdotis</span> <span class='ocrx_word' id='word_1_88' title='bbox 1246 1883 1313 1978; x_wconf 59' lang='lat' dir='ltr'><strong>est&#39;</strong></span> <span class='ocrx_word' id='word_1_89' title='bbox 1337 1891 1489 1995; x_wconf 83' lang='lat' dir='ltr'>nostri,</span> <span class='ocrx_word' id='word_1_90' title='bbox 1519 1921 1597 2004; x_wconf 88' lang='lat' dir='ltr'><strong>pro</strong></span> 
     </span>
     <span class='ocr_line' id='line_1_12' title="bbox 133 2021 1595 2137; baseline 0.001 -33"><span class='ocrx_word' id='word_1_91' title='bbox 133 2021 260 2108; x_wconf 78' lang='lat' dir='ltr'><strong>verbis</strong></span> <span class='ocrx_word' id='word_1_92' title='bbox 286 2033 325 2125; x_wconf 86' lang='lat'><strong>§.</strong></span> <span class='ocrx_word' id='word_1_93' title='bbox 357 2051 379 2108; x_wconf 78' lang='lat' dir='ltr'><strong>n</strong></span> <span class='ocrx_word' id='word_1_94' title='bbox 406 2031 471 2107; x_wconf 83' lang='lat' dir='ltr'><strong>ttb.</strong></span> <span class='ocrx_word' id='word_1_95' title='bbox 497 2033 530 2104; x_wconf 91' lang='lat' dir='ltr'><strong>I.</strong></span> <span class='ocrx_word' id='word_1_96' title='bbox 561 2055 583 2106; x_wconf 88' lang='lat' dir='ltr'><strong>e</strong></span> <span class='ocrx_word' id='word_1_97' title='bbox 613 2025 818 2109; x_wconf 87' lang='lat' dir='ltr'><strong>memoria</strong></span> <span class='ocrx_word' id='word_1_98' title='bbox 851 2024 982 2108; x_wconf 89' lang='lat' dir='ltr'><strong>citatis</strong></span> <span class='ocrx_word' id='word_1_99' title='bbox 1012 2025 1284 2128; x_wconf 85' lang='lat' dir='ltr'><strong>habebimus,</strong></span> <span class='ocrx_word' id='word_1_100' title='bbox 1322 2024 1397 2110; x_wconf 91' lang='lat' dir='ltr'><strong>ubi</strong></span> <span class='ocrx_word' id='word_1_101' title='bbox 1421 2024 1595 2137; x_wconf 89' lang='lat' dir='ltr'><strong>legitur:</strong></span> 
     </span>
     <span class='ocr_line' id='line_1_13' title="bbox 132 2151 1599 2270; baseline 0.002 -33"><span class='ocrx_word' id='word_1_102' title='bbox 132 2154 292 2262; x_wconf 86' lang='lat' dir='ltr'>„Quae</span> <span class='ocrx_word' id='word_1_103' title='bbox 321 2151 696 2270; x_wconf 88' lang='lat' dir='ltr'><strong>producuntur,</strong></span> <span class='ocrx_word' id='word_1_104' title='bbox 735 2189 789 2242; x_wconf 90' lang='lat' dir='ltr'><strong>ea</strong></span> <span class='ocrx_word' id='word_1_105' title='bbox 817 2159 867 2240; x_wconf 93' lang='lat' dir='ltr'><strong>in</strong></span> <span class='ocrx_word' id='word_1_106' title='bbox 900 2158 1196 2244; x_wconf 90' lang='lat' dir='ltr'><strong>nominibus</strong></span> <span class='ocrx_word' id='word_1_107' title='bbox 1231 2154 1599 2242; x_wconf 81' lang='lat' dir='ltr'><strong>indill&#39;erentet·</strong></span> 
     </span>
    </p>
   </div>
   <div class='ocr_carea' id='block_1_2' title="bbox 11 2289 1704 2406">
    <p class='ocr_par' dir='ltr' id='par_1_3' title="bbox 11 2289 1704 2406">
     <span class='ocr_line' id='line_1_14' title="bbox 11 2289 1704 2406; baseline -0.025 -27"><span class='ocrx_word' id='word_1_108' title='bbox 11 2311 12 2320; x_wconf 70' lang='lat'><em>&#39;</em></span> <span class='ocrx_word' id='word_1_109' title='bbox 132 2291 358 2402; x_wconf 86' lang='lat' dir='ltr'><strong>genetivo</strong></span> <span class='ocrx_word' id='word_1_110' title='bbox 382 2291 597 2405; x_wconf 91' lang='lat' dir='ltr'><strong>pluralis</strong></span> <span class='ocrx_word' id='word_1_111' title='bbox 628 2289 869 2378; x_wconf 89' lang='lat' dir='ltr'><strong>·RUM·vel</strong></span> <span class='ocrx_word' id='word_1_112' title='bbox 900 2289 1019 2377; x_wconf 86' lang='lat' dir='ltr'><strong>·UM·</strong></span> <span class='ocrx_word' id='word_1_113' title='bbox 1051 2293 1412 2406; x_wconf 90' lang='lat' dir='ltr'><strong>accipiunt</strong></span> <span class='ocrx_word' id='word_1_114' title='bbox 1445 2315 1497 2377; x_wconf 91' lang='lat' dir='ltr'><strong>ut</strong></span> <span class='ocrx_word' id='word_1_115' title='bbox 1524 2291 1597 2374; x_wconf 88' lang='lat' dir='ltr'><strong>ha·</strong></span> <span class='ocrx_word' id='word_1_116' title='bbox 1701 2329 1704 2336; x_wconf 79' lang='grc'>,</span> 
     </span>
    </p>
   </div>
   <div class='ocr_carea' id='block_1_3' title="bbox 134 2423 1595 2670">
    <p class='ocr_par' dir='ltr' id='par_1_4' title="bbox 134 2423 1595 2670">
     <span class='ocr_line' id='line_1_15' title="bbox 134 2423 1013 2540; baseline 0.006 -36"><span class='ocrx_word' id='word_1_117' title='bbox 134 2453 212 2505; x_wconf 92' lang='lat' dir='ltr'><strong>rum</strong></span> <span class='ocrx_word' id='word_1_118' title='bbox 245 2425 527 2538; x_wconf 81' lang='lat' dir='ltr'><strong>specierum</strong></span> <span class='ocrx_word' id='word_1_119' title='bbox 558 2423 626 2508; x_wconf 89' lang='lat' dir='ltr'><strong>vel</strong></span> <span class='ocrx_word' id='word_1_120' title='bbox 655 2426 928 2540; x_wconf 86' lang='lat' dir='ltr'><strong>specieum.</strong></span> <span class='ocrx_word' id='word_1_121' title='bbox 1010 2472 1013 2478; x_wconf 96' lang='lat'>·</span> 
     </span>
     <span class='ocr_line' id='line_1_16' title="bbox 240 2556 1595 2670; baseline -0.001 -30"><span class='ocrx_word' id='word_1_122' title='bbox 240 2557 523 2642; x_wconf 87' lang='lat' dir='ltr'><strong>Christianum</strong></span> <span class='ocrx_word' id='word_1_123' title='bbox 546 2559 668 2643; x_wconf 86' lang='lat' dir='ltr'><strong>luisse</strong></span> <span class='ocrx_word' id='word_1_124' title='bbox 699 2556 1030 2644; x_wconf 84' lang='lat' dir='ltr'><strong>Sacerdotem</strong></span> <span class='ocrx_word' id='word_1_125' title='bbox 1055 2557 1248 2670; x_wconf 85' lang='lat' dir='ltr'><strong>colligere</strong></span> <span class='ocrx_word' id='word_1_126' title='bbox 1271 2581 1333 2643; x_wconf 92' lang='lat' dir='ltr'><strong>est</strong></span> <span class='ocrx_word' id='word_1_127' title='bbox 1355 2589 1377 2642; x_wconf 92' lang='lat' dir='ltr'><strong>e</strong></span> <span class='ocrx_word' id='word_1_128' title='bbox 1397 2569 1435 2660; x_wconf 86' lang='lat'><strong>§.</strong></span> <span class='ocrx_word' id='word_1_129' title='bbox 1461 2589 1487 2670; x_wconf 84' lang='lat'>9</span> <span class='ocrx_word' id='word_1_130' title='bbox 1511 2565 1595 2640; x_wconf 83' lang='lat' dir='ltr'><strong>Lib.</strong></span> 
     </span>
    </p>
   </div>
   <div class='ocr_carea' id='block_1_4' title="bbox 11 2688 1596 2798">
    <p class='ocr_par' dir='ltr' id='par_1_5' title="bbox 11 2688 1596 2798">
     <span class='ocr_line' id='line_1_17' title="bbox 11 2688 1596 2798; baseline 0.003 -28"><span class='ocrx_word' id='word_1_131' title='bbox 11 2719 12 2798; x_wconf 65' lang='lat' dir='ltr'><strong>J</strong></span> <span class='ocrx_word' id='word_1_132' title='bbox 134 2701 184 2785; x_wconf 86' lang='lat' dir='ltr'><strong>ll,</strong></span> <span class='ocrx_word' id='word_1_133' title='bbox 202 2689 280 2774; x_wconf 92' lang='lat' dir='ltr'><strong>ubi</strong></span> <span class='ocrx_word' id='word_1_134' title='bbox 298 2692 533 2776; x_wconf 86' lang='lat' dir='ltr'><strong>invenimus</strong></span> <span class='ocrx_word' id='word_1_135' title='bbox 549 2693 739 2778; x_wconf 86' lang='lat' dir='ltr'><strong>nomina:</strong></span> <span class='ocrx_word' id='word_1_136' title='bbox 764 2692 988 2795; x_wconf 87' lang='lat' dir='ltr'><strong>Samuel,</strong></span> <span class='ocrx_word' id='word_1_137' title='bbox 1011 2691 1218 2788; x_wconf 83' lang='lat' dir='ltr'><strong>Daniel,</strong></span> <span class='ocrx_word' id='word_1_138' title='bbox 1242 2688 1494 2795; x_wconf 83' lang='lat' dir='ltr'><strong>Isdrahel,</strong></span> <span class='ocrx_word' id='word_1_139' title='bbox 1518 2689 1596 2775; x_wconf 89' lang='lat' dir='ltr'><strong>nisi</strong></span> 
     </span>
    </p>
   </div>
   <div class='ocr_carea' id='block_1_5' title="bbox 11 2822 1606 3210">
    <p class='ocr_par' dir='ltr' id='par_1_6' title="bbox 11 2822 1606 3210">
     <span class='ocr_line' id='line_1_18' title="bbox 11 2822 1055 2937; baseline 0.002 -30"><span class='ocrx_word' id='word_1_140' title='bbox 11 2845 13 2926; x_wconf 60' lang='grc' dir='ltr'>ξ</span> <span class='ocrx_word' id='word_1_141' title='bbox 134 2822 236 2910; x_wconf 87' lang='lat' dir='ltr'><strong>dicas</strong></span> <span class='ocrx_word' id='word_1_142' title='bbox 256 2826 396 2910; x_wconf 89' lang='lat' dir='ltr'><strong>locum</strong></span> <span class='ocrx_word' id='word_1_143' title='bbox 418 2828 529 2910; x_wconf 91' lang='lat' dir='ltr'><strong>hunc</strong></span> <span class='ocrx_word' id='word_1_144' title='bbox 549 2826 755 2937; x_wconf 87' lang='lat' dir='ltr'><strong>glossema</strong></span> <span class='ocrx_word' id='word_1_145' title='bbox 776 2857 866 2912; x_wconf 88' lang='lat' dir='ltr'><strong>esse</strong></span> <span class='ocrx_word' id='word_1_146' title='bbox 888 2825 1055 2910; x_wconf 84' lang='lat' dir='ltr'><strong>librarii.</strong></span> 
     </span>
     <span class='ocr_line' id='line_1_19' title="bbox 11 2937 1606 3074; baseline -0.003 -31"><span class='ocrx_word' id='word_1_147' title='bbox 11 2963 12 2970; x_wconf 62' lang='lat'><em>&#39;</em></span> <span class='ocrx_word' id='word_1_148' title='bbox 242 2972 326 3045; x_wconf 87' lang='lat' dir='ltr'><strong>Col.</strong></span> <span class='ocrx_word' id='word_1_149' title='bbox 349 2963 526 3048; x_wconf 70' lang='lat'><strong>262510.</strong></span> <span class='ocrx_word' id='word_1_150' title='bbox 549 2961 719 3073; x_wconf 89' lang='lat' dir='ltr'><strong>legitur:</strong></span> <span class='ocrx_word' id='word_1_151' title='bbox 745 2961 957 3064; x_wconf 85' lang='lat' dir='ltr'><strong>„Marius</strong></span> <span class='ocrx_word' id='word_1_152' title='bbox 978 2937 1174 3045; x_wconf 68' lang='lat' dir='ltr'><strong>Plotius</strong></span> <span class='ocrx_word' id='word_1_153' title='bbox 1197 2951 1447 3043; x_wconf 87' lang='lat' dir='ltr'><strong>Sacerdos</strong></span> <span class='ocrx_word' id='word_1_154' title='bbox 1469 2987 1606 3074; x_wconf 85' lang='lat' dir='ltr'><strong>com·¹</strong></span> 
     </span>
     <span class='ocr_line' id='line_1_20' title="bbox 12 3088 1594 3210; baseline -0.003 -33"><span class='ocrx_word' id='word_1_155' title='bbox 12 3187 14 3210; x_wconf 34' lang='lat'><strong>,</strong></span> <span class='ocrx_word' id='word_1_156' title='bbox 133 3095 271 3206; x_wconf 92' lang='lat' dir='ltr'><strong>posui</strong></span> <span class='ocrx_word' id='word_1_157' title='bbox 301 3093 489 3178; x_wconf 90' lang='lat' dir='ltr'><strong>Rornae</strong></span> <span class='ocrx_word' id='word_1_158' title='bbox 521 3091 713 3179; x_wconf 90' lang='lat' dir='ltr'><strong>docens</strong></span> <span class='ocrx_word' id='word_1_159' title='bbox 739 3093 799 3180; x_wconf 91' lang='lat' dir='ltr'><strong>de</strong></span> <span class='ocrx_word' id='word_1_160' title='bbox 832 3095 1020 3178; x_wconf 77' lang='lat' dir='ltr'><strong>metris·</strong></span> <span class='ocrx_word' id='word_1_161' title='bbox 1054 3092 1217 3201; x_wconf 87' lang='lat' dir='ltr'><strong>Quum</strong></span> <span class='ocrx_word' id='word_1_162' title='bbox 1245 3088 1308 3175; x_wconf 90' lang='lat' dir='ltr'><strong>de</strong></span> <span class='ocrx_word' id='word_1_163' title='bbox 1331 3090 1594 3174; x_wconf 91' lang='lat' dir='ltr'><strong>institutis</strong></span> 
     </span>
    </p>
   </div>
   <div class='ocr_carea' id='block_1_6' title="bbox 12 3225 1596 3343">
    <p class='ocr_par' dir='ltr' id='par_1_7' title="bbox 12 3225 1596 3343">
     <span class='ocr_line' id='line_1_21' title="bbox 12 3225 1596 3343; baseline -0.001 -35"><span class='ocrx_word' id='word_1_164' title='bbox 12 3259 13 3294; x_wconf 67' lang='lat' dir='ltr'><strong>r</strong></span> <span class='ocrx_word' id='word_1_165' title='bbox 135 3228 248 3312; x_wconf 91' lang='lat' dir='ltr'><strong>artis</strong></span> <span class='ocrx_word' id='word_1_166' title='bbox 278 3228 641 3340; x_wconf 86' lang='lat' dir='ltr'><strong>grammaticae</strong></span> <span class='ocrx_word' id='word_1_167' title='bbox 665 3231 836 3343; x_wconf 77' lang='lat' dir='ltr'><strong>primo.</strong></span> <span class='ocrx_word' id='word_1_168' title='bbox 859 3227 994 3312; x_wconf 92' lang='lat' dir='ltr'><strong>libro</strong></span> <span class='ocrx_word' id='word_1_169' title='bbox 1027 3257 1103 3310; x_wconf 92' lang='lat' dir='ltr'><strong>me</strong></span> <span class='ocrx_word' id='word_1_170' title='bbox 1136 3225 1432 3310; x_wconf 89' lang='lat' dir='ltr'><strong>tractavisse</strong></span> <span class='ocrx_word' id='word_1_171' title='bbox 1464 3253 1596 3307; x_wconf 88' lang='lat' dir='ltr'><strong>com-</strong></span> 
     </span>
    </p>
   </div>
   <div class='ocr_carea' id='block_1_7' title="bbox 14 3357 1656 5353">
    <p class='ocr_par' dir='ltr' id='par_1_8' title="bbox 14 3357 1656 5353">
     <span class='ocr_line' id='line_1_22' title="bbox 134 3357 1594 3473; baseline -0.003 -29"><span class='ocrx_word' id='word_1_172' title='bbox 134 3362 425 3473; x_wconf 86' lang='lat' dir='ltr'><strong>perissetvir</strong></span> <span class='ocrx_word' id='word_1_173' title='bbox 445 3361 760 3446; x_wconf 88' lang='lat' dir='ltr'><strong>clarissimus</strong></span> <span class='ocrx_word' id='word_1_174' title='bbox 783 3359 1355 3472; x_wconf 88' lang='lat' dir='ltr'><strong>Uranius....compulit</strong></span> <span class='ocrx_word' id='word_1_175' title='bbox 1373 3381 1426 3442; x_wconf 93' lang='lat' dir='ltr'><strong>ut</strong></span> <span class='ocrx_word' id='word_1_176' title='bbox 1444 3357 1594 3442; x_wconf 91' lang='lat' dir='ltr'><strong>etiam</strong></span> 
     </span>
     <span class='ocr_line' id='line_1_23' title="bbox 133 3488 1595 3608; baseline -0.001 -31"><span class='ocrx_word' id='word_1_177' title='bbox 133 3491 191 3578; x_wconf 91' lang='lat' dir='ltr'><strong>de</strong></span> <span class='ocrx_word' id='word_1_178' title='bbox 211 3498 471 3579; x_wconf 90' lang='lat' dir='ltr'><strong>nominum</strong></span> <span class='ocrx_word' id='word_1_179' title='bbox 496 3496 877 3608; x_wconf 87' lang='lat' dir='ltr'><strong>verborumque</strong></span> <span class='ocrx_word' id='word_1_180' title='bbox 897 3493 1120 3594; x_wconf 86' lang='lat' dir='ltr'><strong>ratione,</strong></span> <span class='ocrx_word' id='word_1_181' title='bbox 1142 3521 1236 3575; x_wconf 88' lang='lat' dir='ltr'><strong>nec</strong></span> <span class='ocrx_word' id='word_1_182' title='bbox 1258 3523 1358 3576; x_wconf 92' lang='lat' dir='ltr'><strong>non</strong></span> <span class='ocrx_word' id='word_1_183' title='bbox 1383 3488 1443 3576; x_wconf 93' lang='lat' dir='ltr'><strong>de</strong></span> <span class='ocrx_word' id='word_1_184' title='bbox 1467 3514 1595 3576; x_wconf 88' lang='lat' dir='ltr'><strong>stru·</strong></span> 
     </span>
     <span class='ocr_line' id='line_1_24' title="bbox 133 3621 1595 3744; baseline -0.003 -34"><span class='ocrx_word' id='word_1_185' title='bbox 133 3649 379 3713; x_wconf 87' lang='lat' dir='ltr'><strong>cturarum</strong></span> <span class='ocrx_word' id='word_1_186' title='bbox 429 3628 898 3744; x_wconf 88' lang='lat' dir='ltr'><strong>compositionibus</strong></span> <span class='ocrx_word' id='word_1_187' title='bbox 939 3621 1305 3740; x_wconf 86' lang='lat' dir='ltr'><strong>exprimendis</strong></span> <span class='ocrx_word' id='word_1_188' title='bbox 1354 3623 1595 3706; x_wconf 87' lang='lat' dir='ltr'><strong>breviter</strong></span> 
     </span>
     <span class='ocr_line' id='line_1_25' title="bbox 135 3755 1593 3878; baseline -0.003 -35"><span class='ocrx_word' id='word_1_189' title='bbox 135 3760 428 3848; x_wconf 87' lang='lat' dir='ltr'><strong>laborarem.</strong></span> <span class='ocrx_word' id='word_1_190' title='bbox 481 3763 639 3848; x_wconf 92' lang='lat' dir='ltr'><strong>Cuius</strong></span> <span class='ocrx_word' id='word_1_191' title='bbox 667 3758 1095 3878; x_wconf 89' lang='lat' dir='ltr'><strong>praestantissimi</strong></span> <span class='ocrx_word' id='word_1_192' title='bbox 1134 3758 1236 3842; x_wconf 89' lang='lat' dir='ltr'><strong>viri</strong></span> <span class='ocrx_word' id='word_1_193' title='bbox 1277 3755 1593 3841; x_wconf 91' lang='lat' dir='ltr'><strong>iussionibus</strong></span> 
     </span>
     <span class='ocr_line' id='line_1_26' title="bbox 135 3888 1615 4007; baseline -0.003 -31"><span class='ocrx_word' id='word_1_194' title='bbox 135 3888 1615 4007; x_wconf 45' lang='lat' dir='ltr'><strong>libensarbitror&#39;librosecundonosexplicabiliterobeg</strong></span> 
     </span>
     <span class='ocr_line' id='line_1_27' title="bbox 137 4019 1594 4135; baseline -0.005 -25"><span class='ocrx_word' id='word_1_195' title='bbox 137 4019 1594 4135; x_wconf 87' lang='lat' dir='ltr'><strong>disse,nunciuhocsivetertiosirenovissimoartiumli-</strong></span> 
     </span>
     <span class='ocr_line' id='line_1_28' title="bbox 136 4155 1594 4268; baseline -0.004 -24"><span class='ocrx_word' id='word_1_196' title='bbox 136 4161 245 4268; x_wconf 91' lang='lat' dir='ltr'><strong>bro,</strong></span> <span class='ocrx_word' id='word_1_197' title='bbox 283 4165 346 4249; x_wconf 92' lang='lat' dir='ltr'><strong>ab</strong></span> <span class='ocrx_word' id='word_1_198' title='bbox 383 4161 570 4249; x_wconf 90' lang='lat' dir='ltr'><strong>eodem</strong></span> <span class='ocrx_word' id='word_1_199' title='bbox 603 4191 805 4248; x_wconf 89' lang='lat' dir='ltr'><strong>summo</strong></span> <span class='ocrx_word' id='word_1_200' title='bbox 832 4163 946 4246; x_wconf 91' lang='lat' dir='ltr'><strong>viro</strong></span> <span class='ocrx_word' id='word_1_201' title='bbox 975 4155 1400 4260; x_wconf 90' lang='lat' dir='ltr'><strong>commendatus,</strong></span> <span class='ocrx_word' id='word_1_202' title='bbox 1439 4155 1594 4240; x_wconf 90' lang='lat' dir='ltr'><strong>vobis</strong></span> 
     </span>
     <span class='ocr_line' id='line_1_29' title="bbox 14 4291 1593 4412; baseline -0.003 -36"><span class='ocrx_word' id='word_1_203' title='bbox 14 4365 15 4376; x_wconf 26' lang='lat' dir='ltr'><strong>r</strong></span> <span class='ocrx_word' id='word_1_204' title='bbox 138 4296 255 4382; x_wconf 80' lang='lat' dir='ltr'><strong>viris</strong></span> <span class='ocrx_word' id='word_1_205' title='bbox 282 4297 628 4412; x_wconf 89' lang='lat' dir='ltr'><strong>amplissimis</strong></span> <span class='ocrx_word' id='word_1_206' title='bbox 757 4293 982 4380; x_wconf 84' lang='lat' dir='ltr'><strong>Maximo</strong></span> <span class='ocrx_word' id='word_1_207' title='bbox 1011 4315 1061 4378; x_wconf 91' lang='lat' dir='ltr'><strong>et</strong></span> <span class='ocrx_word' id='word_1_208' title='bbox 1188 4291 1470 4407; x_wconf 87' lang='lat' dir='ltr'><strong>Simplicio</strong></span> <span class='ocrx_word' id='word_1_209' title='bbox 1498 4347 1593 4390; x_wconf 89' lang='grc'><strong>...,</strong></span> 
     </span>
     <span class='ocr_line' id='line_1_30' title="bbox 139 4418 1595 4544; baseline -0.006 -32"><span class='ocrx_word' id='word_1_210' title='bbox 139 4435 380 4544; x_wconf 88' lang='lat' dir='ltr'><strong>quoniam</strong></span> <span class='ocrx_word' id='word_1_211' title='bbox 407 4433 593 4516; x_wconf 91' lang='lat' dir='ltr'><strong>iubere</strong></span> <span class='ocrx_word' id='word_1_212' title='bbox 621 4429 827 4542; x_wconf 88' lang='lat' dir='ltr'><strong>dignati</strong></span> <span class='ocrx_word' id='word_1_213' title='bbox 856 4430 1007 4530; x_wconf 90' lang='lat' dir='ltr'><strong>estis,</strong></span> <span class='ocrx_word' id='word_1_214' title='bbox 1039 4459 1117 4511; x_wconf 89' lang='lat' dir='ltr'><strong>me</strong></span> <span class='ocrx_word' id='word_1_215' title='bbox 1143 4455 1300 4543; x_wconf 86' lang='lat' dir='ltr'><strong>posse</strong></span> <span class='ocrx_word' id='word_1_216' title='bbox 1328 4423 1390 4510; x_wconf 91' lang='lat' dir='ltr'><strong>de</strong></span> <span class='ocrx_word' id='word_1_217' title='bbox 1410 4418 1595 4507; x_wconf 89' lang='lat' dir='ltr'><strong>metris</strong></span> 
     </span>
     <span class='ocr_line' id='line_1_31' title="bbox 139 4561 1656 4672; baseline -0.003 -26"><span class='ocrx_word' id='word_1_218' title='bbox 139 4561 853 4666; x_wconf 86' lang='lat' dir='ltr'><strong>etiamtractareiudicastis,</strong></span> <span class='ocrx_word' id='word_1_219' title='bbox 883 4563 1593 4672; x_wconf 89' lang='lat' dir='ltr'><strong>breviteresseoomponen-</strong></span> <span class='ocrx_word' id='word_1_220' title='bbox 1650 4629 1656 4642; x_wconf 88' lang='lat'><em>.</em></span> 
     </span>
     <span class='ocr_line' id='line_1_32' title="bbox 137 4685 1594 4811; baseline -0.005 -32"><span class='ocrx_word' id='word_1_221' title='bbox 137 4695 248 4784; x_wconf 90' lang='lat' dir='ltr'><strong>dum</strong></span> <span class='ocrx_word' id='word_1_222' title='bbox 275 4699 532 4786; x_wconf 86' lang='lat' dir='ltr'><strong>decrevi.“</strong></span> <span class='ocrx_word' id='word_1_223' title='bbox 562 4698 705 4786; x_wconf 88' lang='lat' dir='ltr'><strong>Verba</strong></span> <span class='ocrx_word' id='word_1_224' title='bbox 723 4700 825 4782; x_wconf 88' lang='lat' dir='ltr'><strong>haec</strong></span> <span class='ocrx_word' id='word_1_225' title='bbox 844 4697 1123 4811; x_wconf 88' lang='lat' dir='ltr'><strong>suspicionem</strong></span> <span class='ocrx_word' id='word_1_226' title='bbox 1143 4715 1316 4778; x_wconf 86' lang='lat' dir='ltr'><strong>movent</strong></span> <span class='ocrx_word' id='word_1_227' title='bbox 1333 4691 1463 4777; x_wconf 91' lang='lat' dir='ltr'><strong>libros</strong></span> <span class='ocrx_word' id='word_1_228' title='bbox 1485 4685 1594 4772; x_wconf 91' lang='lat' dir='ltr'><strong>duos</strong></span> 
     </span>
     <span class='ocr_line' id='line_1_33' title="bbox 137 4825 1595 4948; baseline -0.005 -35"><span class='ocrx_word' id='word_1_229' title='bbox 137 4830 276 4916; x_wconf 87' lang='lat' dir='ltr'><strong>artium</strong></span> <span class='ocrx_word' id='word_1_230' title='bbox 302 4831 635 4937; x_wconf 85' lang='lat' dir='ltr'><strong>Sacerdotis,</strong></span> <span class='ocrx_word' id='word_1_231' title='bbox 667 4833 803 4948; x_wconf 88' lang='lat' dir='ltr'><strong>quiin</strong></span> <span class='ocrx_word' id='word_1_232' title='bbox 830 4828 989 4917; x_wconf 86' lang='lat' dir='ltr'><strong>Codice</strong></span> <span class='ocrx_word' id='word_1_233' title='bbox 1009 4827 1208 4916; x_wconf 90' lang='lat' dir='ltr'><strong>Bobiensi</strong></span> <span class='ocrx_word' id='word_1_234' title='bbox 1235 4825 1520 4927; x_wconf 90' lang='lat' dir='ltr'><strong>continentur,</strong></span> <span class='ocrx_word' id='word_1_235' title='bbox 1552 4843 1595 4906; x_wconf 94' lang='lat' dir='ltr'><strong>et</strong></span> 
     </span>
     <span class='ocr_line' id='line_1_34' title="bbox 136 4956 1594 5054; baseline -0.005 -8"><span class='ocrx_word' id='word_1_236' title='bbox 136 4963 280 5052; x_wconf 91' lang='lat' dir='ltr'><strong>librum</strong></span> <span class='ocrx_word' id='word_1_237' title='bbox 298 4966 353 5054; x_wconf 88' lang='lat' dir='ltr'><strong>de</strong></span> <span class='ocrx_word' id='word_1_238' title='bbox 371 4968 513 5054; x_wconf 92' lang='lat' dir='ltr'><strong>metris</strong></span> <span class='ocrx_word' id='word_1_239' title='bbox 531 4968 618 5054; x_wconf 93' lang='lat' dir='ltr'><strong>sive</strong></span> <span class='ocrx_word' id='word_1_240' title='bbox 638 4967 787 5052; x_wconf 86' lang='lat' dir='ltr'><strong>artium</strong></span> <span class='ocrx_word' id='word_1_241' title='bbox 807 4965 972 5053; x_wconf 89' lang='lat' dir='ltr'><strong>tertium</strong></span> <span class='ocrx_word' id='word_1_242' title='bbox 990 4995 1014 5048; x_wconf 92' lang='lat' dir='ltr'><strong>a</strong></span> <span class='ocrx_word' id='word_1_243' title='bbox 1030 4962 1150 5048; x_wconf 88' lang='lat' dir='ltr'><strong>Puts</strong></span> <span class='ocrx_word' id='word_1_244' title='bbox 1162 4961 1273 5048; x_wconf 92' lang='lat' dir='ltr'><strong>chio</strong></span> <span class='ocrx_word' id='word_1_245' title='bbox 1295 4956 1455 5048; x_wconf 88' lang='lat' dir='ltr'><strong>editum</strong></span> <span class='ocrx_word' id='word_1_246' title='bbox 1473 4956 1594 5040; x_wconf 86' lang='lat' dir='ltr'><strong>unius</strong></span> 
     </span>
     <span class='ocr_line' id='line_1_35' title="bbox 16 5087 1594 5219; baseline -0.008 -34"><span class='ocrx_word' id='word_1_247' title='bbox 16 5153 17 5198; x_wconf 68' lang='lat' dir='ltr'><strong>r</strong></span> <span class='ocrx_word' id='word_1_248' title='bbox 136 5097 403 5219; x_wconf 84' lang='lat' dir='ltr'><strong>eiusdemque</strong></span> <span class='ocrx_word' id='word_1_249' title='bbox 422 5102 600 5190; x_wconf 88' lang='lat' dir='ltr'><strong>auctoris</strong></span> <span class='ocrx_word' id='word_1_250' title='bbox 629 5099 802 5188; x_wconf 90' lang='lat' dir='ltr'><strong>diversis</strong></span> <span class='ocrx_word' id='word_1_251' title='bbox 822 5096 1180 5215; x_wconf 84' lang='lat' dir='ltr'><strong>praenominibus,</strong></span> <span class='ocrx_word' id='word_1_252' title='bbox 1208 5095 1493 5207; x_wconf 78' lang='lat' dir='ltr'><strong>cuiuscunque</strong></span> <span class='ocrx_word' id='word_1_253' title='bbox 1521 5087 1594 5174; x_wconf 86' lang='lat' dir='ltr'><strong>de·</strong></span> 
     </span>
     <span class='ocr_line' id='line_1_36' title="bbox 137 5227 1594 5353; baseline -0.006 -37"><span class='ocrx_word' id='word_1_254' title='bbox 137 5261 246 5322; x_wconf 90' lang='lat' dir='ltr'><strong>mum</strong></span> <span class='ocrx_word' id='word_1_255' title='bbox 274 5239 415 5353; x_wconf 85' lang='lat' dir='ltr'><strong>culpa,</strong></span> <span class='ocrx_word' id='word_1_256' title='bbox 448 5237 535 5323; x_wconf 88' lang='lat' dir='ltr'><strong>sive</strong></span> <span class='ocrx_word' id='word_1_257' title='bbox 563 5235 737 5340; x_wconf 88' lang='lat' dir='ltr'><strong>librarii,</strong></span> <span class='ocrx_word' id='word_1_258' title='bbox 766 5237 851 5322; x_wconf 89' lang='lat' dir='ltr'><strong>sive</strong></span> <span class='ocrx_word' id='word_1_259' title='bbox 871 5232 1058 5337; x_wconf 88' lang='lat' dir='ltr'><strong>lectoris,</strong></span> <span class='ocrx_word' id='word_1_260' title='bbox 1088 5231 1284 5344; x_wconf 81' lang='lat' dir='ltr'><strong>insigniti,</strong></span> <span class='ocrx_word' id='word_1_261' title='bbox 1307 5227 1464 5316; x_wconf 83' lang='lat' dir='ltr'><strong>loetum</strong></span> <span class='ocrx_word' id='word_1_262' title='bbox 1492 5253 1594 5310; x_wconf 82' lang='lat' dir='ltr'><strong>esse.</strong></span> 
     </span>
    </p>
   </div>
   <div class='ocr_carea' id='block_1_8' title="bbox 0 0 2018 6068">
    <p class='ocr_par' dir='ltr' id='par_1_9' title="bbox 0 0 2018 6068">
     <span class='ocr_line' id='line_1_37' title="bbox 0 0 2018 6068; baseline 0 0"><span class='ocrx_word' id='word_1_263' title='bbox 0 0 2018 6068; x_wconf 95' lang='lat' dir='ltr'><strong> </strong></span> 
     </span>
    </p>
   </div>
  </div>
 </body>
</html>
