4032 6070
375 535 448 608 ιω
834 527 1394 590 unonrsnsurnon.

467 683 537 750 159.
567 679 654 742 ltem
684 679 882 764 quaeritur,
911 679 1087 744 ultimus
1114 699 1158 744 ιιι
1185 679 1411 744 ulterioris
1449 679 1618 766 positivus
1645 671 1688 761 ⁵¹⁸)
1723 678 1852 762 gradus

378 805 452 850 esse
474 783 627 847 dicatur?
653 781 722 848 Sed
745 782 918 846 ultimus
933 773 993 866 ⁵⁹),
1016 783 1045 847 si
1069 783 1104 846 iu
1128 803 1189 846 sua
1213 783 1323 846 lorma
1346 783 1535 848 secundnm
1552 803 1655 868 supra
1678 781 1793 844 datam
1809 773 1853 860 ΓΝ)

377 884 598 970 disciplinam
621 883 712 950 001t·
740 883 905 966 syllabam
930 883 966 946 in
987 885 1150 968 genetivo
1174 905 1256 948 casu
1278 881 1413 949 nunteri
1438 885 1622 970 singularis
1645 883 1794 968 accipiat
1808 877 1853 963 ᾖ)

377 987 630 1072 numquidnam
647 979 691 1070 6’)
714 987 898 1050 ulterior
919 985 1032 1050 lacere
1056 998 1205 1050 ostentat
1219 980 1282 1069 ω).1
1304 1001 1338 1052 et
1360 988 1439 1053 ideo
1462 988 1667 1062 ultimum,
1691 1005 1764 1048 non
1786 1005 1851 1070 po-

380 1089 520 1154 sitivum
542 1089 688 1172 gradum
712 1089 940 1153 ulterioris
963 1109 1055 1164 esse,
1079 1088 1303 1154 demonstrat.

466 1190 556 1254 Sane
579 1191 682 1254 etiam
706 1193 774 1254 boc
796 1209 995 1266 monemus,
1027 1191 1122 1274 quod
1144 1191 1344 1256 nominibus
1367 1191 1595 1276 comparativi
1618 1187 1672 1274 vel
1695 1188 1852 1275 superla-

378 1292 443 1358 tivi
471 1293 599 1376 gradus
628 1293 714 1358 haec
742 1293 792 1356 Xl
821 1291 985 1356 adverbia
1016 1291 1160 1376 adiungi
1176 1287 1219 1376 ti³)
1250 1313 1322 1358 uon
1356 1293 1520 1370 debeant,
1558 1292 1597 1356 id
1627 1303 1694 1368 est,
1730 1292 1852 1364 adeo,

381 1395 527 1478 magis,
555 1406 657 1470 tam,
687 1395 848 1480 potius,
881 1413 972 1478 per,
1002 1393 1121 1472 bena,
1154 1395 1292 1472 valde,
1323 1398 1480 1470 minus,
1510 1395 1621 1481 plus,
1646 1394 1853 1466 00110,οί-

380 1495 523 1572 mium,
546 1509 586 1561 ut
607 1508 708 1583 puta:
732 1497 838 1562 adeo
862 1495 1032 1561 doctior
1054 1497 1109 1560 vel
1130 1497 1237 1563 adeo
1261 1499 1557 1572 doctissimus,
1588 1497 1649 1560 sed
1678 1495 1852 1560 doctior

380 1609 415 1662 et
438 1597 725 1664 doctissimus
752 1599 827 1664 siue
853 1599 961 1663 adeo
990 1598 1061 1662 dici
1084 1597 1247 1676 debeant,
1280 1602 1330 1665 sic
1350 1593 1394 1684 ⁰⁵)
1417 1613 1452 1666 et
1473 1601 1547 1664 sine
1572 1599 1648 1662 aliis
1664 1592 1708 1681 ¹²⁸)
1731 1618 1855 1684 supra-

380 1699 519 1786 scriptis
549 1699 724 1766 adverbiis
752 1701 982 1788 comparativi
1010 1700 1067 1766 vel
1089 1703 1291 1789 superlativi
1313 1704 1441 1788 gradus
1469 1701 1612 1766 nomina
1634 1701 1856 1787 pronuntiari

381 1815 566 1888 oporteant
577 1793 633 1885 ⁶⁷).

471 1906 543 1970 160.
568 1905 654 1969 Item
678 1905 782 1968 etiam
806 1907 873 1970 boc
896 1925 1089 1984 monemus,
1113 1907 1221 1994 qnod,
1244 1909 1273 1972 si
1295 1909 1382 1972 haec
1396 1908 1516 1972 eadem
1530 1898 1574 1992 ω)
1597 1906 1796 1992 supradicta
1813 1897 1858 1986 19)

384 2006 548 2070 adverbia
564 2005 770 2070 nominibus
787 2007 828 2090 ⁷')
850 2007 993 2093 positivi
1015 2008 1142 2092 gradus
1165 2009 1387 2074 inveniantur
1409 2010 1582 2086 adiuncta,
1606 2011 1691 2074 haec
1713 2005 1858 2070 nomina

384 2107 453 2172 iem
472 2111 512 2191 71)
541 2127 614 2172 non
643 2108 785 2193 positivi
812 2110 940 2191 gradus
962 2112 1002 2193 Β)
1030 2122 1254 2194 potestatem,
1284 2112 1345 2176 sed
1374 2133 1440 2198 pro
1463 2107 1506 2195 ⁷³)
1535 2109 1780 2197 comparativis
1803 2105 1858 2169 vel

281 2225 305 2270 v.
325 2219 373 2284 ssi
385 2210 604 2297 superlativis
620 2203 662 2292 ⁷⁴)
683 2211 720 2272 in
742 2211 862 2274 metris
885 2211 940 2275 vel
963 2213 1145 2277 structuris
1167 2213 1237 2277 sint
1252 2209 1295 2296 ⁷⁵)
1318 2215 1538 2300 accipienda,
1571 2227 1610 2278 nt
1632 2225 1731 2298 puta:
1756 2209 1860 2273 adeo

387 2313 545 2378 doctus
568 2325 603 2376 et
624 2323 724 2375 sonat
746 2311 921 2376 doctior
941 2313 997 2376 vel
1020 2313 1315 2393 doctissimum
1347 2318 1397 2382 sic
1420 2329 1454 2381 et
1477 2317 1544 2382 alia
1565 2315 1707 2403 positivi
1731 2311 1861 2397 gradus

278 2423 296 2468 t·
315 2433 376 2529 pv·
387 2415 530 2480 nomina
551 2413 670 2478 iuncta
691 2410 924 2498 *supradictis
939 2413 1113 2480 adverbiis
1124 2437 1189 2504 pro
1206 2410 1247 2500 ⁷¹⁵)
1264 2421 1501 2506 consparativo
1516 2419 1572 2484 vel
1595 2415 1808 2504 superlativo
1820 2415 1862 2494 ⁷⁷)

293 2497 362 2530 ‘⁰³'
381 2530 467 2582 sunt
489 2515 701 2602 accipienda.

472 2617 543 2684 Sed
557 2616 697 2703 quando
712 2616 798 2679 haec
814 2618 1052 2702 comparati-vo
1075 2632 1109 2684 et
1122 2623 1262 2706 quaudo
1278 2625 1490 2712 superlativo
1513 2621 1636 2709 gradui
1650 2613 1693 2704 i⁸)
1716 2635 1863 2704 respon·

388 2721 502 2798 deaut,
526 2721 562 2784 iu
585 2717 704 2782 metris
727 2729 872 2804 propter
894 2739 998 2784 sonos
1022 2737 1262 2809 competenter
1282 2727 1519 2792 tractabimus.
1696 2727 1707 2734 '

477 2822 548 2888 161.
580 2819 671 2886 Sane
699 2821 768 2886 hoc
795 2841 994 2898 monemus,
1023 2821 1119 2909 quod
1142 2829 1370 2912 comparativi
1393 2829 1520 2913 gradus
1542 2827 1687 2891 nomina
1709 2821 1864 2888 ablativo

388 2925 485 2990 casui
498 2925 540 3006 79)
564 2923 808 3010 respondeant,
830 2934 990 3009 utputa:
1014 2924 1188 2992 doctior
1209 2930 1290 2994 illo
1312 2931 1367 2994 vel
1391 2932 1479 2996 illis
1494 2924 1547 3015 ⁸⁰).

477 3027 548 3118 lli2.
570 3025 650 3090 Hoc
664 3025 746 3090 item
761 3044 955 3103 monemus,
979 3028 1074 3112 quod
1097 3031 1126 3094 si
1142 3032 1343 3096 nominibus
1359 3035 1587 3121 comparativi
1604 3029 1730 3116 gradus
1742 3046 1867 3113 qnam

377 3126 558 3212 syllabam
581 3128 821 3211 adiungamus,
845 3128 913 3192 iam
936 3149 1009 3193 non
1032 3129 1203 3210 ablativo,
1228 3133 1288 3198 sed
1310 3137 1528 3200 nominativo
1544 3136 1638 3200 casui
1655 3130 1696 3217 ⁸¹)
1720 3151 1868 3218 respon-

392 3232 476 3296 dere
498 3229 733 3314 reperiantur,
755 3239 915 3314 utputa:
939 3230 1131 3312 doctior,
1154 3256 1276 3321 qnam
1305 3236 1383 3301 ille
1405 3238 1461 3302 vel
1484 3237 1554 3302 illi
1574 3233 1628 3319 ⁸¹).
1662 3235 1720 3300 Sic
1743 3233 1869 3298 atalia

395 3331 622 3417 comparativi
644 3331 771 3415 gradus
795 3333 939 3396 nomina
956 3334 1118 3400 adiuncta
1141 3338 1207 3402 sibi
1228 3359 1352 3424 qnam
1376 3339 1518 3422 syllaba,
1541 3339 1771 3415 nominativo,
1795 3357 1868 3401 non

395 3433 547 3499 ablativo
570 3433 667 3498 casui
680 3426 724 3516 ¹³)
746 3453 886 3498 necesse
909 3446 962 3500 est
982 3448 1022 3499 ut
1043 3441 1286 3524 respondeant.

485 3537 554 3604 163.
587 3535 673 3600 ltem
703 3535 771 3600 hoc
801 3555 999 3612 monemus,
1030 3541 1126 3625 quod
1154 3544 1356 3628 superlativi
1384 3545 1512 3630 gradus
1541 3545 1683 3610 nornina
1706 3543 1872 3628 genetivo

394 3629 823 3724 casni⁸⁴)'respondeant,
857 3651 1027 3724 utputa:
1064 3647 1411 3711 servantissimus
1451 3647 1593 3732 aequi;
1626 3645 1872 3710 disertissi-

400 3763 490 3806 mus
512 3740 811 3816 Romanorum;
842 3742 1045 3820 omnium,
1077 3765 1181 3830 quos
1210 3759 1323 3813 terra
1346 3751 1549 3827 sustinet,
1578 3747 1874 3812 sceleratissi-

397 3865 500 3908 mus.
533 3841 591 3907 Sic
621 3853 656 3904 et
685 3841 752 3906 alia
781 3842 984 3929 superlativi
1012 3847 1141 3930 gradus
1168 3851 1312 3914 uomina
1347 3853 1510 3938 genetivo
1533 3853 1627 3916 casui
1656 3869 1798 3914 necesse
1822 3861 1878 3913 est

335 4015 337 4022 ,
400 3959 440 4010 ut
459 3935 501 4028 ⁸⁵)
524 3942 766 4030 respondeant.
1554 3975 1558 3982 ·

450 4147 1137 4208 ⁵¹··„..·‘·‚s·
1269 4163 1454 4204 -··
1598 4161 1742 4195 ..ιι
1869 4185 1884 4198 .

471 4150 487 4221 ’
514 4149 698 4307 1211ξί
699 4149 789 4290 sl..
807 4154 994 4296 silli
1012 4155 1275 4301 tuitii.
1302 4160 1886 4319 ..ff{12⁰22tl;.-.l.;..i:.::“t.

515 4326 552 4396 ιι)
571 4323 691 4396 accipiat
709 4325 745 4380 V.
759 4325 797 4380 A.
813 4328 995 4400 -accipiaat
1010 4331 1043 4385 Β.
1064 4333 1100 4404 ⁶¹)
1119 4334 1316 4408 numquidnam
1336 4341 1372 4394 V.
1385 4337 1467 4394 A.-
1481 4337 1657 4410 numquinsm
1678 4336 1707 4391 Β.
1727 4335 1764 4398 ⁴⁸)
1785 4343 1888 4384 osteu-

516 4419 557 4466 tat
575 4412 611 4466 V.
630 4443 667 4454 -
683 4411 814 4466 ostendat
829 4415 863 4472 B.
880 4418 918 4469 A.
938 4419 974 4488 σ4)
993 4415 1106 4490 adiungi
1125 4423 1162 4476 V.
1176 4425 1214 4478 A.
1234 4457 1269 4466 -
1286 4427 1362 4497 iungi
1381 4427 1413 4482 Β.
1432 4428 1469 4498 ⁴⁵)
1488 4427 1530 4480 sic
1547 4427 1579 4479 Β.
1599 4423 1634 4479 V.
1653 4445 1691 4474 =
1705 4423 1740 4476 A.
1761 4423 1798 4489 ⁸⁶)
1820 4420 1891 4472 aliis

516 4501 549 4556 B.
565 4500 602 4555 V.
617 4499 649 4552 P.
672 4531 708 4542 -·
725 4497 768 4553 lais
786 4503 824 4556 A.
849 4504 887 4574 ο7)
912 4515 1059 4575 oporteant
1078 4509 1114 4564 V.
1128 4512 1165 4563 A.
1176 4513 1207 4566 Β.
1227 4534 1261 4566 ex
1279 4535 1329 4567 ens.
1347 4535 1389 4586 pr.
1410 4535 1501 4578 ntem,
1526 4533 1599 4586 quoe
1616 4516 1734 4584 primum
1752 4517 1894 4580 oporteat

516 4593 670 4658 κατέμεινα.
697 4586 985 4654 “tuimur-1³·
1002 4618 1040 4645 =
1056 4597 1093 4650 A·
1119 4599 1155 4664 ‘v
1179 4601 1338 4672 mre-n...
1356 4605 1437 4658 ns.
1453 4635 1488 4645 -
1506 4599 1692 4673 ..ems-sps
1712 4597 1747 4652 ν.
1774 4599 1814 4668 τοι
1835 4613 1895 4648 n..

448 4707 457 4712 -
518 4673 641 4730 minibus
660 4675 696 4732 V.
706 4677 738 4728 P.
756 4705 793 4720 ·-
811 4677 951 4735 uomeuib.
968 4683 1004 4737 Β.
1023 4715 1058 4726 -
1075 4685 1196 4740 nominis
1215 4693 1250 4742 A.
1270 4693 1308 4761 5¹)
1327 4692 1380 4744 iarn
1397 4693 1429 4745 Β.
1442 4693 1476 4747 V.
1488 4691 1518 4744 Ρ.
1529 4711 1564 4740 =
1578 4689 1613 4742 A.
1634 4688 1672 4759 7·)
1693 4681 1794 4756 gradus
1805 4685 1840 4736 Β·
1851 4683 1895 4736 A·

518 4789 554 4818 =
572 4766 608 4820 V.
633 4767 670 4833 ⁷³)
688 4782 739 4835 pro
758 4767 790 4819 Β.
806 4767 842 4820 V.
855 4767 893 4822 A.
911 4791 948 4820 =
961 4771 992 4823 P.
1017 4773 1052 4840 ²⁴)
1072 4777 1264 4847 comparativis
1282 4777 1325 4831 rel
1343 4777 1518 4852 superlativis
1545 4779 1581 4832 V.
1595 4776 1632 4829 A.
1651 4805 1688 4817 -
1706 4768 1898 4842 comparativi

520 4849 565 4906 rel
586 4849 746 4924 superlativi
770 4855 804 4909 Β.
829 4855 867 4924 ²⁵)
885 4856 944 4909 sint
961 4857 993 4912 Β.
1013 4861 1049 4914 V.
1066 4861 1097 4914 P.
1117 4895 1151 4906 -
1169 4873 1235 4919 sust
1252 4866 1288 4920 A.
1314 4869 1350 4940 τ’)
1370 4886 1420 4940 pro
1440 4869 1472 4922 B.
1485 4868 1522 4924 V.
1541 4889 1578 4917 =
1596 4864 1633 4917 A.
1658 4867 1694 4930 ⁷⁷)
1713 4853 1900 4930 iuperlflllw

522 4938 556 4993 Β.
570 4940 607 4992 A.
625 4967 661 4982 ·-
679 4939 845 5012 superlativo
865 4941 952 5014 gradu
973 4948 1008 5001 V.
1023 4949 1055 5001 P.
1083 4951 1119 5022 ⁷¹)
1140 4951 1236 5022 gradui
1264 4957 1346 5009 P.·—
1372 4955 1456 5025 gradu
1476 4957 1507 5010 Β.
1526 4955 1561 5009 V.
1583 4957 1618 5007 A.
1646 4954 1682 5016 2¹)
1703 4945 1780 4998 usui
1799 4945 1834 4998 Β.
1855 4945 1901 4998 A.

524 5053 559 5067 -
578 5041 643 5078 sun
662 5029 699 5082 V.
719 5030 757 5097 ⁸⁰)
775 5027 824 5084 illo
843 5029 887 5084 rel
904 5031 961 5086 illis
986 5036 1018 5088 B.
1039 5038 1076 5092 V.
1094 5071 1130 5082 -
1147 5039 1205 5094 illis
1222 5041 1265 5095 rel
1283 5043 1333 5096 illo
1352 5047 1387 5102 A.
1414 5047 1451 5116 ⁸¹)
1471 5043 1546 5096 casui
1564 5041 1598 5096 Β.
1611 5039 1647 5093 V.
1659 5037 1688 5091 P.
1707 5065 1743 5076 —
1766 5049 1835 5084 ΜΕ
1860 5033 1906 5086 A·

526 5114 563 5178 ⁸¹)
582 5129 661 5183 quant
679 5113 727 5170 illa
745 5115 789 5170 vel
806 5115 849 5172 illi
865 5119 899 5174 B.
910 5121 946 5177 V.
965 5151 1001 5166 -
1019 5143 1099 5196 quam
1117 5125 1160 5180 illi
1176 5128 1219 5183 rel
1239 5147 1318 5204 qnam
1337 5129 1387 5184 ille
1404 5133 1440 5187 A.
1461 5135 1496 5202 η)
1510 5127 1583 5183 casui
1601 5127 1635 5182 Β.
1646 5125 1681 5179 V.
1692 5123 1851 5176 P·-0⁸⁸⁸¹
1864 5121 1908 5172 A·

527 5199 564 5270 “l
584 5200 660 5252 maai
679 5201 710 5256 B.
721 5203 796 5258 V.P.
817 5233 850 5250 -
870 5221 934 5262 casa
953 5212 989 5264 A.
1009 5213 1045 5280 ¹⁸)
1064 5223 1095 5268 at
1113 5217 1146 5271 B.
1159 5217 1198 5272 V.
1218 5221 1249 5274 P.
1268 5239 1303 5272 ε
1322 5224 1356 5274 A.
