4020 6068
620 580 1163 643 raanrarro.
1534 595 1631 678 ιιιιιι

162 691 241 770 iam
277 685 575 790 meminimus,
620 684 850 774 editionem
887 689 1198 778 Parrhasianam
1233 707 1280 778 A.
1320 703 1450 802 1504,
1483 725 1524 786 et
1550 701 1632 787 Pu-

164 823 403 922 tscbianam‚
426 853 449 904 c
470 820 626 935 quibus
646 821 845 908 lectiones
867 825 1070 910 variantes
1089 825 1310 940 diligenter
1328 835 1600 921 enotavimus.

281 955 378 1038 XII.
411 953 583 1040 Snnvrus
602 953 857 1042 Honomrus
881 987 931 1039 tn
949 961 1190 1058 Aourtmun
1213 995 1265 1045 nn
1286 995 1502 1052 rrmtrans.

198 1187 200 1192 ¹
279 1088 411 1171 Servii
429 1089 497 1172 hic
515 1111 722 1191 tractatus,
744 1089 818 1204 qui
836 1089 987 1202 legitur
1013 1092 1126 1208 apud
1144 1095 1269 1180 Puts
1283 1099 1452 1182 chium
1478 1114 1530 1184 ΙΙ.
1558 1117 1630 1190 col.

40 1320 43 1326 ,
166 1228 274 1334 t809
287 1251 424 1337 seqq,
444 1223 486 1306 in
501 1220 609 1306 cod.
630 1245 772 1306 nostro
793 1222 1038 1308 Bobiensi
1057 1225 1139 1312 No.
1153 1227 1270 1314 XVI.
1284 1233 1632 1352 continuoseqni-

162 1379 224 1440 tur
243 1355 316 1462 CI.
348 1353 638 1440 Sacerdotis
656 1379 746 1440 artt.
769 1387 942 1468 gramm.
960 1356 1115 1444 librum
1134 1361 1364 1448 secundum
1386 1391 1426 1450 et
1444 1367 1540 1452 folia
1557 1369 1633 1454 tria

159 1514 198 1574 et
216 1486 442 1578 dimidium
462 1489 566 1607 (158
586 1519 625 1572 v.
640 1539 699 1558 —-
723 1507 797 1585 tlt
822 1489 880 1606 v.)
900 1491 1049 1606 scripta
1073 1495 1164 1579 Sec.
1184 1496 1287 1581 VIII
1304 1498 1371 1581 vel
1390 1499 1454 1584 IX
1471 1502 1630 1617 implet.

160 1623 364 1708 Eiusdem
384 1645 577 1708 tractatus
598 1625 641 1705 in
659 1619 814 1706 eodem
837 1622 997 1710 Codice
1017 1626 1086 1710 fol.
1108 1632 1189 1745 Aa}
1207 1663 1237 1713 r.
1259 1631 1336 1715 col.
1360 1663 1419 1736 a.,
1439 1636 1544 1718 sicut
1564 1666 1632 1720 su-

157 1759 293 1872 perius
318 1759 401 1840 iarn
423 1782 702 1842 memoratum
724 1779 798 1859 est,
820 1755 1055 1844 invenimus
1074 1759 1210 1847 adhuc
1228 1765 1519 1876 fragmentum,
1533 1801 1632 1854 con·

158 1893 290 1976 tineus
303 1923 366 1994 ea,
385 1921 494 2006 qnae
512 1891 720 1974 habentur
736 1893 777 1973 in
795 1889 980 1977 editione
992 1917 1167 1979 nostraa
1185 1903 1409 2013 §.Ilusque
1429 1900 1484 1985 ad
1502 1902 1629 1987 finem

159 2049 364 2108 tractatus.
383 2026 599 2108 Praeterea
618 2021 732 2108 idern
752 2023 883 2108 Servii
905 2028 1151 2139 opusculum
1169 2029 1318 2140 legitur
1337 2035 1460 2116 etiam
1480 2039 1520 2118 in
1546 2035 1630 2122 Co·

158 2157 245 2243 dice
265 2155 590 2244 Vindobonensi
608 2155 691 2242 No.
716 2163 829 2244 5250
849 2158 939 2242 Sec.
959 2160 1055 2243 XV.
1075 2160 1144 2245 fol.
1167 2167 1368 2257 48-51.
1410 2167 1485 2249 His
1506 2169 1628 2277 igitur

160 2289 355 2376 subsidiis
376 2292 664 2406 manuscriptis
687 2293 886 2396 instructi,
908 2291 1064 2376 collatis
1085 2292 1341 2380 editionibus
1360 2299 1627 2384 Parrbasiana

161 2427 209 2510 A.
236 2432 347 2524 1504
378 2449 421 2509 et
445 2424 707 2531 Putscbiana‚
733 2425 865 2510 Servii
892 2426 1139 2540 opusculum
1160 2428 1376 2513 laudatum
1396 2431 1545 2516 iterum
1566 2465 1629 2517 rc-

159 2557 251 2643 cudi
282 2551 532 2644 curavimus.

267 2693 390 2776 XIII.
423 2694 689 2808 Sequuntur:
721 2691 973 2777 Fmonnnrrt
1000 2723 1281 2801 cntnntrrct,
1316 2727 1402 2782 uno
1439 2724 1628 2816 excepto,

155 2827 350 2911 hactenus
370 2823 526 2910 inedita
547 2823 805 2942 etquidem:
1163 2833 1168 2840 '
1620 2831 1624 2840 '

265 2957 308 3075 a)
340 2961 580 3044 Incertus
617 2957 680 3044 de
715 2958 1041 3070 syllabarum
1081 2964 1412 3077 quantitate,
1452 2995 1474 3050 e
1514 2964 1625 3052 Cod.

154 3093 249 3177 olim
271 3092 535 3195 Bobiensi,
568 3123 679 3175 nunc
706 3090 1107 3180 Vindobonensi
1134 3095 1216 3181 No.
1246 3097 1364 3182 XVI.
1399 3098 1506 3210 s.›69
1528 3131 1628 3182 r.—

155 3227 222 3311 fol.
242 3231 298 3338 69
329 3257 368 3314 v.
389 3225 477 3308 sine
495 3225 762 3339 inscriptione
785 3251 826 3308 et
847 3225 1164 3342 subscriptione.

271 3357 320 3476 b)
352 3361 426 3443 Dc
448 3358 713 3442 structuris
734 3389 823 3444 scu
852 3356 913 3442 de
940 3361 1405 3474 compositionibus
1425 3361 1625 3478 pedum.

150 3493 435 3578 Tractatulum
455 3489 807 3576 huncsecnndum
826 3487 934 3575 cod.
950 3491 1050 3575 olim
1066 3493 1380 3598 bobiensem,
1394 3499 1627 3581 nuchin-

150 3625 246 3712 dub
257 3659 283 3712 ο
294 3659 320 3710 ιι
331 3655 500 3711 ensem
511 3623 628 3708 XVI.
644 3646 686 3708 et
696 3625 980 3739 apographum
991 3622 1160 3710 Codicis
1169 3626 1409 3712 Parisiensis
1418 3628 1501 3713 No.
1512 3637 1563 3735 75
1571 3637 1626 3718 50

155 3759 238 3844 Sec
264 3761 381 3845 VIII.
413 3758 701 3873 expressimus.
733 3759 768 3842 F
768 3757 895 3841 initur
914 3757 1161 3873 opusculum
1182 3759 1264 3843 hoc
1287 3761 1354 3844 vel
1376 3762 1515 3876 potius
1537 3763 1623 3878 epi-

154 3892 321 3978 stolium
343 3894 384 3976 in
409 3891 648 4007 apographo
671 3914 814 3975 nostro
837 3888 946 3975 Cod.
968 3891 1172 3976 Pariensis
1190 3893 1349 3977 verbis:
1385 3883 1441 3978 et
1460 3893 1625 3982 ditro-

151 4028 318 4110 chaeo.
344 4025 498 4131 Vale3
520 4023 683 4108 omissis
712 4023 782 4126 iis,
799 4055 908 4138 qnae
927 4024 1121 4134 leguntur
1136 4047 1177 4140 p.
1206 4031 1289 4129 507
1325 4023 1393 4110 ed.
1412 4053 1577 4114 nostrae
1602 4064 1625 4116 e

155 4155 260 4245 Cod.
294 4158 516 4243 Bobiensi:
549 4155 656 4240 Hae
681 4155 788 4241 XIV
820 4156 1083 4240 clausulae
1105 4187 1242 4272 usque
1269 4155 1323 4242 ad
1349 4191 1414 4244 vv.
1437 4161 1626 4249 arbiter

156 4288 454 4408 imperandi
484 4288 616 4406 (incl.)
647 4312 689 4372 et
718 4288 779 4388 τῷ
804 4287 1036 4404 Explicit
1063 4287 1353 4404 praecedente,
1382 4327 1424 4409 p.
1443 4300 1529 4380 506
1552 4297 1622 4380 lin.

155 4426 225 4509 ult.
257 4427 306 4508 In
333 4423 442 4509 cod.
461 4423 663 4508 Bobiensi
685 4421 922 4506 tractatulus
954 4423 1020 4506 hic
1041 4447 1182 4518 auctus
1207 4423 1296 4507 aliis
1316 4427 1526 4514 nonnullis
1548 4430 1624 4514 fra-

155 4559 330 4669 gmentis
356 4553 546 4642 eiusdem
566 4555 800 4669 argumenti
818 4556 1005 4668 legitura
1025 4554 1097 4641 sol.
1118 4561 1172 4669 69
1193 4586 1302 4640 v.—
1320 4587 1374 4664 70
1397 4591 1428 4642 r.
1449 4563 1623 4675 scriptus

156 4721 322 4777 amann
342 4689 481 4776 Seculi
500 4690 603 4774 VIII
625 4688 692 4774 vel
714 4690 790 4775 IX.

238 4823 309 4942 rc)
339 4823 641 4939 Excerptum
661 4855 684 4908 e
706 4821 932 4936 Pompeii
954 4845 1247 4907 commento
1271 4823 1400 4910 artis
1421 4825 1620 4912 Donati.

265 4955 312 5076 d)
330 4957 638 5073 Excerptum
661 4978 916 5040 tractatus
940 4955 1107 5040 Servii
1128 4955 1178 5038 in
1205 4957 1397 5042 Donati
1418 4959 1618 5046 librum.

265 5093 305 5206 e)
327 5091 643 5207 Excerptum
660 5121 717 5175 ex
738 5090 932 5174 incerti
953 5088 1327 5176 commentario
1348 5092 1400 5176 in
1424 5095 1622 5182 Donati

146 5215 444 5313 editionem
473 5219 775 5315 secundam.
805 5223 1068 5340 Deprompta
1093 5245 1190 5308 sunt
1211 5225 1287 5312 tria
1309 5225 1411 5312 haec
1432 5219 1621 5345 excerpta
1663 5225 1665 5230 ’
