4032 6070
408 547 477 618 266
627 493 634 516 ⁸
867 549 1425 607 suostasstttttos.

410 691 482 756 tivo
499 711 580 756 casu
592 687 637 776 11)
650 697 786 760 numeri
799 695 984 781 singularis
996 698 1141 763 nomina
1152 700 1196 781 11)
1211 697 1261 761 ul·
1277 699 1390 762 littera
1403 699 1593 775 tereticam,
1617 707 1651 762 et
1666 699 1886 764 nominativo

410 813 490 857 casu
515 797 651 860 numeri
682 798 865 883 singularis
895 802 950 883 ¹⁰⁰)
980 801 1225 887 suprascriptis
1247 804 1272 883 ¹)
1301 801 1420 865 iormis
1444 799 1595 876 definiri,
1620 801 1799 885 quaeritur
1820 803 1888 886 qui

408 915 507 960 casus
535 919 640 982 quem
669 920 786 964 casum
809 904 836 983 ⁸)
866 923 986 986 regere
1015 902 1144 988 possit,
1174 914 1209 965 et
1236 903 1314 967 ideo
1344 902 1483 966 eosdem
1513 901 1703 966 subicimus
1722 893 1768 986 ³),
1797 913 1837 968 ut
1853 893 1886 986 ⁴)

408 999 702 1082 quemadmodum
725 1023 762 1066 se
778 996 806 1085 ⁵)
830 1023 951 1088 regere
973 1005 1109 1089 possint
1131 1004 1317 1069 doceamus
1337 999 1378 1086 ⁶).

496 1103 566 1167 187.
589 1103 650 1166 De
673 1105 937 1168 nominativo
967 1125 1066 1170 casu
1095 1107 1262 1170 numeri
1284 1106 1534 1190 singularis,
1565 1107 1636 1191 qni
1659 1105 1710 1168 ·Α·
1733 1104 1882 1169 littera

407 1213 504 1286 post
527 1217 829 1268 consonantem
859 1209 1113 1272 terminatur
1138 1211 1174 1291 1).
1207 1207 1457 1293 Quaecumque
1479 1208 1623 1272 uomina
1644 1207 1783 1292 generis
1806 1225 1883 1270 ma-

408 1304 533 1368 sculini
556 1305 771 1370 nominativo
795 1329 875 1372 casu
894 1303 923 1393 1)
946 1310 1083 1373 numeri
1107 1309 1290 1394 singularis
1314 1309 1366 1372 ·Α·
1387 1309 1502 1374 littera
1520 1314 1550 1392 1)
1578 1322 1659 1396 post
1681 1327 1882 1374 consonan-

299 1373 479 1485 Fgssf;''tem
503 1409 742 1484 terminantur,
767 1421 800 1472 et
823 1423 941 1496 aptota
964 1431 1123 1476 essenon
1145 1412 1370 1476 inveniuntur
1388 1413 1439 1494 ι1),
1463 1410 1576 1476 *haee
1591 1411 1634 1476 ad
1657 1431 1782 1476 sonum
1806 1409 1884 1476 Ca·

409 1509 561 1573 tilinae
583 1531 647 1597 per
670 1523 803 1576 ceteros
827 1533 925 1577 casus
948 1513 1175 1578 declinantur.
1654 1511 1659 1528 '

494 1615 565 1678 188.
588 1612 650 1676 De
673 1617 921 1680 accusativo
945 1635 1046 1680 casu
1066 1614 1231 1679 numeri
1253 1613 1502 1698 singularis,
1531 1615 1605 1700 qui
1634 1613 1724 1678 ·AM·
1745 1615 1787 1696 ¹')
1813 1614 1883 1678 lit-

407 1715 515 1778 teris
553 1727 654 1801 post
689 1729 991 1781 consonantem
1030 1717 1249 1782 delinitur.
1288 1715 1539 1801 Quaecumque
1568 1717 1712 1780 nomina
1739 1717 1880 1800 generis

407 1817 589 1880 masculini
611 1819 809 1882 accusativo
839 1839 920 1882 casu
942 1821 1079 1883 numeri
1108 1818 1291 1903 singularis
1319 1816 1409 1882 aM-
1432 1818 1556 1882 litteris
1578 1830 1660 1903 post
1680 1835 1880 1882 consonan-

405 1927 475 1980 tem
499 1917 772 1999 concluduntur,
796 1932 830 1984 et
851 1933 970 2006 aptota
992 1942 1065 1985 esse
1088 1942 1160 1986 non
1182 1921 1417 1995 inveniuntur,
1440 1921 1526 1984 haec
1548 1920 1592 1984 ad
1615 1939 1739 1984 sonum
1764 1919 1879 1984 Cati-

405 2018 515 2084 linae
537 2041 602 2106 per
623 2033 757 2086 ceteros
780 2043 878 2088 casus
901 2021 1128 2088 declinantur.

492 2124 561 2190 189.
591 2123 652 2186 De
681 2125 949 2190 nominativo
979 2139 1021 2190 et
1046 2125 1245 2190 vocativo
1270 2145 1367 2189 casu
1389 2123 1551 2187 numeri
1581 2121 1777 2209 pluralis,
1802 2121 1876 2208 qui

404 2221 486 2286 as:-
514 2221 681 2289 litteris
709 2240 809 2312 post
836 2239 1140 2292 consonantem
1164 2227 1434 2291 deliniuntur
1461 2229 1511 2308 Ι1).
1535 2225 1787 2309 Quaecumque
1810 2243 1876 2288 uo·

403 2324 496 2386 mina
518 2328 654 2408 generis
677 2329 860 2393 masculini
874 2331 1090 2394 nominativo
1104 2329 1160 2392 vel
1182 2329 1342 2392 vocativo
1358 2347 1440 2391 casu
1462 2326 1599 2391 numeri
1621 2324 1766 2411 pluralis
1792 2325 1874 2390 ·AE·

402 2425 526 2490 litteris
556 2441 635 2512 post
664 2443 913 2494 consonantem
940 2431 1167 2508 definiuntur,
1204 2445 1239 2495 et
1266 2442 1384 2516 aptota
1422 2449 1495 2492 esse
1530 2447 1602 2492 non
1637 2427 1876 2502 inveniuntur,

402 2527 487 2591 haec
510 2528 554 2592 ad
576 2549 700 2593 sonum
725 2529 944 2595 Catilinae
967 2553 1030 2618 per
1052 2545 1185 2596 ceteros
1209 2553 1307 2596 casus
1330 2530 1557 2596 declinantur.

488 2631 559 2696 190.
581 2631 643 2694 De
665 2633 862 2716 genetivo
886 2653 986 2698 casu
1008 2635 1171 2698 numeri
1193 2633 1397 2720 pluralis,
1427 2632 1499 2718 qui
1522 2629 1680 2696 ·ARUM·
1707 2631 1877 2694 litteris

401 2741 497 2814 post
520 2746 822 2798 consonantem
846 2734 1057 2798 delinitur
1078 2729 1129 2818 Ι1).
1153 2735 1404 2820 Quaecumque
1420 2735 1563 2796 uomina
1580 2733 1718 2818 generis
1737 2751 1875 2796 mascu-

336 2891 345 2908 ,
399 2829 464 2893 lini
486 2834 648 2915 genetivo
672 2853 753 2899 casu
775 2836 912 2898 numeri
934 2837 1077 2922 pluralis
1103 2837 1260 2900 altum·
1287 2836 1412 2900 litteris
1434 2847 1515 2921 post
1537 2846 1789 2898 consonantem
1813 2833 1875 2897 de·

399 2931 584 3027 finiuntur,
609 2936 694 3000 haec
716 2935 761 3000 ad
783 2957 907 3001 sonum
932 2935 1144 3002 Catilinae
1166 2959 1232 3025 per
1253 2959 1373 3003 omnes
1394 2929 1434 3019 ’1)
1457 2957 1556 3001 casus
1581 2935 1810 3001 declinantur.

487 3039 559 3104 191.
586 3036 645 3101 De
675 3040 920 3103 accusativo
949 3061 1048 3104 casu
1078 3041 1244 3105 numeri
1266 3039 1447 3126 pluralis
1467 3029 1523 3122 ¹⁵),
1554 3039 1628 3124 qui
1653 3037 1729 3102 uls·
1752 3037 1874 3100 litte-

400 3135 458 3198 ris
481 3151 576 3221 post
598 3153 885 3204 consonantes
908 3139 1125 3206 delinitur.
1150 3142 1402 3227 Quaecumque
1418 3142 1562 3206 nomina
1576 3141 1713 3225 generis
1738 3157 1876 3202 mascu-

399 3235 462 3300 lini
493 3242 690 3305 accusativo
721 3261 803 3306 casu
831 3245 969 3308 numeri
996 3243 1142 3329 pluralis
1162 3244 1240 3308 ms·
1264 3243 1387 3308 litteris
1410 3254 1490 3328 post
1513 3252 1763 3306 consonantem
1788 3241 1872 3304 defi-

399 3338 559 3416 niuntur,
584 3355 618 3405 et
640 3356 757 3428 aptota
780 3363 948 3409 essenon
976 3347 1214 3433 reperiuntur,
1245 3346 1329 3409 haec
1351 3343 1396 3408 ad
1418 3363 1541 3410 sonum
1572 3342 1788 3408 Catilinae
1810 3361 1875 3428 per

400 3452 533 3504 ceteros
556 3463 655 3508 casus
679 3445 905 3512 declinantur.

486 3547 555 3612 192.
587 3546 648 3609 De
678 3549 927 3614 accusativo
958 3569 1055 3613 casn
1076 3549 1239 3612 numeri
1263 3546 1515 3632 singularis,
1547 3545 1872 3632 qui·AN·1itse-

290 3631 320 3678 1·
339 3631 460 3708 ¹⁸⁹·ris
483 3645 697 3711 delinitur
720 3643 771 3731 ¹⁰).
802 3650 1053 3735 Quaecumque
1082 3651 1225 3714 uomina
1248 3649 1384 3734 generis
1410 3648 1592 3712 masculini
1609 3649 1648 3732 Ι1)
1671 3647 1870 3712 accusativo

399 3766 478 3810 casu
500 3749 637 3812 numeri
661 3751 844 3836 singularis
868 3752 952 3816 ctN·
974 3746 1012 3834 ’1)
1035 3753 1158 3816 litteris
1182 3751 1402 3826 definiuntur,
1427 3762 1460 3812 et
1483 3763 1601 3836 aptota
1624 3771 1697 3813 esse
1720 3769 1792 3814 uon
1816 3751 1873 3812 in-

397 3850 600 3925 veniuntur,
624 3849 710 3917 haec
733 3855 776 3917 ad
799 3872 922 3917 souum
944 3854 1113 3918 Aeneae
1133 3859 1172 3938 ’11)
1196 3874 1259 3939 per
1282 3866 1414 3917 ceteros
1438 3872 1536 3916 casus
1560 3852 1790 3915 declinantur.

484 3952 555 4018 193.
585 3951 645 4016 De
676 3956 875 4038 genetivo
906 3955 976 4020 vel
1004 3956 1151 4020 dativo
1182 3975 1277 4018 casu
1306 3955 1473 4017 numer-i
1505 3953 1757 4037 singularis,
1798 3954 1871 4036 qui

440 4237 478 4309 11)
497 4233 615 4291 ablativo
633 4257 697 4291 casu
715 4243 748 4295 Β.
763 4242 847 4296 V.A.
865 4273 902 4285 -·
920 4241 1032 4296 ablativi
1051 4259 1129 4295 maus
1147 4244 1179 4295 Ρ.
1199 4243 1235 4314 11)
1253 4241 1365 4294 uomina
1383 4242 1413 4294 Ρ.
1430 4263 1468 4292 =
1486 4242 1518 4294 Β.
1537 4241 1572 4295 V.
1587 4239 1624 4293 A.
1652 4239 1700 4309 m)
1719 4240 1760 4290 ·Δ·
1779 4235 1877 4290 littora

505 4361 512 4375 .
533 4361 539 4376 .
560 4360 566 4376 .
586 4364 594 4380 .
613 4327 719 4380 numeri
745 4326 890 4400 singularis
908 4332 941 4384 B.
955 4332 986 4383 P.
1005 4354 1042 4381 =
1068 4330 1105 4384 V.
1121 4329 1157 4382 A.
1179 4331 1200 4401 ¹)
1219 4329 1415 4404 suprascriptis
1432 4329 1466 4382 B.
1485 4329 1517 4383 V
1539 4329 1570 4381 Ρ.
1590 4359 1626 4368 -
1643 4323 1815 4398 supradictis
1834 4325 1874 4379 A.

506 4417 528 4483 ¹)
548 4431 641 4464 casum
665 4415 699 4468 B.
719 4413 754 4468 A.
770 4447 807 4460 -·
826 4433 905 4470 msus
925 4419 960 4472 V.
992 4421 1014 4489 1)
1035 4414 1197 4470 subiicimus
1216 4419 1253 4471 A.
1272 4449 1307 4458 -
1324 4414 1476 4469 subicimus
1500 4417 1532 4468 Β.
1548 4415 1584 4468 V.
1612 4415 1635 4486 1)
1655 4423 1686 4465 ut
1705 4413 1789 4467 V.A.
1799 4413 1835 4466 B.
1857 4433 1878 4466 a

503 4519 544 4570 pr.
565 4519 599 4553 m.
619 4532 654 4543 -
673 4511 701 4556 et
719 4505 752 4557 B.
773 4523 872 4559 esent.
897 4505 920 4576 1)
939 4522 969 4559 te
987 4506 1020 4559 Β.
1041 4507 1079 4560 V.
1093 4505 1130 4558 A.
1148 4527 1185 4554 =
1203 4506 1234 4558 Ρ.
1261 4507 1284 4576 1)
1304 4501 1451 4556 doceamus
1471 4504 1506 4557 V.
1527 4502 1563 4555 A.
1583 4535 1597 4542 -
1642 4501 1820 4555 tractavimus
1841 4501 1879 4554 B.

504 4589 531 4660 ⁷)
552 4587 594 4642 De
613 4591 781 4644 nominativo
801 4628 922 4647 .....
943 4593 1103 4646 terminatur
1122 4592 1158 4646 V.
1172 4593 1208 4645 A.
1227 4613 1264 4643 =
1280 4593 1312 4646 Β.
1341 4594 1366 4664 1)
1384 4591 1551 4644 nominativo
1571 4605 1637 4641 casu
1658 4589 1693 4643 V.
1709 4589 1745 4642 A.
1764 4617 1803 4629 -
1822 4603 1879 4640 uo-

503 4677 626 4732 minstivi
646 4695 724 4731 casus
743 4680 775 4732 B.
795 4682 818 4750 1)
837 4677 928 4731 littera
949 4681 986 4734 V.
998 4682 1037 4734 A.
1056 4711 1091 4723 -
1108 4678 1228 4733 litteram
1246 4681 1279 4733 B.
1300 4681 1337 4752 ¹⁶)
1355 4679 1533 4733 inveniuntur
1550 4679 1583 4731 Β.
1598 4677 1633 4731 A.
1651 4705 1684 4718 -
1695 4675 1898 4730 inveniantur.

505 4767 542 4819 V.
564 4769 601 4835 ¹¹)
623 4767 697 4820 'AM’
716 4765 752 4822 A.
773 4795 808 4809 -
828 4765 898 4818 llll·
918 4769 994 4822 ΚΡ.
1016 4770 1116 4822 Totum
1131 4769 1240 4820 titulum
1258 4789 1294 4817 =
1312 4768 1345 4820 B.
1368 4770 1402 4836 ¹¹)
1424 4768 1533 4820 Titulus
1546 4771 1576 4818 in
1589 4767 1622 4820 Β.
1639 4777 1693 4818 est:
1719 4763 1763 4816 De
1781 4763 1881 4814 uomi-

504 4855 594 4906 natiso
615 4870 680 4906 casu
697 4854 803 4906 numeri
823 4851 945 4925 pluralis.
968 4858 1004 4926 ’1)
1025 4857 1134 4910 Titulus
1149 4861 1177 4909 in
1192 4856 1226 4908 B.
1245 4867 1300 4908 eat.-
1319 4855 1363 4906 De
1382 4853 1502 4925 genitivo
1521 4849 1631 4924 plurali.
1661 4853 1696 4921 ’1)
1715 4867 1813 4904 omues
1835 4851 1879 4906 V.

505 4938 541 4992 A.
561 4971 595 4983 -
614 4941 703 4993 omnis
721 4943 753 4996 Β.
785 4944 822 5015 ’1)
842 4942 885 4995 De
902 4944 1058 4996 accusativo
1078 4960 1143 4995 csso
1161 4942 1267 4994 numeri
1286 4939 1400 5014 pluralis
1421 4943 1456 4995 V.
1476 4973 1511 4982 -
1539 4940 1582 4993 De
1600 4939 1758 4993 accusativo
1776 4937 1881 5010 plnre-

503 5022 538 5076 lis
556 5025 592 5079 A.
614 5029 740 5082 Ceterum
757 5041 843 5084 totum
857 5031 929 5084 'sune
946 5033 1036 5084 losum
1051 5030 1086 5083 de
1100 5035 1257 5084 accusativo
1271 5031 1375 5100 plureis
1391 5033 1419 5081 in
1436 5028 1493 5082 AS.
1504 5052 1542 5079 =
1553 5030 1587 5088 Β.
1609 5028 1644 5099 ’1)
1666 5027 1776 5082 Titulus
1791 5031 1822 5080 t'n
1839 5029 1882 5082 Β.

503 5123 559 5166 est:
586 5113 630 5166 De
654 5117 809 5172 accusativo
835 5116 974 5189 singulari.
1001 5125 1035 5187 ¹⁷)
1063 5119 1170 5190 generis
1194 5115 1338 5170 masculini
1361 5118 1395 5170 B.
1416 5117 1452 5170 V.
1473 5145 1507 5162 -·
1530 5113 1676 5172 masculini
1702 5115 1815 5190 generis
1835 5117 1881 5168 A.

507 5200 541 5268 ¹⁸)
561 5197 626 5256 ·AN·
645 5201 676 5256 Β.
689 5201 724 5256 V.
734 5203 765 5260 Ρ.
786 5235 821 5248 -
840 5205 910 5259 att·
930 5205 965 5260 A.
989 5209 1023 5277 ’1)
1042 5209 1149 5263 Aeneas
1169 5207 1201 5261 V
1216 5205 1251 5260 A.
1275 5233 1306 5250 -·
1323 5206 1385 5260 ines
1403 5207 1437 5259 Β.
