4036 6068
414 515 484 586 m
868 511 1426 570 rnonrsnsurnon.

500 664 572 729 438.
603 661 690 728 ltetn
714 661 852 747 generis
873 659 1048 738 feminini,
1078 673 1243 746 utputa:
1277 663 1380 726 haee
1409 661 1554 726 Venus
1577 672 1612 726 et
1643 671 1759 726 setara
1783 659 1889 738 talia;

413 784 507 830 nuno
525 767 593 830 hoo
611 785 792 828 monemus
806 755 862 848 ⁸⁴),
886 763 981 848 qnod
997 777 1030 828 et
1045 757 1085 849 ⁸)
1101 765 1186 828 baec
1199 783 1270 828 non
1288 785 1329 828 eo
1345 764 1496 850 plurima
1512 757 1555 849 ⁸⁶)
1567 783 1644 828 esse
1652 763 1885 850 reperiantur.

497 867 584 930 Item
608 879 688 930 sunt
703 861 747 951 ⁸7)
768 867 905 952 generis
921 867 1046 944 neutri,
1069 879 1108 930 nt
1129 879 1214 952 puta
1230 859 1292 946 ⁸⁸):
1316 869 1393 930 boe
1415 887 1560 932 aurum
1582 879 1620 931 et
1642 880 1756 931 cetera
1780 864 1887 942 talia;

412 989 505 1034 nuno
528 972 594 1034 hoo
617 989 816 1045 monemus,
840 969 937 1056 quod
959 972 1044 1033 haee
1066 988 1138 1032 non
1161 989 1202 1032 eo
1225 968 1376 1054 plurima
1397 991 1471 1033 esse
1494 970 1721 1056 reperiantur.

497 1075 570 1142 439.
593 1073 680 1135 ltem
704 1083 784 1136 sunt
805 1071 948 1136 nomina
964 1065 1007 1154 89)
1030 1072 1167 1156 generis
1190 1071 1384 1148 masculini,
1408 1092 1497 1158 quae
1518 1073 1656 1136 numeri
1677 1072 1723 1154 9’)
1744 1069 1814 1134 sint
1835 1069 1885 1151 9’)

411 1189 544 1240 tantum
567 1175 731 1260 pluralis,
754 1185 914 1259 utputa:
940 1171 1172 1238 Circenses
1190 1177 1237 1259 9’)
1260 1186 1296 1238 et
1318 1187 1432 1238 cetera
1455 1175 1555 1252 talia;
1584 1173 1646 1238 aed
1667 1174 1737 1236 boe
1758 1189 1884 1234 raone-

410 1299 503 1355 mua,
534 1277 629 1363 qnod
656 1278 741 1340 haee
771 1265 861 1340 intra
891 1277 1034 1362 triginta
1065 1289 1133 1341 tres
1157 1270 1202 1359 93)
1231 1297 1352 1354 sonos,
1380 1278 1448 1341 boe
1470 1289 1540 1354 est,
1562 1275 1707 1361 triginta
1728 1273 1794 1338 tria
1815 1291 1886 1336 uo-

409 1380 505 1458 mina
521 1371 565 1462 ⁹5)
587 1401 660 1444 esse
684 1380 909 1464 reperiantur.

495 1482 582 1545 Item
605 1483 742 1568 generis
765 1481 944 1558 feminini,
967 1494 1006 1545 ιιι
1026 1493 1128 1568 puta:
1160 1480 1383 1548 Kalendae
1411 1496 1445 1546 et
1467 1493 1583 1546 cetera
1603 1479 1698 1556 talia;
1725 1476 1786 1542 ned
1808 1478 1887 1540 boo

409 1605 609 1660 monemus,
633 1584 728 1670 qnod
750 1586 835 1648 baec
857 1583 949 1646 intra
971 1585 1190 1670 septuaginta
1212 1585 1300 1650 duos
1321 1603 1446 1660 sonos,
1469 1586 1538 1648 boo
1559 1595 1629 1660 est,
1660 1580 1885 1666 septuaginta

409 1689 479 1754 duo
502 1689 645 1751 nomina
662 1681 705 1768 ⁹⁵)
730 1707 802 1750 esse
825 1687 1052 1772 reperiantur.

495 1791 581 1854 ltem
604 1788 742 1875 generis
764 1789 896 1865 nentri,
918 1804 957 1851 nt
978 1801 1077 1875 pnta:
1110 1808 1228 1853 arma
1258 1801 1292 1854 et
1314 1803 1429 1854 uetera
1451 1787 1548 1864 talia;
1580 1786 1642 1851 sed
1668 1787 1737 1850 boe
1758 1801 1884 1848 mone-

409 1913 503 1970 mus,
527 1892 623 1978 quod
646 1893 731 1954 baec
744 1883 788 1974 96)
812 1891 904 1954 intra
926 1902 1064 1954 eentum
1089 1903 1123 1954 et
1138 1893 1182 1974 ⁹⁷)
1203 1892 1330 1976 viginti
1352 1892 1440 1956 duos
1463 1911 1589 1967 sonos,
1612 1891 1681 1954 boe
1702 1899 1774 1966 est,
1796 1903 1882 1950 een·

408 2008 481 2058 tum
503 1994 630 2079 viginti
645 1987 690 2077 ⁹⁸)
712 1994 781 2057 dno
804 1993 948 2056 nomina
961 1995 1006 2077 99)
1031 2015 1104 2058 esse
1120 1996 1174 2078 ¹⁰⁰)
1197 1995 1426 2080 reperiantur.

493 2100 566 2163 440.
591 2096 678 2160 ltem
702 2107 782 2158 sunt
803 2095 947 2158 nomina
968 2097 1105 2180 generis
1127 2099 1258 2176 nentri,
1281 2117 1370 2182 qnae
1393 2097 1430 2159 in
1452 2113 1599 2158 numero
1620 2093 1647 2177 ¹)
1667 2091 1798 2180 plurali
1821 2089 1885 2153 tri-

407 2210 505 2286 ptota
523 2200 549 2278 ²)
574 2219 648 2262 esse
671 2197 906 2283 reperiantur,
929 2211 1088 2284 utputa:
1117 2198 1300 2262 melleet
1323 2210 1438 2262 cetera
1460 2198 1558 2274 talia;
1585 2195 1647 2260 sed
1668 2197 1738 2258 hoo
1760 2212 1884 2256 mooe·

408 2321 505 2377 mus,
529 2301 625 2385 quod
646 2302 732 2362 haee
750 2293 779 2382 ³)
800 2299 892 2362 intra
914 2300 1057 2386 triginta
1078 2313 1147 2364 tres
1170 2320 1294 2378 sonos,
1317 2301 1394 2377 2hoe
1417 2314 1485 2380 est,
1508 2299 1652 2385 triginta
1674 2286 1705 2379 ⁴)
1728 2297 1797 2362 tria
1818 2313 1885 2358 no-

409 2403 504 2466 mina
521 2393 549 2485 ⁵)
572 2423 644 2466 esse
668 2401 886 2486 reperiantur
903 2395 944 2482 ⁰).

494 2504 568 2568 441.
600 2502 688 2566 Sunt
715 2503 859 2566 nomina
889 2515 1110 2588 monoptota,
1139 2505 1208 2568 hoe
1237 2515 1306 2580 est,
1339 2522 1428 2589 qnae
1454 2522 1564 2566 unum
1596 2521 1716 2566 casum
1743 2511 1883 2564 tantum

301 2615 372 2662 rso.
380 2631 400 2666 ι.
411 2605 600 2668 exhibeant
622 2607 666 2687 ⁷),
689 2601 705 2634 ⁴
721 2617 759 2668 nt
781 2617 865 2690 pnta
887 2603 1075 2668 ablativum
1098 2618 1248 2690 sponte
1272 2618 1306 2669 et
1328 2617 1442 2670 cetera
1463 2604 1564 2682 talia;
1586 2604 1648 2670 sed
1668 2605 1737 2667 boo
1760 2620 1884 2666 mone-

316 2673 385 2724 Μ’*
411 2727 505 2784 mus,
529 2705 624 2790 quod
647 2707 731 2770 haee
753 2725 826 2770 uon
849 2725 890 2770 eo
913 2706 1014 2791 plura
1032 2701 1062 2789 8)
1085 2727 1158 2770 esse
1181 2708 1408 2792 reperiantur.

496 2811 570 2874 442.
595 2807 684 2872 Sunt
704 2807 848 2872 nomina
870 2820 1008 2893 aptota,
1037 2809 1105 2871 boe
1128 2819 1196 2885 est,
1228 2829 1316 2894 qnae
1339 2829 1402 2894 per
1433 2829 1555 2873 omnes
1577 2827 1676 2874 oasus
1697 2827 1769 2872 uno
1793 2825 1884 2870 sono

409 2911 646 2986 declinentur,
669 2922 708 2973 nt
729 2923 829 2996 putat
855 2908 1042 2974 Celaeno
1057 2913 1085 2992 9)
1109 2922 1143 2974 et
1159 2923 1273 2974 cetera
1286 2911 1385 2988 talia;
1408 2911 1469 2975 sed
1482 2913 1551 2976 hoo
1566 2929 1762 2988 monemus,
1784 2907 1884 2994 quod

409 3015 495 3078 haee
516 3014 660 3104 nomina
684 3016 724 3094 ¹⁰)
745 3031 817 3078 non
840 3031 881 3075 eo
904 3011 1006 3098 plura
1027 3033 1101 3076 esse
1124 3015 1349 3100 reperiantur.
1464 3048 1471 3060 ν

497 3115 585 3180 Sunt
614 3113 773 3190 nomina,
802 3134 892 3198 qnae
921 3134 966 3178 ex
996 3135 1067 3181 nna
1096 3115 1210 3180 littera
1233 3115 1497 3202 intelleguntur,
1525 3129 1566 3182 ut
1586 3129 1688 3203 puta:
1710 3111 1762 3179 Μ.
1784 3124 1819 3176 et
1842 3112 1886 3194 ¹¹)

411 3219 583 3303 signifieat
605 3217 785 3280 Mareus.

498 3321 587 3384 Sunt
609 3339 697 3405 quae
720 3316 853 3382 duabus
869 3320 927 3402 '²)=
952 3318 1039 3385 ·Gn·
1064 3311 1107 3402 ¹³)
1137 3333 1171 3384 et
1193 3320 1366 3404 significat
1388 3320 1565 3387 Gnaeus
1586 3311 1637 3404 ¹⁴).

497 3422 603 3498 Sunt,
627 3441 715 3507 quae
738 3436 773 3486 et
793 3409 833 3505 ¹⁵)
855 3419 985 3499 tribus,
1008 3433 1171 3507 utputa:
1195 3422 1303 3487 Sex·
1326 3436 1360 3488 et
1381 3424 1554 3508 significat
1576 3423 1745 3488 Sextus.

497 3525 605 3602 Sunt,
628 3543 717 3609 quae
740 3533 921 3608 quattuor,
944 3536 983 3587 ιιι
1003 3536 1106 3610 puta:
1130 3525 1259 3612 reip·
1281 3538 1316 3591 et
1336 3527 1508 3612 signifieat
1530 3523 1814 3611 reipublicae.
1835 3510 1888 3604 ¹⁶).

497 3626 587 3691 Sunt
616 3646 704 3711 quae
736 3625 911 3711 quinque,
948 3637 987 3689 nt
1017 3638 1118 3712 puta:
1152 3626 1265 3694 Trib.
1296 3648 1342 3715 ·p·
1381 3641 1416 3692 et
1443 3628 1615 3714 signifieat
1653 3624 1887 3690 Tribunus

413 3728 558 3816 plebis
582 3732 634 3813 ¹⁷).

382 4029 383 4038 ἵ
457 4052 493 4123 ’4)
519 4067 660 4104 monemus
673 4053 709 4108 V.
723 4053 761 4105 A.
776 4081 812 4094 -
827 4067 1006 4104 monenenrus
1021 4053 1055 4106 Β.
1083 4053 1119 4124 ⁸⁵)
1134 4061 1163 4106 et
1175 4053 1208 4106 Β.
1225 4053 1260 4106 V.
1279 4073 1316 4101 .-..·
1330 4052 1365 4105 A.
1391 4053 1426 4123 ⁸⁶)
1443 4069 1477 4103 eo
1494 4047 1610 4123 plurima
1634 4051 1667 4103 B.
1686 4047 1724 4102 V.
1742 4047 1773 4102 Ρ.
1793 4075 1830 4088 -
1848 4067 1889 4101 eo

519 4137 613 4210 plures
628 4139 664 4192 A.
689 4140 727 4210 ⁸⁷)
746 4146 811 4191 suut
839 4139 875 4194 V.
894 4139 930 4192 A.
943 4161 979 4188 =
992 4141 1025 4194 Β.
1051 4140 1087 4210 ”)
1107 4149 1138 4191 nt
1160 4149 1226 4211 puta
1243 4139 1276 4192 Β.
1299 4139 1335 4194 V.
1354 4140 1384 4192 P.
1400 4161 1437 4188 =
1450 4138 1487 4193 A.
1513 4139 1550 4210 ⁸⁹)
1566 4137 1676 4190 nomine
1691 4137 1724 4190 B.
1742 4157 1780 4186 =
1793 4135 1832 4192 V·
1847 4139 1891 4190 A.

521 4228 559 4299 ιι)
573 4227 677 4280 numeri
694 4227 730 4281 V.
739 4227 775 4280 A.
791 4257 824 4268 -
839 4227 945 4278 nemori
958 4228 991 4281 Β.
1010 4227 1047 4299 ⁹¹)
1062 4227 1119 4279 aiut
1132 4229 1164 4280 Β.
1181 4229 1216 4282 V.
1232 4229 1262 4280 Ρ.
1272 4235 1381 4279 -aunt
1399 4226 1434 4280 A.
1453 4229 1489 4296 9·)
1509 4226 1655 4280 Circenses
1668 4225 1705 4279 V.
1718 4225 1756 4279 A.
1770 4253 1807 4266 ·-
1817 4221 1894 4278 Cer-

521 4329 620 4366 eensee
637 4314 670 4369 Β.
696 4316 732 4380 ⁹⁸)
748 4313 859 4384 triginta
873 4323 928 4367 tres
940 4315 975 4370 V.
993 4345 1029 4356 -—
1044 4315 1161 4384 trigenta
1174 4315 1223 4366 tris
1238 4316 1270 4369 B.
1286 4343 1321 4360 ·-
1337 4315 1455 4384 treginta
1471 4323 1527 4367 tres
1543 4315 1579 4367 A.
1611 4314 1649 4384 ι’)
1671 4310 1725 4366 boe
1748 4321 1792 4365 eat
1807 4349 1894 4364 .....

520 4401 633 4455 nomina
651 4401 687 4455 V.
705 4402 742 4455 A.
762 4421 796 4453 =
814 4403 847 4456 Β.
867 4404 903 4474 99)
922 4399 976 4456 boo
995 4410 1057 4454 est.
1073 4439 1080 4454 .
1095 4441 1102 4454 .
1120 4439 1127 4454 .
1146 4403 1257 4455 nomina
1276 4401 1312 4456 V.
1327 4403 1363 4456 A.
1377 4425 1412 4452 =
1427 4403 1459 4456 B.
1478 4404 1515 4474 ι’)
1534 4399 1602 4453 baec
1613 4402 1645 4459 Β.
1664 4399 1792 4456 V.=A.
1811 4402 1847 4469 θ’)
1861 4407 1896 4452 et

520 4489 557 4546 A.
574 4511 612 4540 =
624 4491 661 4544 V.
670 4489 704 4543 B.
724 4488 812 4560 (CXX
829 4487 919 4560 dnos).
939 4491 977 4565 9’)
996 4490 1093 4560 viginti
1113 4491 1149 4545 V.
1166 4520 1204 4533 —
1220 4491 1324 4561 viginta
1340 4491 1378 4544 A.
1396 4493 1432 4563 ⁹⁹)
1452 4487 1579 4544 boeest.
1596 4527 1624 4542 ..
1643 4527 1650 4541 .
1669 4487 1781 4541 uomina
1801 4487 1838 4542 V·
1849 4487 1898 4541 A.

518 4601 557 4632 =
571 4579 604 4634 Β.
627 4577 676 4647 ¹⁰⁰)
695 4593 756 4628 esee
773 4577 806 4630 Β.
822 4579 857 4634 V.
876 4601 913 4628 =
930 4580 968 4633 A.
995 4582 1016 4649 ¹)
1036 4595 1149 4631 numero
1169 4578 1206 4635 V·
1226 4581 1262 4632 A.
1281 4607 1317 4620 -
1334 4593 1446 4632 uomere
1465 4578 1499 4632 B.
1526 4579 1551 4650 ¹)
1571 4577 1686 4648 triptota
1705 4576 1735 4630 Β.
1749 4575 1786 4630 V·
1799 4575 1833 4628 Β.
1852 4606 1898 4616 —

520 4697 556 4711 -
574 4674 669 4739 aptota
687 4665 724 4718 A.
744 4667 767 4736 ³)
786 4661 855 4718 bueo
871 4667 905 4720 Β.
923 4666 960 4721 V.
977 4667 1008 4719 P.
1027 4689 1065 4716 =
1081 4666 1117 4719 A.
1143 4667 1167 4738 ⁴)
1187 4665 1298 4736 triginta
1317 4667 1353 4722 V.
1372 4697 1409 4710 -
1427 4666 1545 4736 treginta
1561 4664 1599 4717 A.
1626 4663 1651 4737 ι)
1670 4661 1725 4715 boe
1743 4669 1787 4714 est
1803 4700 1809 4713 .
1827 4701 1834 4714 .
1855 4701 1865 4716 .
1889 4703 1897 4717 .

519 4755 631 4809 nornine
651 4753 687 4808 V.
703 4754 739 4809 A.
766 4776 802 4804 =
826 4755 858 4808 B.
884 4757 907 4826 ⁵)
934 4755 1105 4826 reperiantur
1122 4756 1154 4808 B.
1176 4755 1212 4812 V.
1232 4755 1262 4807 Ρ.
1283 4781 1316 4796 -
1336 4753 1509 4826 reperiuntur
1526 4753 1562 4806 A.
1583 4757 1606 4823 ⁷)
1626 4748 1774 4803 exhibeant
1792 4749 1826 4804 Β.
1853 4753 1903 4806 A.

520 4871 556 4884 -
575 4841 708 4898 exhibent
734 4843 770 4899 V.
802 4843 827 4916 ⁸)
854 4860 886 4896 eo
912 4839 991 4913 plura
1019 4843 1054 4898 V.
1078 4841 1114 4896 A.
1138 4873 1174 4884 --
1198 4840 1276 4914 plura
1303 4843 1334 4896 Β.
1367 4843 1392 4914 9)
1420 4839 1539 4895 Celaeno
1570 4841 1607 4896 V.
1635 4867 1668 4880 -
1693 4836 1832 4892 Coelaeno
1858 4841 1900 4895 B.

522 4955 557 4965 —
585 4929 688 4984 Celetro
715 4933 753 4986 A.
790 4936 825 5004 ¹⁰)
851 4931 960 4984 nomine
987 4931 1021 4985 V.
1049 4931 1086 4984 A.
1113 4931 1199 4984 ΞΒ.
1227 4931 1261 5002 ¹¹)
1286 4939 1315 4985 et
1332 4931 1364 4984 B.
1386 4931 1420 4985 V.
1439 4953 1475 4980 =
1493 4931 1529 4984 A.
1562 4931 1596 5001 ”)
1616 4924 1724 4980 duabus
1743 4927 1775 4980 Β.
1798 4927 1835 4982 V.
1859 4959 1906 4973 —

525 5007 633 5064 duobus
652 5018 680 5068 A
717 5021 750 5088 ι9)
771 5020 824 5074 Gn.
845 5021 876 5074 B.
895 5020 930 5072 V.
951 5019 980 5071 Ρ.
1002 5035 1093 5071 -ou.
1120 5021 1155 5072 A.
1186 5020 1221 5092 ¹⁴)
1241 5018 1352 5074 Guneus
1373 5019 1408 5072 V.
1428 5047 1463 5064 a·
1482 5017 1577 5072 Gt'tens
1595 5017 1627 5070 B.
1645 5017 1682 5070 A.
1714 5017 1748 5085 ¹⁵)
1768 5029 1840 5086 quen
1867 5029 1906 5073 ct

522 5127 557 5140 -
576 5115 628 5168 qua
647 5109 675 5154 et
694 5104 724 5156 Β.
745 5135 779 5149 -
798 5123 867 5178 qnae
886 5109 933 5175 (z
946 5109 984 5176 et)
1005 5108 1040 5161 V.
1052 5108 1088 5161 A.
1111 5109 1145 5178 ¹⁶)
1164 5107 1301 5178 signifieat
1319 5102 1489 5177 reipublicae
1508 5107 1538 5159 Β.
1557 5107 1592 5163 V.
1607 5106 1635 5158 Ρ.
1654 5134 1691 5150 -
1709 5101 1833 5175 ignificat
1859 5124 1904 5160 eo

524 5186 634 5255 signent
653 5189 688 5240 A.
712 5191 745 5262 ¹7)
764 5191 854 5263 plebis
874 5196 906 5248 Β.
927 5195 962 5252 V.
982 5225 1018 5238 -
1036 5191 1113 5267 plebi
1131 5198 1161 5250 Ρ.
1182 5195 1305 5252 -suut
1327 5233 1331 5245 .
1354 5235 1358 5244 .
1381 5233 1386 5244 .
1409 5235 1413 5244 .
1435 5191 1526 5266 plebis
1545 5215 1581 5246 ε
1599 5193 1635 5248 A.
