4042 6070
381 561 446 629 102
686 557 839 612 rucanas
865 557 1014 616 annun
1040 557 1232 614 onanusr.
1261 531 1532 616 rmcsrenruu.

378 702 521 778 timor,
547 701 709 783 terror,
741 707 951 790 (terrores
985 704 1145 790 dicitur),
1180 708 1372 785 insania,
1397 727 1541 794 sopor,
1572 710 1770 796 (sopores
1793 713 1848 776 di-

378 804 494 885 citur),
519 803 656 882 furor,
681 806 877 892 (pluraliter
897 808 1057 888 dicitur),
1087 809 1169 885 ius,
1197 807 1394 896 (pluraliter
1417 811 1511 874 iura
1532 815 1695 894 tantum),
1720 813 1846 877 iusti-

377 908 452 982 tia,
486 907 704 970 inoestitia
728 901 786 993 ¹⁸),
820 911 979 974 senium
1004 913 1133 992 μέριμνα
1156 899 1334 995 ptisanam,
1367 932 1551 991 maeror,
1581 919 1677 994 λύπη.
1703 913 1844 996 (Cicero

375 1009 557 1092 pluraliter
580 1010 705 1074 extulit
728 1012 765 1074 in
784 1031 849 1097 pro
874 1009 1036 1076 Cluentio
1066 1014 1197 1077 —sed
1221 1014 1451 1077 multorum
1481 1015 1844 1080 medicamentum

376 1115 630 1196 maerorum)
670 1149 715 1162 —
751 1115 1020 1200 scrupulum,
1052 1117 1287 1202 sapientia,
1319 1115 1449 1193 salus,
1482 1116 1610 1192 lides,
1634 1117 1841 1202 perfidia,

378 1215 549 1292 macies,
573 1216 744 1292 maciei,
769 1215 947 1294 inertia,
972 1217 1291 1295 misericordia,
1322 1205 1521 1301 segnitia,
1550 1219 1753 1304 pigritia,
1777 1241 1843 1282 ve·

377 1317 546 1394 locitas,
571 1318 767 1404 (pluraliter
787 1320 938 1400 dicitur),
967 1319 1027 1384 sed
1049 1332 1207 1385 auctores
1225 1339 1297 1384 non
1320 1340 1568 1406 usquequaque
1594 1323 1662 1385 hoc
1682 1321 1845 1387 observa·

377 1421 569 1504 t·eruut'9).

815 1694 890 1758 DE
942 1693 1405 1760 MONOPTOTIS.

267 1924 311 1974 etr.
328 1943 364 1978 aa.
464 1925 534 1986 150.
559 1921 647 1985 Sunt
666 1919 835 2006 quaedam
853 1922 996 1986 nomina
1014 1932 1086 1984 tota
1101 1922 1137 1984 in
1152 1919 1383 1984 declinatione
1399 1932 1433 1984 et
1446 1920 1635 2004 singularia
1649 1931 1683 1986 et
1696 1920 1845 2009 pluralia

374 2035 598 2108 monoptota,
622 2024 658 2086 in
679 2023 804 2108 quibus
827 2035 860 2086 et
881 2023 1080 2086 communia
1098 2013 1202 2088 ¹trium
1221 2041 1388 2106 generum
1406 2013 1447 2106 ³⁰)
1469 2035 1566 2100 sunt,
1589 2035 1628 2086 ut
1645 2043 1841 2108 nequam,
1911 2093 1913 2096 ,

374 2124 506 2208 frugi,
529 2145 680 2210 nugas,
705 2126 868 2212 pondo,
893 2147 1103 2213 quamquam
1127 2145 1251 2188 unum
1274 2124 1416 2210 pondo
1432 2143 1504 2186 uon
1521 2123 1591 2187 dici
1607 2126 1767 2202 sciamus,
1784 2126 1844 2191 sed

373 2227 410 2290 in
427 2226 552 2291 libram
573 2228 709 2304 referri,
740 2229 818 2292 duo
847 2229 939 2292 enim
971 2227 1115 2314 pondo
1145 2239 1179 2290 et
1201 2227 1284 2290 tria
1314 2225 1459 2312 pondo
1483 2237 1517 2289 et
1538 2226 1702 2313 deinceps
1724 2227 1843 2293 obser-

371 2348 502 2395 vamus.
1570 2385 1577 2402 ,

266 2437 310 2487 ct.
327 2455 363 2490 as.
393 2463 400 2474 ·
462 2435 529 2495 151.
554 2430 594 2494 ld
608 2451 748 2516 quoque
762 2431 1022 2495 observabimus
1038 2444 1076 2496 ut
1092 2433 1252 2517 quotiens
1266 2429 1309 2494 de
1324 2443 1447 2493 neutro
1462 2431 1659 2515 loquamur,
1684 2441 1843 2518 correpte

373 2530 527 2595 dicamus
551 2532 632 2596 duo
655 2532 777 2595 milia
800 2539 882 2612 παρὰ
910 2537 945 2596 τὸ
967 2525 1008 2615 ³¹)
1036 2539 1091 2596 δύο
1112 2537 1149 2597 in
1176 2544 1322 2597 accentu
1344 2533 1436 2596 enim
1458 2532 1582 2616 longo,
1607 2533 1685 2596 duo
1710 2534 1843 2596 honsi-

372 2653 457 2710 nes,
481 2633 599 2698 ambo
622 2635 827 2712 homines,
852 2634 995 2698 ambae
1017 2636 1359 2700 mulieresdicitur
1374 2628 1427 2717 31’),
1451 2634 1597 2710 nihili,
1622 2635 1690 2696 hoc
1711 2633 1843 2698 subus

371 2739 407 2797 ed
431 2739 619 2814 συοβόσιιιον
643 2738 735 2801 unde
758 2737 974 2814 subulcus,
1010 2740 1198 2814 suollo‘saos,
1235 2735 1374 2801 bubus
1400 2739 1591 2815 βουκόλων,
1627 2734 1845 2800 bubulcus

370 2841 530 2918 βουκόλος
547 2837 592 2919 ²²).

264 2949 309 3000 ct.
326 2954 361 3000 2³.
459 2945 530 3006 152.
555 2941 642 3004 Sunt
656 2940 824 3026 quaedam
840 2942 1027 3026 singularia
1046 2944 1332 3006 nominatantum
1351 2953 1567 3028 monoptota,
1593 2959 1681 3026 quae
1695 2940 1844 3026 pluralia

371 3063 443 3108 non
467 3044 612 3121 habent;
642 3057 721 3136 sunt
744 3058 858 3107 autem
880 3043 1067 3123 neutralia,
1099 3044 1161 3130 git
1184 3052 1370 3127 paraveras,
1403 3043 1483 3122 las,
1514 3063 1609 3130 pus,
1637 3043 1781 3105 instar
1809 3053 1845 3104 et
1933 3061 1938 3072 ·

371 3147 508 3211 similia.

264 3247 309 3298 ΟΒ·
325 3252 360 3300 ²³·
461 3252 531 3315 153.
568 3249 655 3312 Sunt
685 3249 854 3335 quaedam
885 3249 1106 3334 singulariter
1126 3260 1259 3312 tantum
1285 3259 1509 3333 monoptota,
1546 3266 1635 3330 quae
1651 3243 1846 3332 pluralibus

373 3351 508 3416 casibus
530 3352 715 3416 admittunt
736 3351 927 3416 naturalem
943 3352 1210 3418 declinationem
1231 3351 1343 3414 veluts
1367 3367 1496 3436 genu,
1527 3349 1640 3433 gelu,
1673 3359 1788 3412 testu
1809 3357 1847 3410 et

343 3491 345 3498 ,
371 3455 508 3520 similia.

204 3567 208 3578 '
264 3562 309 3615 ct.
325 3569 360 3617 ιδ.
459 3561 530 3622 154.
562 3555 650 3622 Sunt
676 3555 845 3642 quaedam
867 3557 994 3644 plurali
1016 3569 1149 3620 tantum
1174 3567 1381 3642 monoptota
1409 3555 1608 3618 communia
1631 3555 1668 3617 in
1688 3551 1846 3616 numeria

371 3661 503 3744 posita,
536 3671 613 3736 tot,
645 3673 762 3745 quot,
793 3660 963 3745 aliquot.
995 3659 1090 3723 llaec
1112 3658 1170 3722 alii
1195 3659 1286 3722 inter
1307 3657 1517 3745 pronomina
1536 3667 1746 3742 posueruut,
1781 3651 1846 3717 alii

372 3763 463 3825 inter
485 3761 658 3826 adverbia.
1520 3759 1524 3766 ⁴

266 3859 310 3908 Ul·
326 3864 361 3911 ²³·
460 3868 529 3927 155.
554 3863 642 3926 Sunt
660 3864 830 3948 quaedam
851 3883 940 3948 quae
962 3863 1184 3947 singulariter
1204 3883 1275 3925 uon
1296 3863 1332 3926 in
1357 3859 1518 3924 omnibus
1544 3858 1680 3924 casibus
1704 3857 1848 3935 cadunt,

371 3976 407 4028 at
424 3955 466 4047 ³³)
484 3963 653 4050 pluralem
671 3964 937 4030 declinationem
955 3965 1158 4028 sollemnem
1178 3964 1380 4041 admittunt,
1403 3962 1596 4028 frondem
1620 3975 1654 4026 et
1677 3961 1693 4024 l
1697 3959 1847 4036 ronde,

372 4049 537 4152 frugem
561 4078 595 4130 et
617 4066 757 4151 fruge,
780 4069 917 4131 vicem
942 4081 975 4130 et
996 4068 1088 4130 vice
1106 4059 1160 4149 Η).

265 4177 310 4227 ct.
327 4179 362 4226 2³.
460 4167 531 4233 156.
556 4167 643 4236 Sunt
664 4169 831 4254 quaedam
856 4189 944 4254 quae
964 4170 1232 4233 declinationem
1250 4175 1324 4232 uon
1341 4167 1546 4246 admittunt,
1579 4169 1615 4230 iu
1633 4163 1849 4252 quibusdam

406 4551 445 4625 Ἰ)
474 4555 665 4608 moestitia-
683 4554 802 4607 mestitia
824 4553 891 4608 cod.
913 4558 948 4622 ¹⁹)
968 4551 1180 4634 obserqaverunt
1200 4581 1232 4593 -
1251 4548 1467 4606 observaberunt
1487 4553 1554 4605 coct.
1573 4549 1608 4620 1ο)
1622 4567 1751 4620 generum
1773 4551 1854 4603 cod.

477 4663 511 4695 ex
530 4663 579 4696 ene.
598 4663 639 4712 pr.
659 4661 693 4695 m.
724 4659 822 4713 genera
844 4642 911 4696 cot.
932 4661 949 4694 a
965 4660 1008 4712 pr.
1027 4659 1063 4693 m.
1083 4643 1119 4712 ³¹)
1137 4640 1178 4691 lta
1200 4639 1266 4692 Cod.
1295 4639 1333 4711 ¹¹)
1348 4637 1451 4692 dicitur
1467 4666 1503 4682 -
1522 4636 1541 4691 d
1562 4639 1629 4692 aad.
1652 4637 1688 4707 μ)
1705 4647 1733 4690 at
1751 4666 1788 4680 -
1808 4636 1857 4690 ad

481 4733 547 4785 Cod.
569 4733 606 4803 Η)
624 4731 712 4784 vicera
726 4739 754 4786 et
769 4731 827 4784 vice
842 4761 877 4776 --
889 4731 978 4802 rigam
992 4736 1021 4781 et
1034 4729 1095 4800 rige
1112 4727 1178 4782 cot.
1211 4741 1215 4750 ·

415 4869 444 4928 a)
471 4869 583 4945 μέριμνα
607 4869 705 4941 ψυχική
727 4873 838 4925 omnino
865 4879 931 4942 post
956 4873 1091 4924 moestitia
1109 4863 1287 4922 scribendum
1305 4867 1412 4929 babeat,
1429 4866 1568 4920 noluimus
1588 4874 1679 4918 tamen
1697 4863 1760 4918 loce
1780 4881 1859 4922 mo-

476 4971 549 5015 rere,
574 4953 611 5008 ob
629 4955 704 5008 illam
721 4957 804 5012 Nonii
824 4957 947 5012 Marcelli
972 4977 1000 5029 p.
1022 4963 1046 5014 l.
1066 4957 1152 5010 Mare.
1179 4955 1448 5028 interpretationem:
1475 4955 1589 5010 Senium
1610 4965 1650 5006 eat
1674 4953 1798 5006 taedium
1827 4971 1862 5011 ea

415 5059 420 5070 ·
478 5041 570 5094 odiunt
589 5041 719 5094 Ceterum
737 5044 810 5115 apud
830 5043 984 5100 Charisiuna
1002 5045 1020 5099 l.
1041 5063 1064 5100 c.
1083 5047 1206 5106 Sanisene,
1227 5046 1320 5097 asnide
1332 5046 1447 5098 morbus.
1468 5046 1495 5114 l)
1515 5045 1575 5098 Hos
1587 5043 1680 5104 salua,
1700 5049 1729 5092 et
1743 5041 1865 5108 lulum,

478 5130 532 5182 nisi
550 5129 607 5184 aiut
625 5140 761 5202 corrupta,
779 5149 864 5185 novae
883 5143 963 5186 emat
979 5133 1082 5187 formae
1099 5129 1197 5186 lexicis
1215 5128 1367 5184 addendae.
1394 5131 1525 5186 Ceterum
1549 5139 1637 5184 totum
1656 5126 1710 5180 ltoc
1729 5125 1862 5184 addita-

475 5207 630 5272 manturna
655 5235 723 5274 voce
741 5219 818 5275 attia·
836 5219 871 5273 ad
890 5220 969 5274 finem
988 5217 1149 5292 paragraphi
1169 5215 1309 5274 Charisius
1327 5235 1384 5274 non
1402 5220 1534 5291 agnoscit.
