4036 6068
409 513 480 588 m
661 509 666 528 ’
863 513 1423 574 rnoersnsurnon.

409 659 516 726 modo
544 660 611 726 iter
638 656 820 748 fignificat.
847 665 974 728 Ariee
1002 683 1087 730 vero
1115 665 1222 732 modo
1252 667 1400 744 animal,
1427 663 1535 728 modo
1570 661 1767 726 machinam
1796 659 1881 724 belli

409 761 640 842 demonstran
664 763 714 828 sic
737 775 771 828 et
794 776 909 830 cetera
929 765 1012 830 talie
1028 759 1066 850 ⁸).

493 868 567 932 473.
598 865 688 930 Sunt
715 868 860 932 nomina
888 869 1062 954 positione
1092 869 1298 954 singularia,
1326 868 1505 935 intellectu
1525 865 1693 954 pluralia,
1716 877 1753 930 ut
1775 877 1880 952 puta:

408 967 610 1054 populus,
633 967 778 1054 plebe,
800 971 972 1046 concio;
996 970 1090 1054 stov)
1112 983 1147 1036 et
1170 985 1283 1036 cetera
1306 973 1399 1038 talia.

494 1071 566 1136 474.
597 1068 687 1134 Sunt
723 1071 868 1136 nomina
901 1071 1075 1158 positione
1100 1075 1141 1159 Ι’)
1175 1073 1340 1160 pluralia,
1377 1071 1558 1138 intellectu
1594 1068 1804 1155 singularia,
1845 1079 1885 1132 ut

303 1139 332 1187 γ’
347 1137 509 1258 ²4⁰·putez
532 1171 662 1236 Baiae
679 1173 732 1255 ¹¹),
752 1184 909 1250 castrat
934 1175 985 1240 eic
1006 1161 1042 1238 et
1063 1187 1178 1240 cetera
1192 1177 1285 1241 talia.

413 1329 415 1338 ,
494 1275 568 1340 475.
598 1273 687 1338 Sunt
715 1275 878 1351 nomina,
909 1296 998 1361 quae
1020 1289 1138 1363 aptota
1160 1278 1398 1365 appellantur,
1422 1277 1490 1340 hoc
1512 1287 1582 1353 est,
1606 1293 1695 1360 quse
1717 1293 1783 1359 per
1805 1291 1882 1336 om-

408 1393 471 1440 nee
492 1394 591 1440 casue
610 1376 651 1458 ”)
673 1393 744 1440 nno
770 1369 812 1459 ¹³)
834 1378 1009 1442 schemate
1026 1369 1065 1460 ¹⁴)
1089 1379 1325 1454 declinantur,
1348 1389 1388 1442 ut
1409 1389 1511 1464 putas

492 1477 639 1542 Numeri
668 1477 877 1562 singularis:
906 1479 1123 1545 nominativo
1155 1499 1356 1566 nequam,
1391 1478 1554 1563 genetivo
1587 1496 1783 1562 nequam,
1821 1475 1883 1538 da·

408 1579 481 1642 tivo
521 1598 727 1664 nequem,
775 1583 972 1646 accusativo
1014 1602 1217 1667 nequam,
1275 1580 1436 1646 vocativo
1481 1599 1689 1667 nequam,
1728 1576 1882 1642 ablativo

407 1699 600 1765 nequam;
634 1681 772 1746 numeri
799 1682 961 1769 pluralis:
1006 1685 1222 1750 nominativo
1263 1703 1462 1770 nequem,
1496 1682 1659 1768 genetivo
1681 1697 1882 1764 nequam,

408 1781 526 1856 dasiro
570 1801 768 1868 nequam,
811 1785 1009 1850 accusativo
1050 1807 1255 1875 nequam,
1293 1785 1456 1851 vocativo
1499 1801 1695 1870 nequam,
1732 1779 1886 1846 ablativo

377 1903 600 1971 nequam.

494 1989 568 2056 476.
600 1987 689 2055 Sunt
713 1990 876 2069 nomina,
905 2011 994 2078 quae
1022 2003 1230 2079 monoptota
1259 1989 1479 2077 appellantur
1501 1985 1563 2074 ¹¹),
1593 1991 1662 2053 hoc
1684 2000 1753 2062 eet,
1788 2005 1878 2070 quae

385 2075 516 2153 'unum
536 2110 654 2158 casum
673 2090 801 2157 habere
816 2095 1048 2179 reperiuntur,
1072 2107 1204 2158 tantum
1223 2085 1275 2175 ¹⁶),
1298 2105 1337 2156 ut
1357 2103 1459 2178 putas
1481 2091 1532 2158 ab
1554 2083 1633 2156 isac
1650 2090 1691 2173 ¹⁷)
1714 2099 1883 2174 sponte,

315 2177 389 2232 “⁰¹³‘-
410 2190 601 2270 ilamine,
623 2191 640 2226 ⁴
654 2193 691 2258 id
713 2205 783 2272 eet,
806 2197 888 2260 flatu
909 2209 1112 2272 ventorum,
1135 2207 1171 2260 et
1192 2207 1307 2259 cetera
1327 2194 1420 2260 talia.
1798 2223 1801 2226 ·

494 2298 568 2362 477.
590 2295 695 2361 Nunc
717 2297 821 2361 etiarn
844 2299 913 2363 hoc
934 2309 1133 2377 mortemue,
1158 2297 1253 2385 quod
1275 2297 1345 2362 aiut
1366 2296 1496 2382 aliqui,
1519 2295 1582 2382 qni
1604 2306 1640 2358 et
1661 2288 1702 2378 ¹⁸)
1724 2290 1774 2356 eh
1797 2291 1885 2353 hoc

408 2394 606 2475 llamiue,
636 2399 673 2462 id
701 2411 770 2478 est,
800 2399 907 2464 flatu
935 2413 1178 2477 ventorum,
1208 2411 1326 2485 uptote
1352 2397 1539 2464 voluerunt
1565 2397 1603 2478 ¹⁹)
1627 2393 1796 2480 singulari
1817 2405 1885 2456 ntr-

409 2517 507 2563 mero
529 2499 767 2584 pronuntiari;
790 2513 826 2566 at
846 2521 930 2566 vero
952 2502 1134 2589 pluraliter
1153 2500 1339 2565 ilamina
1358 2500 1529 2566 declinari
1548 2500 1602 2581 ¹⁰).

495 2602 570 2665 478.
599 2598 687 2664 Sunt
714 2603 873 2679 nomina,
905 2625 1055 2689 quorum
1084 2605 1183 2691 prior
1203 2623 1284 2690 part
1307 2601 1522 2680 declinatur,
1551 2617 1697 2686 sequent
1719 2619 1804 2664 vero
1829 2599 1885 2662 in-

412 2699 553 2764 mobilia
576 2703 789 2780 continetur,
812 2717 973 2792 utputa:
1810 2725 1813 2730 '

494 2802 641 2868 Numeri
670 2805 874 2890 singularis:
905 2803 976 2872 hic
1005 2805 1249 2894 praelectus
1278 2807 1584 2894 praetorio²'),
1613 2803 1736 2868 lanius
1757 2821 1884 2887 prae-

410 2901 514 2968 lecti
541 2907 781 2992 praetorio,
811 2909 910 2972 huic
936 2908 1158 2995 praelecto
1187 2909 1430 2996 praetorio,
1467 2910 1577 2972 huuc
1610 2903 1883 2992 praelectum

409 3007 652 3093 proeterio,
682 3029 703 3074 o
733 3009 956 3095 praefecte
985 3011 1294 3098 praetorio⁸¹),
1323 3009 1371 3075 ab
1403 3012 1486 3075 hoc
1515 3008 1738 3096 praelecto
1759 3026 1883 3091 prae·

409 3109 541 3188 torio;
572 3121 608 3175 et
634 3109 830 3196 pluraliter:
862 3113 905 3202 lsi
934 3113 1423 3200 praefectipraetorio,
1458 3114 1606 3176 horum
1633 3107 1881 3197 praelecto·
1961 3139 1972 3154 ·

410 3228 503 3275 rum
524 3213 759 3299 praetorio,
784 3214 848 3278 hie
868 3215 1106 3300 praelectis
1128 3215 1366 3301 praetorio,
1389 3216 1466 3278 hoe
1487 3212 1736 3300 praelectae
1757 3229 1882 3296 pree·

410 3313 546 3393 torio,
578 3334 599 3379 o
628 3315 854 3400 praelecti
881 3317 1124 3403 praetorio,
1153 3315 1203 3380 ab
1224 3318 1292 3382 hie
1313 3316 1560 3404 praelectis
1583 3312 1824 3402 praetorio,
1847 3323 1882 3376 et

411 3427 526 3480 cetera
547 3415 639 3484 talia.
651 3412 694 3502 ³³)

496 3505 569 3588 479.
593 3517 684 3584 Sane
706 3521 810 3584 etiam
833 3523 901 3586 hoc
923 3541 1124 3598 monemus,
1148 3519 1244 3606 quod
1265 3520 1482 3607 praelecti
1498 3507 1559 3604 ¹⁴),
1587 3530 1737 3604 excepto
1759 3537 1881 3602 prae-

409 3621 541 3699 torio,
570 3623 608 3685 in
631 3622 707 3686 aliie
731 3622 833 3686 rebus
855 3641 926 3686 nou
949 3635 1084 3687 tontum
1107 3624 1241 3703 dativo,
1265 3624 1327 3690 ted
1349 3636 1384 3687 et
1405 3623 1567 3708 genetivo
1590 3622 1789 3706 iungantur.
1822 3617 1883 3684 Sic

411 3733 445 3786 et
466 3721 598 3788 tribuni
619 3723 733 3811 plebis
750 3719 793 3806 ²⁵)
817 3725 1081 3790 considerantur
1097 3718 1149 3808 ¹⁰).

496 3829 568 3892 480.
593 3825 682 3890 Sunt
703 3827 864 3903 nomina,
888 3847 1037 3912 quorum
1059 3829 1234 3914 posterior
1253 3847 1335 3914 pare
1357 3827 1567 3904 declinatur,
1596 3827 1711 3913 prima
1730 3825 1773 3907 ²⁷)
1795 3842 1882 3888 vero

409 3925 589 3992 inmobilis
605 3921 647 4008 ²⁸)
671 3930 885 4006 continetur,
908 3942 947 3994 ut
968 3941 1051 4015 puta
1068 3933 1127 4013 “’)ι

462 4216 486 4287 Ι)
512 4215 589 4270 tic..
602 4253 626 4271 ..
646 4214 710 4270 talis
728 4219 760 4272 Β.
781 4219 818 4274 V.
836 4241 873 4269 =
891 4220 927 4274 A.
946 4221 971 4291 ⁹)
990 4219 1032 4273 eie
1048 4221 1081 4274 Β.
1102 4221 1138 4276 V.
1155 4243 1193 4270 ε
1210 4221 1246 4274 A.
1268 4221 1303 4290 ”)
1312 4218 1451 4291 positione
1469 4219 1502 4273 B.
1518 4220 1556 4276 V.
1572 4219 1608 4272 A.
1628 4245 1663 4260 -
1680 4215 1885 4290 propositione

517 4306 549 4358 P.
579 4305 614 4377 ¹¹)
633 4303 712 4358 Baiae
731 4307 767 4362 V.
782 4308 813 4360 Ρ.
831 4337 868 4348 -
884 4304 998 4359 balneae
1016 4308 1049 4365 Β.
1076 4309 1104 4379 (e
1120 4311 1282 4380 glossemate
1300 4321 1331 4362 ut
1349 4309 1467 4378 videtur)
1485 4337 1522 4352 «-
1540 4304 1607 4358 hoec
1625 4306 1662 4359 A.
1691 4307 1727 4378 Ι“)
1747 4323 1829 4358 usne
1848 4307 1884 4358 B.

516 4393 554 4447 A.
572 4423 610 4434 —
627 4409 726 4446 menos
745 4395 781 4449 V.
803 4396 837 4468 ”)
856 4411 911 4448 nuo
929 4397 963 4448 Β.
976 4396 1013 4450 V.
1025 4396 1108 4449 A.=
1127 4397 1157 4449 P.
1178 4398 1213 4468 ¹⁴)
1228 4393 1365 4449 schemate
1383 4397 1463 4451 ΒΡ.
1481 4395 1519 4448 A.
1538 4425 1575 4438 -
1591 4411 1661 4446 sono
1680 4394 1710 4446 P.
1732 4393 1769 4464 ¹⁵)
1785 4389 1887 4464 eppei·

515 4479 609 4535 lentur
626 4483 658 4536 Β.
678 4481 715 4537 V.
733 4484 766 4538 P.
785 4513 821 4526 -
839 4481 1014 4538 declinantur
1038 4484 1076 4538 A.
1105 4485 1141 4556 ¹⁶)
1166 4493 1272 4538 tentum
1292 4484 1328 4537 V.
1348 4484 1380 4536 Ρ.
1397 4506 1435 4532 =
1453 4483 1482 4536 B.
1501 4482 1538 4537 A.
1560 4484 1595 4551 ¹²)
1613 4477 1665 4534 hee
1682 4483 1714 4536 Β.
1735 4481 1771 4536 V.
1789 4501 1827 4532 =
1845 4481 1885 4534 A.

520 4573 555 4645 ”)
574 4571 624 4644 qui
642 4579 671 4624 et
689 4571 726 4626 V.
744 4603 780 4614 ·-
798 4572 847 4644 qui
866 4574 918 4644 (=
935 4577 974 4642 et)
993 4574 1026 4627 P.
1045 4601 1081 4616 -
1098 4581 1128 4626 et
1146 4575 1193 4642 (..-.-
1211 4572 1272 4645 qui)
1290 4573 1326 4625 A.
1356 4571 1390 4642 ¹⁹)
1406 4578 1500 4644 uptote
1518 4567 1664 4624 voluerunt
1683 4571 1720 4625 V.
1738 4569 1771 4622 Ρ.
1789 4591 1827 4616 =
1845 4569 1885 4622 A.

519 4664 555 4732 ⁸⁰)
573 4677 649 4712 nnnc
667 4659 749 4712 etiem
764 4696 871 4714 .....
889 4657 1022 4712 declinari
1040 4661 1076 4716 V.
1096 4661 1133 4714 A.
1152 4662 1184 4714 P.
1202 4683 1239 4712 ε
1256 4660 1288 4712 Β.
1309 4660 1346 4729 ”)
1366 4659 1504 4729 praetorio
1524 4659 1560 4713 V.
1580 4657 1616 4713 A.
1636 4685 1670 4702 ·-
1688 4657 1828 4728 praeturio
1847 4657 1883 4708 B.

517 4762 604 4802 comt.
625 4753 662 4818 ”)
681 4766 699 4799 o
717 4750 855 4818 praefecte
874 4747 1013 4820 praetorio
1032 4748 1069 4805 V.
1088 4747 1124 4801 A.
1143 4778 1180 4789 —
1198 4767 1214 4800 o
1234 4746 1371 4819 praefecte
1390 4746 1527 4816 praeturie
1545 4747 1578 4800 Β.
1606 4746 1644 4817 ”)
1663 4753 1692 4798 et
1710 4752 1801 4798 cetera
1819 4741 1888 4795 talis

516 4835 550 4890 Β.
570 4839 606 4892 V.
625 4857 663 4886 =
680 4836 716 4890 A.
737 4838 774 4909 ¹⁴)
794 4836 926 4908 preelecti
946 4837 981 4890 V.
1000 4836 1031 4888 P.
1050 4867 1085 4878 -—
1103 4836 1222 4907 profecti
1240 4836 1277 4889 A.
1307 4836 1343 4905 ¹⁵)
1362 4831 1453 4906 plebis
1471 4835 1507 4890 A.
1527 4865 1563 4876 -
1581 4830 1658 4905 plebi
1676 4834 1713 4889 V.
1734 4834 1770 4902 ¹⁶)
1790 4832 1888 4884 eonsi-

518 4920 648 4976 dersutur
667 4925 703 4980 V.
722 4926 753 4978 Ρ.
771 4955 807 4968 -
825 4921 1016 4978 consideratur
1033 4926 1070 4979 A.
1092 4925 1217 4978 Ceterum
1236 4936 1309 4978 totus
1326 4923 1370 4976 lsio
1388 4925 1478 4975 loeus:
1504 4921 1577 4976 Sene
1597 4921 1698 4974 etiarn.
1717 4957 1724 4972 .
1741 4956 1748 4972 .
1765 4955 1772 4970 .
1790 4919 1889 4971 conei-

519 5006 664 5076 detenter,
687 5031 702 5066 e
719 5016 883 5086 glossemate
901 5025 976 5066 ortus
993 5037 1030 5064 =
1047 5019 1076 5067 itt
1094 5014 1143 5081 B.,·
1159 5019 1191 5067 in
1210 5013 1239 5066 V
1238 5048 1245 5065 .
1265 5025 1292 5066 et
1311 5012 1346 5065 A.
1365 5013 1437 5064 mete
1454 5023 1521 5065 onte
1537 5010 1701 5082 paradigma
1717 5009 1890 5080 praecedens

520 5099 679 5154 mlloeetur.
706 5104 742 5172 ⁸⁷)
769 5100 856 5173 prima
880 5101 915 5154 B.
937 5102 971 5152 V.
991 5103 1021 5156 Β.
1040 5133 1076 5146 -·
1093 5099 1233 5174 posterior
1250 5099 1285 5155 A.
1313 5101 1348 5170 ²⁸)
1367 5097 1508 5154 inmobilis
1530 5100 1566 5155 V.
1585 5100 1620 5153 A.
1640 5123 1674 5140 ·-
1694 5094 1832 5150 inmovilis
1853 5097 1889 5149 Β.

521 5187 556 5252 ”)
575 5191 606 5236 nt
623 5193 689 5255 puta
707 5187 739 5240 Β.
761 5189 796 5243 V.
817 5189 846 5244 P.
866 5209 902 5238 =
920 5189 954 5242 A.
