4020 6068
383 531 430 599 12
539 587 543 596 .
840 507 885 586 ir.
912 517 1091 589 cnsunl
1117 529 1424 598 ¹sicarium-ts

474 661 715 752 lnperaonalia
750 665 823 728 sive
856 663 1006 748 supina:
1041 660 1235 737 amandi,
1263 663 1471 738 amando,
1506 665 1739 733 amandum.
1772 671 1865 736 llaec

386 793 406 837 a
431 766 648 856 quibusdam⁸
661 763 832 850 gerundia
850 763 1072 851 appellantur
1092 763 1133 846 ⁶).

476 869 554 932 lloe
579 867 685 932 modo
712 865 979 930 declinabuntur
1007 866 1125 928 omnia
1150 863 1256 930 verba
1278 864 1337 930 ·0·
1361 865 1475 932 littera
1497 871 1681 936 terminata
1709 877 1865 963 exceptis

390 971 554 1040 defectivi
574 969 731 1052 gener-is,
758 981 798 1030 nt
826 968 904 1042 fio,
927 967 1070 1030 faetus
1101 987 1202 1031 sum.

476 1078 527 1139 45.
564 1069 705 1134 AMOR
738 1068 941 1133 VERBUM
977 1067 1227 1133 PASSIVUM.
1262 1065 1456 1135 Indioativo
1486 1072 1592 1138 :trodo
1625 1074 1681 1138 vel
1709 1077 1862 1152 linitivo,

388 1190 547 1261 tempore
569 1173 760 1257 praesenti,
773 1172 910 1234 numeri
927 1170 1129 1255 singularia:
1154 1189 1292 1247 amor,
1311 1173 1495 1251 amaris,
1520 1195 1583 1238 am
1596 1189 1715 1254 atur,
1738 1191 1772 1242 et
1786 1180 1864 1265 plu-

393 1279 527 1344 raliter:
552 1293 757 1350 amamur,
782 1272 1008 1348 amamini,
1031 1283 1238 1362 amantur.

474 1375 610 1440 Eodem
635 1374 741 1439 modo
770 1386 929 1459 tempore
960 1377 1147 1459 praeterito
1174 1373 1383 1460 inperfecto:
1412 1377 1602 1456 amabar,
1626 1380 1861 1458 amaberis,

389 1481 635 1554 amabatur,
679 1488 713 1538 et
735 1475 940 1562 pluraliter:
978 1477 1229 1546 amabamus
1271 1477 1550 1556 emulamini,
1595 1483 1861 1548 amabantur.
1936 1533 1942 1546 .

473 1583 607 1648 Eodem
628 1580 733 1643 modo
746 1580 935 1665 praeterito
948 1579 1121 1664 perfecto:
1145 1590 1312 1643 amatus
1329 1600 1419 1643 sum
1440 1581 1497 1660 yel
1519 1582 1603 1660 fui,
1627 1598 1790 1649 amatus
1812 1608 1861 1650 es

388 1687 444 1752 vel
461 1685 663 1764 fuistin),
682 1694 846 1744 amatus
864 1681 996 1746 estrei
1009 1681 1104 1758 fuit,
1128 1694 1161 1744 et
1176 1680 1519 1766 pluralitemamati
1543 1705 1689 1750 sumus
1709 1687 1766 1753 vel
1781 1687 1865 1752 fui-

387 1809 499 1864 mus,
523 1785 654 1850 amati
674 1785 793 1859 estis,
810 1783 981 1860 fuistis,
998 1785 1127 1848 amati
1156 1797 1275 1860 sunt,
1299 1782 1496 1850 fuerunt.

470 1889 604 1953 Eodem
622 1886 726 1951 modo
748 1899 906 1972 tempore
928 1885 1515 1973 praeteritoplusquamperfecto:
1540 1901 1704 1956 amatus
1733 1911 1863 1966 eram,

386 1992 568 2066 fueram,
593 1990 725 2054 amati
745 1989 865 2064 estis,
887 1987 1062 2065 fuistis,
1086 1989 1216 2052 amati
1233 2001 1350 2065 sunt,
1374 1988 1552 2052 fuerunt
1574 1990 1614 2071 ᾗ).

466 2091 601 2155 Eodem
617 2090 723 2154 modo
735 2104 896 2175 tempore
915 2089 1029 2154 futuro
1047 2083 1163 2174 specie
1186 2091 1411 2176 promissiva:
1436 2085 1681 2177 amabor⁰⁰),
1701 2093 1865 2159 amabe-

378 2193 498 2258 beris
521 2187 581 2274 ⁸¹),
607 2191 827 2258 amabitur
854 2187 916 2274 ⁸²),
952 2205 986 2258 et
1007 2192 1203 2279 pluraliter:
1233 2192 1475 2257 amabimur
1495 2186 1559 2274 ⁸³),
1589 2196 1862 2272 amabimini,

382 2294 658 2360 amabuntur.

466 2397 575 2461 Modo
610 2397 816 2482 imperativo
845 2409 1003 2482 tempore
1023 2396 1199 2480 praesenti
1226 2394 1271 2457 ad
1298 2394 1485 2459 secundam
1516 2408 1551 2460 et
1576 2399 1713 2463 tertiam
1742 2419 1863 2485 perso-

380 2517 479 2562 nam:
500 2519 657 2576 amare,
673 2509 862 2574 ametur:
880 2508 914 2559 et
931 2495 1112 2582 pluraliter
1128 2497 1172 2561 ad
1192 2515 1312 2560 omues
1328 2485 1387 2578 Ὃς
1407 2517 1615 2577 amemur,
1640 2504 1862 2578 amemini,

381 2613 587 2664 amentur.

469 2702 603 2766 Eodem
627 2700 734 2764 modo
756 2711 914 2784 tempore
939 2697 1054 2763 futuro
1077 2698 1122 2764 ad
1153 2697 1341 2763 secundam
1366 2710 1401 2762 et
1430 2701 1584 2764 tertiam:
1609 2718 1778 2770 amator
1799 2720 1862 2780 tu,

381 2816 548 2866 ametur
600 2803 708 2880 ille,
744 2814 780 2868 et
831 2800 1014 2886 pluraliter
1048 2801 1092 2866 ad
1128 2792 1320 2881 omnes⁸⁵)
1357 2821 1558 2881 amemur,
1595 2807 1863 2882 ameminor,

381 2917 584 2968 amentur
607 2907 645 2987 ⁶).

463 3009 573 3073 Modo
587 3006 742 3092 optativo
761 3006 1107 3091 temporepraesenti
1123 3018 1157 3071 et
1177 3005 1365 3092 praeterito
1384 3005 1592 3091 inperfecto:
1606 3010 1739 3074 utinam
1753 3030 1861 3074 ama-

379 3131 466 3187 rer,
498 3111 736 3185 amareris,
761 3120 1004 3187 amaretur,
1028 3120 1064 3172 et
1085 3109 1282 3195 pluraliter:
1307 3111 1441 3174 utinam
1467 3129 1721 3187 amaremur,
1753 3132 1857 3176 ama-

379 3215 549 3291 remini,
580 3221 834 3278 amarentur.
1840 3273 1843 3282 ,

462 3319 596 3384 Eodem
609 3316 714 3380 modo
729 3327 885 3397 tempore
902 3313 1090 3396 praeterito
1105 3313 1276 3399 perfeeto:
1292 3317 1425 3380 utinam
1440 3327 1607 3380 amatus
1626 3306 1768 3396 sim⁸⁶),
1780 3316 1858 3390 sis,

378 3422 455 3497 sit,
475 3421 648 3496 fuerim,
673 3417 832 3491 fueris,
853 3414 1003 3491 fuerit,
1029 3428 1063 3478 et
1081 3416 1282 3501 pluraliter:
1307 3419 1437 3482 amati
1459 3420 1609 3496 simus,
1634 3419 1857 3492 fuerimus,

378 3525 505 3587 amati
525 3525 657 3598 sitis,
680 3518 879 3594 fueritis,
903 3518 1035 3581 amati
1058 3520 1163 3598 sint,
1186 3522 1365 3586 fuerint.

459 3626 593 3690 Eodem
619 3622 724 3688 modo
757 3633 914 3704 tempore
935 3621 1123 3704 praeterito
1152 3622 1512 3710 plusquamperfecto:
1539 3626 1672 3688 utinam
1695 3635 1856 3688 amatus

377 3749 533 3804 essem,
557 3747 694 3802 esses,
718 3734 848 3798 esset,
869 3721 1059 3796 fuissem,
1086 3721 1262 3803 fuisses,
1280 3726 1462 3802 fuisset,
1486 3727 1618 3790 amati
1641 3745 1855 3800 essemus,

376 3832 556 3906 essetis,
586 3838 755 3902 essent,
776 3824 1038 3896 fuissemus,
1067 3823 1287 3903 fuissetis,
1319 3826 1523 3892 fuissent.

456 3931 590 3993 Eodem
607 3929 712 3992 modo
737 3939 894 4009 tempore
913 3923 1049 3986 futuro:
1074 3927 1207 3990 utinam
1224 3949 1350 4005 amer,
1369 3923 1546 4007 ameris,
1564 3944 1741 4008 ametur,
1767 3929 1850 3994 uti--

373 4049 469 4094 nam
491 4050 693 4105 amemur,
724 4026 941 4100 amemini,
983 4040 1194 4093 amentur.

455 4131 565 4195 Modo
589 4130 809 4194 subiunctivo
828 4123 884 4193 ¹uel
900 4121 939 4208 ⁸⁷)
963 4130 1187 4194 coniunctivo
1210 4146 1368 4219 tempore
1393 4135 1584 4219 praesenti:
1607 4155 1686 4198 cum
1715 4153 1850 4209 amer,

373 4236 543 4309 ameris,
570 4243 760 4308 ametur,
785 4232 1028 4316 etpluraliter:
1047 4253 1346 4312 cumamemur,
1371 4239 1603 4315 amemini,
1636 4248 1849 4300 amentur.

257 4369 357 4424 gna„
454 4337 588 4400 Eodem
597 4334 702 4398 modo
712 4347 867 4423 tempore
875 4329 1062 4423 praeterito
1076 4337 1310 4422 inperfecto:*
1326 4360 1405 4402 eum
1422 4361 1482 4404 am
1494 4361 1564 4405 are
1575 4361 1602 4417 r,
1620 4359 1680 4402 am
1692 4340 1850 4413 arerie,

370 4451 605 4516 amaretur,
630 4451 664 4502 et
680 4441 876 4526 pluraliter:
900 4462 980 4506 eum
997 4461 1262 4518 amaremur,
1285 4444 1552 4522 emeremini,
1575 4453 1847 4508 amarentur·

407 4760 443 4832 ¹⁹)
462 4763 644 4816 fuisti-fuis
665 4758 782 4832 cod.⁸·)
801 4757 1073 4816 amabor—amaror
1094 4763 1163 4838 Caci.
1175 4764 1213 4834 ΙΙ)
1234 4759 1545 4818 amaberis-amaveris
1558 4765 1625 4818 eod.
1645 4759 1683 4832 81)
1703 4757 1838 4814 amabitur

477 4881 513 4892 -
528 4850 659 4904 emetitur
679 4851 747 4904 eod.
772 4844 809 4922 ⁸³)
820 4847 971 4903 amabimur
982 4883 1018 4894 -
1034 4854 1181 4906 amarimur
1203 4853 1271 4907 eod.
1291 4853 1327 4923 ⁸⁴)
1345 4851 1380 4904 ed
1399 4870 1494 4908 omues
1506 4883 1543 4896 -·-
1553 4852 1641 4905 omnis
1654 4851 1721 4906 Geel.
1740 4871 1777 4902 =
1793 4845 1845 4911 ed,

472 4937 547 5008 qued
564 4937 603 4990 arf
620 4955 744 4991 normam
761 4957 825 4992 mea
841 4947 1010 5011 sequentium
1037 4944 1219 5012 supplevimus
1246 4935 1285 5010 ⁸⁵)
1311 4938 1347 4991 ud
1371 4957 1467 4994 omnes
1482 4938 1568 4992 -ed
1593 4941 1682 4994 omnis
1711 4938 1779 4993 eod.
1799 4930 1844 5007 ⁸⁶)

472 5031 577 5076 amatus
599 5024 653 5080 eina
666 5055 702 5066 -
719 5035 823 5080 amatus
838 5038 946 5084 'matus
964 5030 1018 5082 sin:
1037 5031 1105 5084 Geel.
1120 5023 1160 5101 ο7)
1179 5025 1223 5080 val
1243 5029 1407 5100 Oodsupra
1425 5030 1562 5100 adscripto
1571 5029 1629 5084 sive
1648 5049 1666 5082 a
1683 5049 1726 5100 pr.
1746 5045 1780 5080 m.

401 5113 429 5181 a)
444 5108 560 5166 Cledon.
577 5116 655 5172 1870.
666 5124 695 5168 et
712 5119 790 5175 1873.
810 5117 841 5169 P.
851 5117 937 5170 Prisc.
956 5118 1031 5172 v111.
1042 5117 1229 5180 lma-li·
1248 5117 1396 5187 Pompeius
1409 5121 1470 5176 273.
1489 5117 1522 5173 1..
1542 5117 1627 5190 falsie
1640 5118 1708 5172 eod.
1723 5113 1838 5170 diserte.

469 5201 495 5272 e)
514 5206 678 5266 amenum,
701 5215 833 5259 ameum.
853 5201 901 5258 Sic
922 5205 988 5260 Coti.
1016 5225 1066 5280 pro
1086 5212 1255 5268 ameminor,
1275 5218 1412 5278 mentor.
