4022 6068
387 565 451 638 ΗΒ
710 556 898 614 INCEll‘l'l
925 553 1251 612 suscitemur!
1284 553 1342 608 ut:
1368 550 1528 608 venito

384 712 440 776 vel
463 710 501 773 ·1·
522 707 647 772 litteris
668 707 835 769 liniuntur
857 705 939 769 solis
957 706 999 789 ¹¹)
1020 705 1225 768 auctoritate
1246 702 1302 768 vel
1325 701 1547 780 lectionibus,
1570 721 1635 766 neo
1651 703 1755 768 ullius
1770 725 1855 769 nor·-
1999 676 2000 768 i

385 835 462 878 mae
484 813 560 896 lege
584 812 782 884 diruantur,
805 821 843 871 ut
866 829 973 886 sum,
998 829 1058 884 es,
1088 819 1170 883 est,
1195 825 1353 892 quaeque
1375 825 1422 867 ex
1444 824 1485 868 eo
1510 820 1786 890 componuntur,
1816 823 1857 872 ut

385 917 555 990 adsum,
579 931 768 998 prosum,
792 910 952 987 desum,
974 930 1173 996 possum,
1196 922 1334 995 potes,
1357 918 1520 992 potest;
1544 907 1686 972 taedet
1707 901 1758 992 ¹³),
1782 932 1855 996 pu-

385 1021 471 1095 det,
502 1019 640 1104 piget,
671 1013 792 1088 licet,
821 1013 1018 1090 miseret,
1049 1014 1248 1098 poenitet
1278 1001 1337 1094 ¹⁴);
1376 1009 1466 1085 odi,
1501 1011 1619 1087 novi,
1657 1013 1855 1091 memini,

386 1139 474 1206 quae
498 1119 600 1182 etiam
630 1115 799 1180 defectiva
826 1114 1007 1190 dicuutur,
1037 1115 1131 1200 quod
1153 1115 1314 1202 plurimis
1337 1111 1514 1186 deficiant,
1537 1126 1576 1175 ut
1599 1115 1856 1196 coniugationi-

385 1223 462 1298 bus,
484 1217 681 1305 generibus,
702 1217 829 1296 modis,
853 1215 1080 1304 temporibus,
1101 1216 1307 1304 participiis,
1328 1213 1373 1282 sle
1391 1213 1518 1300 quibus
1536 1228 1570 1279 et
1583 1215 1677 1302 'ipsis
1694 1229 1856 1302 poemo-

385 1325 468 1388 dnm
491 1323 698 1386 disseremus
717 1309 767 1402 15).

474 1429 503 1491 3.
527 1423 654 1488 Modos
677 1423 798 1498 ctiam,
822 1441 910 1506 quos
933 1421 984 1484 illi
1003 1423 1031 1504 ⁴)
1050 1424 1207 1506 δγιιλίσιιι
1226 1410 1266 1504 ¹⁶)
1288 1419 1481 1506 appellant,
1511 1419 1651 1484 eosdem
1682 1441 1722 1484 ac
1744 1443 1857 1506 paene

292 1546 363 1596 eain.
389 1529 532 1593 totidem
562 1527 601 1606 ¹⁷)
624 1523 751 1588 habere
766 1535 958 1587 noscuntur
979 1517 1036 1607 ¹⁸),
1060 1523 1076 1554 ⁸
1092 1524 1336 1600 indicativum,
1360 1519 1621 1609 imperativum,
1647 1523 1857 1608 optativum,

389 1629 650 1695 coniunctivum
670 1628 721 1710 Ψ),
746 1627 928 1702 inlinitum,
953 1626 1246 1711 quemadmodum
1271 1625 1398 1689 Graeci
1412 1630 1453 1706 ²⁰)
1477 1627 1645 1705 ὁρισιιιὴι,
1670 1649 1859 1704 apostami-

388 1739 467 1811 ιιὴι,
489 1735 660 1808 aduersis,
682 1733 913 1807 tenear-taen,
937 1731 1163 1811 ἀκαρίμφατοι.
1191 1729 1280 1792 Nam
1304 1727 1535 1813 inpersoualis
1552 1747 1624 1791 non
1643 1729 1766 1791 modus
1783 1750 1859 1792 ma-

388 1836 441 1920 gis
465 1843 533 1908 est,
561 1851 667 1916 quarn
691 1830 797 1894 altera
827 1830 1013 1895 declinatio
1036 1830 1307 1915 uniuscuiusque
1329 1828 1524 1927 verbipsiue
1547 1831 1705 1916 personis
1728 1852 1768 1894 ac
1790 1851 1859 1896 uu-

390 1937 493 1999 meris
514 1955 579 2020 per
601 1933 817 2020 supradictos
832 1933 954 1996 modos
977 1932 1168 2017 eademque
1182 1945 1338 2020 tempore
1362 1932 1559 2008 decurrens,
1585 1933 1680 2016 qnod
1695 1947 1729 1996 et
1744 1934 1858 2020 ipsum

389 2051 506 2102 tamen
533 2035 688 2124 reperies
715 2036 758 2119 ¹¹)
779 2055 912 2120 ¹graeco
933 2036 976 2119 ²¹)
1000 2055 1044 2098 ex
1067 2034 1161 2101 fonte
1185 2035 1383 2112 demauaus,
1407 2048 1446 2098 ut
1467 2047 1548 2100 sunt
1569 2034 1629 2098 illa
1645 2042 1717 2116 yps),
1736 2038 1858 2114 spissi,

385 2141 492 2223 μίλιις
507 2144 567 2220 ιρι)
583 2147 687 2212 ιιλιῑν,
693 2144 754 2218 1ρῄ
771 2141 978 2214 amisissem,
991 2144 1051 2218 ppt)
1070 2146 1229 2219 κολιμιῑν,
1247 2140 1356 2216 πρέπει
1368 2146 1548 2220 σωφρονεῖν,
1565 2142 1788 2220 spississimis
1799 2130 1859 2220 ¹³);

391 2243 501 2306 iuliis
524 2242 618 2306 enim
640 2261 706 2306 nec
729 2261 910 2317 numerus,
933 2260 999 2304 nec
1018 2260 1171 2326 persona
1193 2241 1423 2326 significatur,
1451 2241 1513 2305 sed
1535 2261 1589 2306 res
1618 2239 1859 2306 tantummodo

388 2344 599 2420 declaratur,
622 2361 726 2428 quam
750 2343 824 2405 lieri
847 2355 1015 2430 oporteat.

473 2445 529 2508 Ad
558 2443 758 2508 huiusmodi
788 2444 891 2508 etiam
924 2443 1065 2508 illorum
1094 2444 1288 2510 locutiones
1309 2443 1359 2522 ll:
1400 2440 1504 2526 iente
1529 2437 1569 2527 ²⁴)
1598 2441 1714 2526 piare,
1753 2447 1862 2526 ἐπειδὴ

390 2547 499 2623 ipsese
516 2545 549 2626 ’)
572 2551 800 2624 παρεσκεύαστο
822 2553 876 2608 eet
897 2549 1107 2626 ἰβιβούλιυτο
1131 2542 1189 2630 ¹⁵);
1211 2546 1340 2610 nullius
1363 2547 1420 2610 hic
1444 2567 1583 2632 quoque
1605 2567 1775 2632 personae
1806 2547 1865 2612 vel

391 2645 545 2721 numeri,
568 2668 639 2710 vox
663 2647 737 2732 ipsa
760 2650 915 2713 continet
932 2641 977 2733 ²⁶)
1001 2668 1148 2714 sensum.
1173 2649 1249 2713 Hoc
1264 2662 1379 2712 tamen
1396 2648 1469 2712 solo
1484 2649 1612 2712 distant
1633 2670 1653 2710 a
1668 2651 1804 2732 graecis
1821 2652 1866 2732 ²5)

392 2748 627 2836 inpersonalia
648 2749 865 2826 Latinorum,
890 2751 984 2834 quod
997 2772 1062 2838 pes
1078 2751 1212 2829 modos,
1235 2752 1357 2816 utiam
1381 2751 1542 2826 diximus,
1566 2763 1708 2816 currunt
1722 2764 1757 2814 et
1770 2763 1867 2814 tem-

392 2869 490 2940 pora,
515 2851 610 2936 quod
633 2852 726 2936 apud
750 2850 903 2916 Graecos
920 2846 963 2934 ²⁸)
982 2853 1183 2918 nullatenus
1199 2857 1238 2936 ²⁹)
1261 2854 1443 2940 reperitur.

477 2954 507 3019 4.
532 2951 573 3016 ln
598 2951 812 3038 temporibus
836 2974 975 3040 quoque
999 2975 1070 3018 non
1094 2956 1211 3042 dispar
1233 2957 1431 3020 observatio
1455 2968 1506 3019 est
1524 2953 1568 3039 ¹¹),
1590 2956 1658 3020 nisi
1682 2953 1776 3038 quod
1790 2954 1867 3020 sola

393 3051 631 3118 deminutione
656 3067 842 3140 superetur
869 3068 902 3120 et
932 3058 1105 3142 discrepet
1128 3079 1242 3142 eaque
1266 3059 1390 3122 habeat
1418 3059 1639 3144 pauciora‘).
1671 3057 1760 3120 Nam
1785 3077 1866 3120 cum

393 3155 487 3242 apud
510 3155 588 3218 illos
619 3175 730 3242 prope
753 3157 914 3220 universa
937 3157 1089 3244 duplicia
1112 3160 1198 3236 sint,
1221 3161 1313 3227 Latii
1337 3159 1455 3241 oriss)
1475 3159 1630 3245 loquella
1660 3158 1866 3244 simplicita-

395 3259 438 3321 tis
457 3251 499 3342 ³⁰)
523 3258 732 3343 compendio
756 3258 862 3321 semel
886 3259 1022 3344 singula
1043 3261 1199 3346 prolerre
1232 3275 1395 3328 contenta
1417 3281 1482 3325 nec
1504 3261 1728 3346 praeteritum
1752 3261 1868 3347 perie-

397 3373 507 3432 ctum,
541 3379 606 3422 nec
629 3359 860 3444 praeteritum
887 3362 1285 3450 plusquamperfectum,
1316 3385 1381 3430 nec
1411 3365 1563 3428 isimrtun
1596 3364 1784 3428 secundum
1809 3375 1869 3428 aut
1959 3393 1963 3400 ·

431 3683 479 3754 ῤ’)
505 3679 571 3736 solis
598 3712 633 3723 -
658 3678 744 3733 solius
774 3680 841 3734 ced.
859 3679 898 3751 τῷ
921 3699 939 3732 ιι
963 3695 1066 3754 punctu
1090 3692 1262 3758 superposito
1285 3690 1447 3761 improbato.
1474 3689 1512 3757 ¹¹)
1539 3685 1632 3740 taedet
1649 3717 1683 3728 -
1703 3682 1780 3738 tedet
1800 3686 1869 3738 Cod.

505 3769 539 3838 ¹⁸)
558 3765 685 3840 poenitet
701 3797 736 3808 --
755 3768 863 3838 penitet
883 3769 949 3820 coit.
972 3771 1007 3841 ἰ)
1027 3769 1193 3826 disseremus
1211 3806 1247 3817 -
1266 3772 1423 3829 deseremus
1443 3777 1512 3829 seed.
1541 3775 1574 3844 ¹⁸)
1594 3767 1720 3846 ἰγιλιιιις
1735 3805 1768 3817 -
1781 3791 1869 3846 syrus·

503 3875 556 3915 σιις
576 3855 644 3907 cod.
662 3855 768 3906 solenni
784 3861 985 3925 permutatione
1004 3855 1053 3912 τοιῖ
1070 3862 1092 3910 Δ
1113 3869 1141 3914 el
1154 3863 1185 3914 il.
1208 3863 1333 3916 Ceterum
1351 3880 1377 3918 et
1396 3871 1424 3916 in
1442 3864 1493 3916 lsoe
1501 3867 1666 3935 fragmento
1683 3881 1789 3934 graecu
1809 3866 1870 3914 lite·

504 3947 541 3996 rs's
560 3941 713 3995 uncialibus
731 3956 846 3994 exarata
864 3957 937 3997 suut.
968 3945 1002 4017 Ι7)
1022 3943 1139 3999 totidem
1157 3981 1192 3990 -
1212 3951 1264 4003 toti
1282 3947 1356 4002 idem
1378 3953 1443 4005 cod.
1467 3953 1504 4024 ¹⁸)
1523 3959 1676 4002 noscuntur
1693 3981 1728 3990 -
1746 3966 1869 4000 nuscun-

503 4039 551 4084 tur
570 4027 638 4084 cod.
666 4033 700 4096 ¹⁸)
720 4029 925 4082 couiuuutiruua
947 4032 1019 4085 coi.
1037 4031 1078 4106 τῷ
1096 4053 1149 4089 con
1175 4057 1249 4110 apr.
1269 4057 1304 4091 ιιι.
1331 4035 1384 4091 sub
1410 4031 1636 4109 tutamentum,
1664 4040 1747 4090 voluit
1774 4043 1869 4108 itaque

508 4113 721 4170 subiunctirum.
741 4119 777 4188 ¹⁹)
797 4117 888 4186 graeci
905 4149 941 4161 —
958 4121 1033 4189 greci
1053 4123 1120 4177 Coei.
1140 4129 1177 4196 ¹¹)
1199 4127 1511 4198 reperies-repperies
1532 4126 1600 4179 Coei.
1620 4138 1704 4178 coust.
1724 4129 1871 4194 '’lgrseco

506 4235 542 4246 -
560 4221 641 4274 greco
662 4203 730 4257 cod.
750 4206 788 4274 ¹³)
809 4201 895 4275 usipus
909 4237 945 4248 —
962 4226 1044 4280 tepus
1061 4211 1127 4264 Cod.
1144 4213 1180 4280 ¹¹)
1199 4205 1291 4272 ιἰιιιδιὶ
1307 4245 1342 4256 -
1361 4209 1443 4268 ιιιιιδι
1457 4215 1525 4267 cod.
1544 4220 1583 4267 s'tu
1603 4227 1685 4266 ettam
1703 4231 1766 4264 mox
1786 4215 1873 4280 infra.

507 4280 739 4378 ’5)ἶβιβιιόὶιιιτο
752 4319 789 4334 ·-
806 4285 964 4362 pataviam
985 4296 1052 4350 cod.
1073 4298 1109 4369 ¹⁸)
1129 4301 1254 4353 continet
1270 4331 1307 4346 ·-
1325 4311 1456 4356 contenet
1476 4303 1543 4356 Cod.
1562 4305 1599 4372 ¹²)
1620 4299 1723 4370 graecis
1739 4299 1874 4368 -greeifl

507 4379 577 4434 ood.
597 4379 633 4449 ¹⁸)
653 4377 774 4432 Graecos
792 4407 828 4420 -
845 4395 942 4448 grecas
963 4384 1030 4436 cai.
1050 4389 1085 4454 ⁸⁸)
1105 4385 1260 4442 nullatenus
1278 4419 1315 4436 -
1331 4387 1481 4445 sanamus
1502 4377 1576 4444 cod?
1591 4391 1626 4458 ”l
1641 4385 1875 4460 simplici&-

507 4462 695 4538 simpllcitstis
712 4462 767 4518 lsis
788 4468 855 4522 Coe.
874 4465 914 4542 τᾷ
930 4471 988 4523 lete
1005 4492 1024 4525 ιι
1040 4491 1082 4544 pr.
1096 4493 1137 4528 ss.
1157 4489 1301 4546 expuncto.

438 4601 467 4668 a)
487 4597 541 4658 liti,
560 4609 659 4664 nempe
679 4589 788 4646 Graeci.
800 4591 1059 4666 Vid.suprsuot.l.
1080 4597 1209 4654 Ceterum
1221 4600 1293 4656 Cod.
1306 4608 1367 4676 ipsi,
1387 4601 1495 4658 duobus
1515 4607 1549 4658 ts
1568 4602 1655 4674 prims
1673 4618 1756 4652 manu
1773 4615 1876 4669 suprs-

507 4681 629 4752 scriplis.
657 4681 685 4748 b)
707 4681 753 4732 Aet
766 4683 975 4738 —luesstioneu
1003 4685 1138 4740 fortassis
1148 4687 1304 4760 *legendum
1322 4695 1382 4756 At,
1407 4703 1518 4764 etpost
1544 4695 1694 4744 locutiones
1712 4683 1882 4738 addendum

509 4767 553 4823 rel
575 4765 854 4838 subintelligendum:
879 4785 952 4824 sunt.
980 4777 1004 4844 c)
1033 4761 1130 4850 ἔρις-ιι,
1158 4775 1350 4832 adverbialiter
1375 4781 1499 4832 sumitur.
1523 4774 1588 4831 vti.
1615 4773 1728 4831 suidam
1757 4791 1782 4826 s.
1802 4769 1830 4824 h.
1849 4789 1880 4824 v.

510 4853 593 4925 etti
612 4861 669 4907 est:
696 4853 787 4908 Latini
814 4855 871 4908 iere
891 4856 1001 4924 cadem,
1020 4877 1089 4933 qtsse
1116 4863 1230 4932 Graeci,
1250 4875 1372 4940 tempora
1391 4867 1545 4922 observant.
1572 4865 1597 4935 ε)
1618 4869 1670 4918 nisi
1686 4893 1722 4906 -
1739 4867 1885 4934 pauciora

512 4943 603 4994 Locus
614 4939 779 5013 impeditum
797 4941 930 4999 videntur
943 4945 1023 5020 plura
1042 4949 1187 5017 excidisse,
1206 4971 1304 5008 sensus
1322 4973 1385 5010 vero
1405 4956 1582 5026 inpromptu
1602 4961 1658 5006 est:
1677 4949 1761 5003 letina
1782 4947 1886 5016 lingua

513 5047 527 5080 a
547 5039 642 5096 greces
660 5025 843 5084 diminutione
860 5041 1025 5106 temporum,
1045 5057 1113 5112 quse
1131 5043 1260 5112 pauciora
1278 5039 1371 5107 hahet,
1387 5041 1535 5114 discr-met,
1553 5040 1673 5113 ideoque
1693 5047 1721 5090 et
1740 5033 1886 5108 simplici-

513 5124 569 5167 tate
594 5129 720 5184 grseoutu
746 5127 865 5187 superet.
890 5123 931 5194 j)
949 5127 1025 5180 Latii
1042 5134 1113 5193 ors's,
1130 5129 1169 5186 its
1187 5129 1334 5203 legendum
1354 5150 1403 5202 pro
1423 5150 1455 5185 eo
1476 5125 1552 5204 quod
1571 5126 1641 5184 cod.
1666 5123 1751 5181 lisbet
1769 5127 1889 5186 latoris,

511 5205 613 5256 interi
632 5211 659 5255 ot
680 5221 696 5256 ο
715 5220 728 5252 s
746 5220 789 5273 pr.
807 5221 844 5260 m.
863 5213 1051 5286 suprascripto
1070 5222 1088 5270 ι’.
