4036 6068
388 483 453 552 402
842 477 1397 532 recursusuruou.

390 629 418 690 si
448 625 620 700 scribat;
644 607 781 688 bumeri
803 623 961 710 pluralis:
987 641 1065 688 cum
1088 625 1144 690 vel
1171 626 1200 690 si
1228 623 1482 700 scribamus,
1511 641 1589 688 cum
1619 621 1673 685 vol
1696 622 1726 684 si
1754 619 1862 684 tori·

389 731 514 802 batis,
540 748 617 792 cum
641 727 696 790 vel
720 727 748 790 si
772 725 973 791 scribant.

473 831 608 896 Eodem
632 829 748 904 modo,
774 841 930 913 tempore
953 830 1153 914 praeterito,
1177 831 1292 916 specio
1315 828 1506 914 inperfecta
1520 828 1591 892 sive
1615 825 1729 888 minus
1752 842 1860 910 quam

389 931 542 1018 perfecta
573 931 629 996 vel
666 931 874 994 inchoativa.
913 930 1059 994 Numeri
1098 932 1298 1016 singularis:
1336 952 1415 996 cum
1455 930 1511 994 vel
1546 930 1576 992 si
1605 926 1861 996 scriberem,

390 1055 468 1097 cum
506 1033 562 1096 vel
601 1035 629 1096 si
674 1032 912 1107 scriberes,
951 1051 1031 1096 cum
1066 1034 1122 1097 vel
1161 1035 1190 1098 si
1228 1033 1470 1107 scriberet3
1514 1030 1652 1094 numeri
1694 1025 1861 1114 pluralis:

390 1157 468 1199 cum
499 1135 554 1198 vel
585 1137 614 1199 si
642 1134 944 1211 scriberemus,
973 1119 1052 1198 cum
1075 1135 1129 1200 vel
1153 1137 1181 1200 si
1211 1134 1480 1209 scriberetis,
1511 1153 1589 1196 oum
1617 1130 1674 1196 vel
1701 1131 1730 1194 si
1757 1128 1863 1192 scri-

389 1235 554 1301 herent

407 1416 412 1425 1
474 1339 609 1402 Eodem
633 1337 750 1414 modo,
775 1339 897 1403 eodem
921 1351 1089 1426 tompore,
1114 1343 1229 1428 specie
1252 1340 1405 1426 perfecta
1428 1339 1500 1402 sive
1523 1335 1689 1400 absoluta.
1711 1329 1863 1396 Numeri

392 1441 594 1524 singularis:
618 1461 697 1502 cum
721 1441 775 1502 vel
799 1441 827 1503 si
851 1441 1126 1526 scripserim,
1158 1463 1237 1510 cum
1265 1442 1323 1506 vei
1352 1443 1381 1506 si
1409 1439 1666 1526 scripseris,
1697 1455 1776 1498 cum
1805 1431 1871 1495 rei·

392 1545 420 1606 si
452 1543 700 1628 scripserim
723 1543 860 1606 numeri
889 1542 1050 1628 pluralis:
1083 1565 1161 1607 cum
1191 1545 1247 1608 vei
1278 1545 1308 1608 si
1335 1543 1664 1629 scripserimus,
1694 1555 1775 1602 cuns
1803 1532 1863 1596 vel

392 1646 421 1708 si
452 1645 741 1730 scripseritis,
774 1665 852 1730 cum
882 1645 938 1708 vel
961 1646 989 1708 si
1019 1645 1293 1732 scripserint.

476 1747 609 1811 Eodem
635 1747 751 1822 modo,
777 1748 897 1810 eodem
922 1761 1091 1832 tempore,
1115 1751 1231 1834 specie
1249 1746 1675 1836 plusquamperfectasive
1699 1740 1865 1810 recorda-

393 1853 462 1916 tiva
491 1850 547 1914 vel
579 1862 710 1913 exacta.
741 1849 888 1912 Numeri
918 1849 1127 1932 singularis:
1159 1870 1238 1914 cum
1277 1852 1333 1916 vel
1370 1852 1399 1916 si
1435 1850 1745 1934 scripsissem,
1782 1863 1864 1906 curu

394 1953 448 2016 vel
480 1953 508 2016 si
539 1951 814 2036 scripsisses,
846 1970 925 2014 cum
956 1951 1011 2014 vel
1034 1951 1063 2013 si
1092 1953 1370 2039 scripsisset3
1405 1953 1543 2015 numeri
1575 1950 1744 2037 pluralis:
1783 1965 1865 2010 oum

393 2055 449 2120 vel
472 2056 501 2118 si
530 2053 877 2140 scripsissemus,
906 2073 985 2118 cum
1013 2052 1070 2116 vel
1099 2055 1128 2118 si
1156 2056 1480 2142 scripsissetis,
1510 2073 1589 2118 cum
1617 2052 1674 2118 vel
1703 2051 1734 2115 si
1761 2047 1868 2113 scri-

393 2159 595 2244 psisseut.

477 2259 613 2322 Eodem
634 2258 741 2321 modo
766 2269 923 2342 tempore
947 2257 1073 2324 futuro.
1104 2258 1250 2322 Numeri
1279 2260 1481 2344 singularis:
1511 2279 1589 2322 oum
1617 2256 1673 2320 vei
1702 2255 1732 2318 si
1760 2253 1868 2317 sori-

395 2381 538 2448 psero,
563 2379 641 2422 cum
672 2359 728 2422 vel
758 2359 786 2422 si
816 2360 1070 2444 scripseris,
1102 2378 1181 2422 cum
1203 2361 1259 2424 vel
1289 2363 1319 2426 si
1345 2361 1597 2446 scripserit3
1627 2356 1764 2421 numeri
1785 2353 1868 2440 plu-

395 2463 494 2527 ralis:
525 2481 604 2526 cum
627 2461 681 2524 vei
713 2461 742 2524 si
771 2461 1104 2548 scripserimus,
1133 2481 1213 2526 cum
1240 2463 1296 2527 vel
1319 2464 1348 2526 si
1377 2461 1672 2548 scripseritis,
1702 2477 1782 2522 com
1809 2456 1867 2518 vel

395 2565 424 2630 si
454 2563 725 2660 scripserint.

479 2665 588 2728 Modo
613 2663 835 2750 inpersouali,
858 2667 1013 2731 nurneris
1029 2681 1063 2732 et
1076 2669 1234 2753 personis
1251 2667 1414 2748 confusis,
1432 2679 1589 2753 tempore
1604 2661 1780 2750 praesenti
1796 2659 1869 2723 sivo

397 2768 540 2832 instanti
557 2758 616 2848 ⁵⁶):
642 2767 861 2830 scribitur.

365 2885 368 2892 ·
482 2869 617 2932 Eodem
641 2868 758 2945 modo,
783 2880 939 2954 tempore
954 2873 1155 2956 praeterito,
1179 2874 1294 2959 specie
1318 2873 1508 2959 inperfecta
1530 2872 1601 2936 sive
1624 2871 1740 2934 minus
1762 2885 1868 2952 quam

397 2971 551 3059 perfecta
574 2969 629 3034 vel
653 2970 851 3032 inchoativa
869 2965 928 3053 57);
954 2973 1242 3039 scribebatur.

480 3073 615 3137 Eodem
656 3072 773 3162 modo,
798 3071 920 3134 codem
943 3087 1112 3160 tempore,
1142 3077 1258 3162 specie
1279 3077 1434 3163 perfecta
1455 3079 1528 3144 sive
1557 3075 1736 3142 absoluta:
1767 3071 1870 3136 scri-

398 3188 518 3263 ptum
543 3189 605 3240 est
624 3169 677 3258 ⁵⁸).

486 3279 531 3341 Et
552 3275 717 3340 ulteriore
740 3275 894 3362 perfecta
916 3279 988 3342 sive
1011 3277 1183 3344 absoluta:
1208 3283 1417 3369 scriptum
1440 3281 1523 3346 tuit
1538 3276 1593 3363 59).

483 3379 617 3442 Eodem
642 3379 759 3454 modo,
783 3379 906 3442 eodem
929 3392 1097 3467 tempore,
1122 3385 1237 3468 specie
1253 3383 1592 3470 plusquamperfecta
1614 3381 1686 3446 sive
1709 3376 1873 3444 recorda-

288 3555 294 3570 *
403 3484 471 3546 tiva
493 3481 548 3545 vel
571 3493 710 3544 exacta:
735 3481 943 3566 scripturn
968 3495 1071 3548 erat.

486 3584 531 3648 Et
553 3582 717 3646 ulteriore
746 3582 1086 3670 plusquamperfecte
1112 3587 1185 3651 siue
1212 3587 1429 3652 recordativa
1459 3588 1513 3654 vei
1537 3599 1658 3652 exacta
1678 3579 1741 3669 6’);
1766 3582 1872 3648 scri-

401 3701 516 3774 ptum
541 3685 692 3750 iuerat.

486 3788 620 3852 Eodem
644 3787 767 3863 modo,
791 3801 948 3874 tempore
971 3789 1104 3856 futuro:
1129 3776 1364 3858 scribetur.

490 3882 703 3971 Gerundi⁶¹)
726 3903 806 3954 sunt
828 3883 988 3974 haeo⁶²):
1020 3893 1243 3959 scribendi
1266 3897 1322 3960 vel
1344 3894 1572 3960 scribundi
1588 3886 1651 3977 ⁶³),
1681 3887 1878 3956 scriben-

404 3997 456 4060 do
473 3995 528 4058 vel
545 3983 849 4074 scribundob),
870 3993 1147 4058 scribendum
1166 3998 1222 4062 vel
1237 3987 1580 4080 scribundumffi),
1601 3984 1877 4080 scriptumffi).

490 4096 665 4180 Tempora
687 4094 952 4179 participiorum
975 4099 1161 4161 trahuntur
1175 4091 1219 4184 ⁶⁷)
1244 4100 1286 4164 ab
1310 4103 1378 4164 hoc
1400 4099 1507 4164 verbo
1525 4098 1638 4162 activo
1662 4097 1749 4166 duo:
1773 4113 1880 4182 pree-

406 4219 501 4272 sens,
526 4194 738 4272 scribeus;
762 4195 934 4274 futurum,
959 4195 1275 4284 scripturus⁶⁸).
1348 4247 1352 4254 .

494 4299 631 4382 Nomen
646 4290 708 4381 ⁶⁹),
733 4298 939 4382 scriptor3
963 4299 1167 4384 appellatio,
1193 4305 1419 4390 scriptura.

300 4441 329 4486 v,
345 4439 396 4488 300,
493 4405 566 4468 tto.
588 4399 845 4474 Declinatio
863 4402 1036 4486 passiva
1053 4405 1209 4468 tertiae
1229 4405 1560 4490 coniugationis
1583 4399 1883 4486 correptae5⁰).

452 4629 489 4700 56)
514 4627 571 4680 sire
588 4622 706 4677 instanti
723 4620 760 4675 A.
778 4641 815 4670 ,τ
832 4621 864 4674 Β.
884 4620 921 4675 V.
942 4622 976 4690 ⁵⁷)
996 4619 1039 4674 rel
1056 4619 1211 4677 inchoativa
1228 4625 1260 4678 B.
1279 4625 1317 4680 V.
1337 4627 1367 4678 1³.
1387 4648 1423 4696 ²?
1440 4626 1477 4679 A.
1497 4627 1532 4696 ⁶¹)
1552 4621 1657 4678 Eodem
1675 4619 1758 4676 modo
1778 4659 1785 4674 .
1806 4659 1814 4672 .
1835 4659 1841 4670 .
1867 4657 1875 4670 .

515 4714 651 4784 seriptum
670 4719 713 4763 est
730 4709 762 4762 B.
781 4732 817 4758 =
836 4708 871 4763 V.
891 4709 927 4761 A.
948 4709 984 4781 ⁵⁹)
1005 4718 1033 4762 et
1051 4708 1180 4764 ulteriore
1200 4751 1207 4765 .
1227 4751 1234 4765 .
1254 4751 1261 4765 .
1280 4750 1288 4767 .
1307 4713 1360 4768 soit
1377 4716 1410 4769 B.
1431 4715 1468 4770 V.
1487 4715 1519 4766 P.
1537 4735 1575 4764 =
1591 4715 1627 4767 A.
1653 4715 1690 4785 ⁸⁰)
1710 4711 1767 4763 sira
1785 4745 1793 4760 .
1814 4745 1822 4760 .
1844 4747 1852 4760 .
1878 4745 1887 4761 .

515 4800 559 4854 vel
578 4807 671 4852 exacta
688 4797 721 4851 B.
742 4796 780 4851 V.
799 4797 828 4848 P.
846 4819 884 4846 =
901 4797 937 4850 A.
964 4797 1002 4868 61)
1031 4796 1148 4868 gerundi
1167 4800 1204 4854 V.
1223 4803 1258 4854 A.
1278 4833 1314 4844 -
1332 4801 1447 4872 geroudi
1464 4804 1498 4856 B.
1527 4803 1563 4872 ⁸¹)
1588 4798 1658 4852 baec
1682 4800 1718 4855 V.
1737 4797 1773 4852 A.
1792 4819 1831 4845 =
1849 4797 1888 4848 Β.

516 4892 553 4962 θ’)
572 4884 616 4942 rei
634 4881 779 4938 scribendi
797 4885 830 4938 tt.
851 4885 882 4940 V
880 4921 888 4940 .
907 4907 942 4934 =
960 4885 996 4940 A.
1022 4887 1058 4957 Μ)
1077 4886 1121 4944 rel
1136 4885 1288 4943 scribundo
1307 4893 1339 4944 B.
1359 4895 1395 4950 V.
1414 4915 1451 4944 =
1467 4889 1504 4944 A.
1532 4889 1567 4960 65)
1585 4888 1630 4942 vel
1648 4880 1829 4939 scribendum
1851 4884 1890 4936 B.

520 4978 555 5032 V.
574 4998 611 5026 =
628 4975 664 5026 A.
691 4974 729 5045 ⁸⁸)
749 4973 883 5042 scriptum
903 4973 938 5028 V.
958 4976 994 5027 A.
1012 5005 1049 5020 -
1075 4977 1210 5048 scriptum
1229 4979 1272 5033 vet
1290 4983 1322 5035 B.
1349 4983 1384 5052 ⁶⁷)
1404 4979 1549 5034 trabuntur
1568 4980 1603 5034 V.
1621 4999 1658 5026 ι.-
1682 4977 1715 5028 B.
1741 4976 1777 5040 ο“)
1797 4973 1892 5024 Tem·

520 5081 586 5135 pon
604 5103 614 5120 ,
633 5099 640 5114 .
661 5098 668 5112 .
688 5099 695 5113 .
714 5060 868 5131 scripturus
895 5063 927 5116 B.
946 5064 983 5118 V.
1009 5086 1046 5116 =
1068 5066 1104 5120 A.
1131 5067 1167 5136 ⁸⁹)
1194 5085 1294 5122 nomen
1312 5071 1344 5124 B.
1374 5071 1409 5124 V.
1429 5101 1464 5112 ·-
1481 5083 1582 5130 ,nomen
1600 5063 1635 5118 *b
1658 5061 1713 5118 ¹¹⁰⁶
1730 5057 1816 5116 '‘fb‘’
1836 5063 1881 5114 A·

522 5153 559 5220 τι)
578 5147 735 5202 Declinatio
756 5187 789 5199 ..
812 5186 819 5201 .
839 5185 845 5198 .
863 5157 1008 5219 correptae
1026 5153 1058 5206 B.
1078 5155 1115 5209 V.
1135 5155 1166 5209 P.
1186 5179 1221 5206 =
1239 5159 1276 5211 A.
