4050 6064
592 542 1150 626 ancersnstrtrtos.
1533 541 1602 612 427

128 697 197 758 liae
212 691 257 758 de
273 711 396 772 causa,
413 691 580 778 qnoniam
596 709 838 777 quaecumque
850 692 963 756 'verba
980 690 1086 756 modo
1103 688 1294 756 indicativo
1312 689 1386 756 slve
1401 690 1607 775 pronuntia-

129 796 205 860 tivo
224 797 269 880 ¹⁹)
287 795 404 882 specie
427 794 580 880 perlecta
599 794 672 857 ·Ul·
690 793 814 858 litteris
829 793 987 858 discretis
1001 793 1229 866 definiuntur,
1251 792 1338 856 haec
1352 811 1544 878 numquam
1562 793 1606 877 ⁸⁰)

130 899 171 961 in
190 897 315 962 eodem
334 896 440 960 modo
457 895 625 981 temporis
646 895 837 981 praesentis
853 898 896 978 Ἰ)
913 915 958 958 ex
973 894 1087 980 prima
1105 912 1254 980 persona
1268 895 1406 958 numeri
1421 892 1607 978 singularis

130 1012 214 1064 ante
230 997 289 1063 ·0·
305 997 468 1061 ultimum
484 997 570 1060 ΝΕ·
589 995 754 1079 syllabam
773 997 903 1061 habent
919 996 1152 1061 constitutam.
1174 995 1278 1058 Nunc
1295 1015 1373 1060 cum
1391 1009 1425 1060 et
1441 997 1510 1060 ltoc
1528 1015 1611 1060 ver-v

130 1101 215 1166 bum
241 1098 394 1164 ferbui
417 1101 460 1183 ¹²)
485 1096 598 1162 lacere
619 1099 812 1187 reperiatur
828 1090 870 1182 ²³)
891 1111 925 1164 et
951 1099 1030 1162 ideo
1052 1096 1206 1162 lerveo
1232 1089 1296 1181 ²⁴),
1314 1117 1387 1162 nou
1412 1097 1428 1162 i
1434 1118 1544 1162 ervo
1561 1091 1606 1182 '⁵)

131 1203 248 1268 lacere
264 1201 512 1288 pronuntiatur
532 1193 587 1284 ²⁶).
1026 1207 1030 1214 '
1644 1261 1649 1275 ,

217 1307 295 1370 841.
320 1303 526 1388 Quaeritur,
540 1323 614 1388 ⁴qua
636 1301 797 1366 decanea
817 1321 968 1388 serpo,
988 1313 1023 1365 et
1043 1319 1116 1366 non
1133 1301 1285 1387 scrpio
1305 1299 1458 1377 dicatum
1481 1301 1547 1364 hac
1564 1296 1609 1364 de

133 1425 257 1482 causa,
273 1404 439 1490 quoniam
465 1425 705 1489 quaecumque
725 1403 832 1468 verba
847 1404 890 1468 ab
913 1403 981 1466 illis
1003 1401 1198 1488 participiis
1222 1403 1341 1466 venire
1366 1402 1608 1489 reperiuntur,

17 1527 18 1568 1
133 1527 222 1592 quae
247 1505 466 1570 nominativo
491 1526 573 1569 casu
596 1505 733 1570 numeri
760 1504 945 1590 singularis
971 1503 1083 1569 ·ENS·
1108 1505 1232 1569 litteris
1255 1515 1335 1590 post
1357 1515 1608 1569 consonantem

17 1627 18 1700 }
134 1605 411 1684 concluduntur,
435 1609 520 1671 haec
537 1607 642 1673 modo
666 1607 856 1683 indicativo
872 1607 1040 1692 temporis
1061 1607 1253 1692 praesentis
1272 1609 1316 1688 ’7)
1333 1606 1472 1668 numeri
1489 1605 1609 1688 singu-

17 1717 18 1722 ’
134 1710 219 1773 laris
236 1729 429 1794 numquam
451 1705 494 1801 ²³)
523 1708 599 1773 ¹10·
623 1708 748 1772 litteris
771 1709 992 1774 definiuntur.
1014 1709 1118 1772 Nunc
1136 1729 1214 1774 cum
1241 1708 1334 1772 dicat
1356 1707 1480 1773 Cicero
1499 1708 1542 1789 ³⁹)
1564 1737 1610 1754 -

137 1823 177 1876 et
201 1811 395 1875 obscure
418 1831 604 1898 serpens
624 1812 654 1894 ⁸)
677 1842 720 1858 ·-
741 1811 862 1897 utique
881 1811 949 1874 iam
972 1831 1118 1898 serpo,
1135 1829 1207 1876 non
1225 1810 1373 1897 serpio
1396 1810 1509 1874 lacere
1524 1826 1610 1895 pro·

136 1926 327 1978 nuntiatur.
1274 1967 1279 1974 .

219 2017 297 2079 842.
322 2013 521 2097 Quaeritur,
540 2034 609 2098 qua
630 2013 673 2077 de
696 2033 799 2100 causa
817 2035 921 2100 serp
934 2012 1056 2078 eham
1075 2007 1138 2099 ³⁰),
1154 2027 1188 2078 et
1204 2023 1276 2078 non
1293 2011 1547 2100 serpiebam
1564 2003 1608 2095 Ἰ)

136 2117 289 2191 dicatum
304 2115 369 2179 hac
389 2115 432 2179 de
447 2135 561 2190 causa,
579 2115 745 2200 quoniam
760 2110 1052 2200 quaecumque³²)
1069 2115 1175 2180 verba
1190 2115 1296 2180 modo
1312 2114 1502 2178 indicativo
1520 2125 1609 2176 tern-

133 2219 228 2303 poris
244 2217 436 2304 praesentis
462 2217 499 2279 iu
521 2217 635 2302 prima
655 2236 805 2301 persona
824 2218 961 2280 numeri
988 2217 1171 2302 singularis
1194 2231 1272 2281 ante
1298 2215 1356 2280 Ὀ·
1383 2214 1544 2280 ultimum
1568 2212 1607 2277 ·l·

133 2319 283 2384 litteram
301 2311 343 2402 33)
362 2337 434 2382 non
452 2311 495 2403 ³⁵)
514 2317 642 2382 habent
658 2319 869 2402 oppositam,
885 2321 971 2383 haec
987 2319 1024 2382 iu
1045 2318 1161 2404 specie
1179 2317 1370 2402 inperfecta
1388 2311 1431 2400 ³⁵)
1447 2328 1526 2379 ante
1542 2314 1608 2389 ·E·,

136 2443 224 2508 quae
248 2433 300 2484 est
323 2439 434 2507 prope
456 2419 615 2498 ultimam
635 2418 1029 2506 syllabam‚numquam
1055 2414 1097 2506 36)
1126 2421 1165 2484 ·1·
1187 2419 1339 2484 litteram
1364 2418 1494 2482 habent
1523 2435 1609 2481 con·

137 2525 302 2588 stitutum.

218 2627 295 2690 843.
319 2624 405 2688 ltem
431 2622 497 2686 alia
513 2621 693 2709 probatio,
711 2643 818 2708 quare
839 2614 883 2707 ³7)
914 2621 1163 2708 serpebam‚
1194 2641 1268 2686 uon
1294 2617 1548 2706 serpiebam
1565 2611 1609 2702 ³⁸)

136 2725 248 2790 lacere
275 2726 538 2812 pronuntiatum
561 2724 696 2789 scilicet
718 2724 883 2809 quoniam
909 2725 1100 2808 praesentis
1122 2724 1291 2809 temporis
1315 2717 1358 2806 ³⁹)
1384 2719 1610 2808 participium

137 2819 270 2910 its-⁴⁶)
284 2826 423 2891 ultimas
439 2821 482 2910 Ἰ)
499 2826 629 2891 litteras
644 2827 773 2891 omittit
786 2828 849 2909 ³²),
869 2839 902 2889 et
917 2825 1038 2890 ΒΑΜ·
1059 2825 1226 2908 syllabam
1249 2823 1388 2909 accipit,
1408 2836 1442 2887 et
1457 2820 1609 2906 speciem

139 2929 364 3016 inperfectam
384 2921 428 3013 ⁴³)
453 2929 549 2992 modi
574 2929 755 2993 indicativi
782 2927 950 3003 ostendit,
973 2940 1012 2990 ut
1036 2939 1119 3014 puta
1139 2919 1182 3011 ”)
1212 2925 1418 2990 scribens
1442 2921 1609 2986 scribe·

136 3030 238 3095 ham.
263 3029 323 3094 Sic
339 3030 461 3116 utique
478 3044 512 3096 et
535 3049 719 3116 serpens
744 3028 977 3115 serpebam
996 3021 1061 3112 ⁴⁵),
1080 3041 1114 3093 et
1129 3021 1173 3112 ’5)
1190 3047 1262 3092 nou
1280 3024 1473 3112 serpiebam
1494 3022 1608 3088 lucere

140 3131 395 3218 pronuntiatur.

220 3237 295 3298 844.
319 3233 408 3298 Sunt
422 3233 546 3310 verba,
570 3253 693 3320 quaea
711 3233 886 3318 positione
896 3223 941 3316 ’7)
960 3232 1075 3296 suain
1094 3231 1349 3317 compositione
1364 3229 1550 3294 immutent
1559 3218 1605 3311 ⁴⁸)

137 3335 285 3410 litteras,
307 3347 347 3398 ut
370 3348 455 3421 puta
486 3349 617 3400 teneo
647 3335 850 3411 detineo,
883 3333 983 3418 lego
1008 3332 1151 3418 eligo,
1175 3353 1340 3418 quaero
1364 3332 1548 3417 inquiro
1572 3341 1607 3395 et

139 3449 249 3500 cetera
263 3435 356 3505 talia.
381 3436 451 3502 Sed
467 3432 510 3522 ⁴⁹)
529 3441 615 3502 haec
629 3459 718 3522 quae
733 3436 789 3501 vel
807 3449 892 3522 quot
906 3430 950 3520 5·’)
974 3435 1043 3498 sint
1057 3434 1182 3509 verba,
1207 3453 1296 3518 quae
1313 3453 1333 3496 a
1352 3433 1529 3518 positione
1547 3449 1607 3494 sua

137 3539 174 3704 Lu
192 3539 449 3671 compositione
463 3540 635 3604 inmutent
652 3534 695 3623 ⁵¹)
714 3538 858 3616 litteras,
880 3535 896 3568 ⁴
914 3540 982 3602 hoc
999 3529 1043 3620 5’)
1062 3537 1098 3600 in
1116 3536 1211 3600 sonis
1229 3547 1467 3622 competenter
1480 3539 1716 3650 σηοω-Εἴ.

165 3640 250 3704 imus
300 3643 329 3724 ).

93 3833 100 3842 ’
176 3829 208 3894 ¹⁹)
224 3825 281 3878 eive
295 3826 501 3897 pronuntiative
520 3826 557 3880 A.
576 3849 612 3876 =
629 3829 661 3881 B.
683 3828 720 3882 V.
741 3829 776 3897 ¹⁰)
794 3845 943 3900 numquam
957 3829 988 3881 B.
1009 3829 1046 3884 V.
1065 3862 1101 3872 -
1120 3844 1258 3898 nsrnqrmm
1271 3827 1307 3879 A.
1328 3831 1364 3896 ¹¹)
1381 3824 1512 3897 temporis
1525 3841 1606 3896 prse-

239 3913 328 3967 sends
343 3915 377 3966 Β.
394 3943 432 3955 -
450 3909 574 3984 tempore
589 3915 729 3986 praesenti
748 3917 784 3970 V.
799 3916 836 3968 A.
857 3919 892 3986 ¹¹)
914 3911 1004 3967 t'erlsui
1021 3917 1059 3970 V.
1074 3915 1112 3970 A.
1127 3917 1160 3969 B.
1182 3915 1213 3966 ·l·
1233 3917 1353 3968 litteram
1368 3919 1440 3968 inter
1459 3913 1501 3965 ·ll·
1523 3927 1549 3966 et
1565 3911 1605 3965 ·B·

239 4006 451 4073 superscriptam
478 4003 587 4063 babuit,
614 4007 711 4056 iterum
734 4005 859 4055 deletum.
888 4003 923 4071 ¹³)
944 4003 1096 4073 reperiatur
1117 4005 1150 4056 B.
1174 4003 1210 4057 V.
1235 4003 1269 4054 A.
1296 4033 1332 4042 —
1355 4001 1553 4073 pronuntietur
1572 4001 1604 4054 P.

240 4089 276 4161 ¹⁸)
291 4091 383 4142 ferveo
401 4090 434 4142 Β.
453 4119 489 4129 -—
506 4087 601 4141 ferbeo
617 4090 653 4144 V.
668 4091 703 4145 A.
724 4091 760 4161 ¹⁸)
775 4092 850 4143 ferro
862 4092 893 4144 Β.
913 4119 948 4132 -
966 4090 1058 4144 ferveo
1074 4091 1109 4146 V.
1125 4091 1160 4144 A.
1182 4091 1218 4161 ”)
1239 4093 1434 4160 pronuntiatur
1453 4089 1487 4142 Β.
1507 4089 1545 4142 V.
1570 4117 1606 4132 ι-

241 4176 414 4248 reperiuntur
427 4177 463 4229 A.
494 4185 530 4246 ¹⁷)
551 4177 683 4248 temporis
704 4180 857 4248 praesentis
880 4181 914 4232 B.
933 4177 968 4230 A.
988 4209 1024 4218 -
1042 4187 1166 4248 tempore
1184 4177 1324 4248 praesenti
1347 4177 1383 4231 V.
1403 4177 1442 4248 ’·)
1460 4193 1607 4248 numquam

240 4265 273 4317 B.
289 4265 326 4326 V,
345 4294 382 4305 -
399 4280 536 4336 nunquam
558 4265 596 4318 A.
622 4271 658 4333 ’·)
677 4265 775 4320 Cicero
790 4268 821 4320 Β.
841 4267 877 4321 V.
892 4268 923 4319 P.
942 4289 978 4316 =
996 4265 1033 4319 A.
1055 4267 1092 4336 ¹⁰)
1113 4261 1257 4335 serpebmn
1274 4267 1307 4319 B.
1325 4267 1363 4322 V.
1381 4297 1417 4307 —
1435 4281 1550 4336 serpens
1567 4264 1606 4319 A.

240 4353 279 4425 ’·)
303 4347 460 4421 serpiebem
476 4353 519 4404 ιΒ.
545 4353 580 4405 V.
598 4353 630 4406 P.
658 4383 693 4394 —
720 4354 845 4426 serpieua
867 4354 905 4407 A.
933 4357 969 4422 ³¹)
989 4369 1176 4426 quaecumque
1196 4355 1228 4406 Β.
1254 4353 1291 4408 V.
1316 4383 1351 4394 -
1370 4369 1549 4426 quaecuuque
1567 4351 1606 4406 A.

241 4441 276 4510 ”)
294 4437 416 4492 litterum
431 4439 468 4494 V.
487 4441 524 4493 A.
543 4473 578 4484 -
595 4438 688 4494 littere
707 4443 740 4495 Β.
762 4443 796 4516 ”)
819 4460 875 4495 nun
894 4443 927 4496 B.
951 4442 987 4497 V.
1006 4462 1042 4490 =
1060 4439 1097 4494 A.
1119 4443 1154 4508 ”)
1172 4440 1324 4511 inperfecte
1344 4442 1377 4496 Β.
1395 4442 1432 4497 V.
1451 4472 1488 4483 -
1506 4441 1607 4511 irnper-

238 4525 311 4578 fects
326 4527 364 4581 A.
393 4525 429 4599 ¹⁶)
450 4544 598 4599 numquam
619 4529 651 4582 B.
669 4529 706 4584 V.
732 4558 768 4571 -
791 4547 932 4602 nunquam
951 4529 988 4582 A.
1018 4530 1053 4599 ³⁷)
1074 4546 1209 4600 quare-
1229 4545 1312 4600 quere
1329 4529 1361 4582 B.
1380 4560 1416 4570 -
1435 4547 1487 4600 qua
1513 4526 1550 4581 V.
1568 4525 1605 4578 A.

240 4615 275 4684 ³⁸)
290 4631 345 4666 non
363 4611 519 4686 sarpiebsm
537 4617 569 4669 B.
588 4639 625 4666 =
643 4617 679 4670 V.
698 4617 734 4670 A.
755 4620 791 4692 ¹⁹)
807 4617 961 4690 praesentis
978 4615 1110 4686 temporis
1129 4617 1161 4668 B.
1177 4615 1213 4669 V.
1235 4648 1272 4657 -
1291 4615 1444 4686 praesentis
1471 4611 1605 4682 temporis

237 4703 390 4772 praesentis
406 4702 444 4755 A.
464 4703 500 4773 ⁴⁰)
519 4696 637 4756 ·N8·‘B.
654 4733 688 4768 ·.·
706 4703 752 4757 ·N·
768 4714 796 4758 et
815 4705 855 4759 ·s·
872 4706 907 4758 V.
929 4705 967 4758 A.
987 4703 1025 4773 ’·)
1041 4700 1152 4755 ultimos
1175 4703 1208 4754 B.
1227 4702 1264 4755 V.
1282 4703 1313 4754 Ρ.
1333 4725 1370 4751 =
1388 4701 1425 4754 A.
1447 4700 1482 4772 ’·)
1501 4697 1607 4752 omittit

237 4790 270 4843 Β.
283 4790 318 4843 V.
334 4820 369 4830 -
387 4790 521 4844 omittunt
536 4790 573 4844 A.
593 4791 629 4862 ⁴³)
645 4791 824 4864 inperfectam
837 4793 870 4844 B.
887 4791 924 4846 V.
939 4787 1177 4868 -qimperl'eetum
1192 4789 1231 4842 ·A.
1252 4788 1289 4860 ⁴⁴)
1306 4795 1337 4840 ut
1349 4797 1416 4859 putu
1433 4788 1466 4842 V
1463 4826 1471 4841 .
1480 4786 1604 4841 A.=B.

238 4877 275 4948 ⁴⁵)
294 4873 440 4947 serpebant
461 4877 498 4933 V.
514 4878 549 4932 A.
568 4880 602 4932 B.
622 4900 656 4932 ex
680 4900 727 4932 em.
752 4901 795 4952 pr.
813 4899 848 4932 m.
866 4909 903 4919 -
921 4875 1070 4949 serpebant
1088 4877 1122 4929 B.
1147 4896 1165 4928 u
1185 4895 1229 4946 pr.
1248 4893 1284 4927 m.
1304 4873 1341 4944 ⁴⁰)
1359 4882 1387 4926 et
1404 4875 1441 4930 V.
1459 4875 1496 4928 A.
1515 4896 1552 4923 =
1570 4873 1604 4928 Β.

237 4964 274 5034 ’7)
293 4967 354 5019 «Β.
372 4965 407 5019 V.
426 4997 463 5008 —
480 4966 509 5018 in
522 4966 558 5019 A.
579 4969 617 5040 ’·)
630 4967 776 5020 immutent
788 4969 821 5021 B.
836 4968 867 5019 P.
886 4997 922 5008 -
939 4966 1085 5019 immutant
1098 4964 1135 5017 V.
1154 4993 1190 5004 —
1206 4971 1314 5015 mutent
1327 4963 1363 5016 A.
1382 4963 1423 5035 ⁴⁹)
1438 4959 1490 5018 sed
1509 4962 1541 5018 V
1539 5000 1547 5016 .
1567 4962 1605 5016 A.

235 5084 270 5095 -
288 5053 363 5106 seB.
384 5055 420 5124 ’·)
435 5061 505 5126 quot
520 5055 557 5110 V.
575 5054 611 5108 A.
631 5085 665 5097 -
685 5073 738 5128 quc
752 5055 784 5108 B.
805 5056 842 5128 ’·)
858 5055 996 5106 inmuteut
1008 5053 1040 5107 B.
1051 5052 1087 5108 V.
1106 5084 1137 5092 -
1157 5059 1266 5103 mutent
1281 5050 1317 5104 A.
1337 5051 1484 5107 mutantis
1504 5045 1602 5121 ‘'lbcc

234 5139 267 5194 Β.
288 5139 320 5196 V
318 5177 325 5192 .
346 5143 376 5194 P.
396 5171 431 5184 ·-
449 5137 518 5194 lseec
537 5143 574 5198 A.
595 5145 631 5214 ⁵⁸)
652 5140 830 5198 tractabimus
852 5143 888 5198 V.
907 5142 944 5196 A.
965 5173 999 5184 -
1019 5140 1193 5196 tractavimus
1212 5139 1243 5194 Β.
1266 5139 1296 5194 P.
1661 5139 1664 5151 '

47 5217 52 5226 “
165 5226 195 5294 α)
215 5225 272 5280 Cic.
292 5227 341 5284 lv.
363 5226 446 5285 catil.
465 5235 493 5288 3.
546 5234 547 5237 ’
