<?xml version="1.0" encoding="UTF-8"?>
<!DOCTYPE html PUBLIC "-//W3C//DTD XHTML 1.0 Transitional//EN"
    "http://www.w3.org/TR/xhtml1/DTD/xhtml1-transitional.dtd">
<html xmlns="http://www.w3.org/1999/xhtml" xml:lang="en" lang="en">
 <head>
  <title>
</title>
<meta http-equiv="Content-Type" content="text/html;charset=utf-8" />
  <meta name='ocr-system' content='tesseract 3.04.00' />
  <meta name='ocr-capabilities' content='ocr_page ocr_carea ocr_par ocr_line ocrx_word'/>
</head>
<body>
  <div class='ocr_page' id='page_1' title='image "./analectagrammat00eichgoog_0454.png"; bbox 0 0 4050 6064; ppageno 0'>
   <div class='ocr_carea' id='block_1_1' title="bbox 596 452 1612 528">
    <p class='ocr_par' dir='ltr' id='par_1_1' title="bbox 596 452 1612 528">
     <span class='ocr_line' id='line_1_1' title="bbox 596 452 1612 528; baseline 0.004 -20"><span class='ocrx_word' id='word_1_1' title='bbox 596 455 916 514; x_wconf 77' lang='lat' dir='ltr'><strong>uuoltlatts</strong></span> <span class='ocrx_word' id='word_1_2' title='bbox 953 452 1156 510; x_wconf 75' lang='lat' dir='ltr'><strong>utnon.</strong></span> <span class='ocrx_word' id='word_1_3' title='bbox 1540 453 1612 528; x_wconf 63' lang='lat'><strong>425</strong></span> 
     </span>
    </p>
   </div>
   <div class='ocr_carea' id='block_1_2' title="bbox 30 595 1727 4455">
    <p class='ocr_par' dir='ltr' id='par_1_2' title="bbox 30 595 1613 1300">
     <span class='ocr_line' id='line_1_2' title="bbox 32 595 1611 689; baseline -0.004 -18"><span class='ocrx_word' id='word_1_4' title='bbox 32 647 34 686; x_wconf 46' lang='lat' dir='ltr'>s</span> <span class='ocrx_word' id='word_1_5' title='bbox 141 619 202 680; x_wconf 70' lang='lat' dir='ltr'><strong>tum</strong></span> <span class='ocrx_word' id='word_1_6' title='bbox 227 605 294 668; x_wconf 85' lang='lat' dir='ltr'><strong>ltac</strong></span> <span class='ocrx_word' id='word_1_7' title='bbox 316 603 361 668; x_wconf 87' lang='lat' dir='ltr'><strong>de</strong></span> <span class='ocrx_word' id='word_1_8' title='bbox 378 623 493 682; x_wconf 69' lang='lat' dir='ltr'><strong>musa,</strong></span> <span class='ocrx_word' id='word_1_9' title='bbox 511 601 678 689; x_wconf 58' lang='lat' dir='ltr'><strong>moniam</strong></span> <span class='ocrx_word' id='word_1_10' title='bbox 706 619 945 688; x_wconf 87' lang='lat' dir='ltr'><strong>quaecumque</strong></span> <span class='ocrx_word' id='word_1_11' title='bbox 963 599 1069 666; x_wconf 83' lang='lat' dir='ltr'><strong>verba</strong></span> <span class='ocrx_word' id='word_1_12' title='bbox 1095 595 1201 666; x_wconf 87' lang='lat' dir='ltr'><strong>modo</strong></span> <span class='ocrx_word' id='word_1_13' title='bbox 1231 599 1420 666; x_wconf 80' lang='lat' dir='ltr'><strong>indicativo</strong></span> <span class='ocrx_word' id='word_1_14' title='bbox 1442 602 1611 687; x_wconf 89' lang='lat' dir='ltr'><strong>temporis</strong></span> 
     </span>
     <span class='ocr_line' id='line_1_3' title="bbox 143 702 1612 792; baseline -0.003 -23"><span class='ocrx_word' id='word_1_15' title='bbox 143 705 327 792; x_wconf 85' lang='lat' dir='ltr'><strong>praesentis</strong></span> <span class='ocrx_word' id='word_1_16' title='bbox 346 725 389 770; x_wconf 85' lang='lat' dir='ltr'><strong>ex</strong></span> <span class='ocrx_word' id='word_1_17' title='bbox 406 705 507 769; x_wconf 85' lang='lat' dir='ltr'><strong>tertia</strong></span> <span class='ocrx_word' id='word_1_18' title='bbox 522 725 670 792; x_wconf 88' lang='lat' dir='ltr'><strong>persona</strong></span> <span class='ocrx_word' id='word_1_19' title='bbox 694 707 830 770; x_wconf 88' lang='lat' dir='ltr'><strong>numeri</strong></span> <span class='ocrx_word' id='word_1_20' title='bbox 857 704 1000 790; x_wconf 88' lang='lat' dir='ltr'><strong>pluralis</strong></span> <span class='ocrx_word' id='word_1_21' title='bbox 1020 702 1141 766; x_wconf 79' lang='lat' dir='ltr'><strong>·UNT·</strong></span> <span class='ocrx_word' id='word_1_22' title='bbox 1164 702 1288 768; x_wconf 87' lang='lat' dir='ltr'><strong>litteris</strong></span> <span class='ocrx_word' id='word_1_23' title='bbox 1309 715 1388 788; x_wconf 82' lang='lat' dir='ltr'><strong>post</strong></span> <span class='ocrx_word' id='word_1_24' title='bbox 1414 721 1612 768; x_wconf 87' lang='lat' dir='ltr'><strong>consonan-</strong></span> 
     </span>
     <span class='ocr_line' id='line_1_4' title="bbox 144 804 1612 891; baseline -0.001 -21.142"><span class='ocrx_word' id='word_1_25' title='bbox 144 821 203 872; x_wconf 88' lang='lat' dir='ltr'><strong>tem</strong></span> <span class='ocrx_word' id='word_1_26' title='bbox 224 806 498 882; x_wconf 88' lang='lat' dir='ltr'><strong>concluduntur,</strong></span> <span class='ocrx_word' id='word_1_27' title='bbox 523 809 608 870; x_wconf 80' lang='lat' dir='ltr'><strong>liaeo</strong></span> <span class='ocrx_word' id='word_1_28' title='bbox 625 808 661 870; x_wconf 92' lang='lat' dir='ltr'><strong>in</strong></span> <span class='ocrx_word' id='word_1_29' title='bbox 678 806 801 870; x_wconf 89' lang='lat' dir='ltr'><strong>eodem</strong></span> <span class='ocrx_word' id='word_1_30' title='bbox 822 806 1011 871; x_wconf 87' lang='lat' dir='ltr'><strong>indicativo</strong></span> <span class='ocrx_word' id='word_1_31' title='bbox 1037 805 1143 870; x_wconf 92' lang='lat' dir='ltr'><strong>modo</strong></span> <span class='ocrx_word' id='word_1_32' title='bbox 1165 805 1332 891; x_wconf 87' lang='lat' dir='ltr'><strong>temporis</strong></span> <span class='ocrx_word' id='word_1_33' title='bbox 1353 804 1545 890; x_wconf 84' lang='lat' dir='ltr'><strong>praesentia</strong></span> <span class='ocrx_word' id='word_1_34' title='bbox 1566 821 1612 868; x_wconf 86' lang='lat' dir='ltr'><strong>ex</strong></span> 
     </span>
     <span class='ocr_line' id='line_1_5' title="bbox 144 899 1612 996; baseline -0.004 -22"><span class='ocrx_word' id='word_1_35' title='bbox 144 911 251 996; x_wconf 83' lang='lat' dir='ltr'><strong>prima</strong></span> <span class='ocrx_word' id='word_1_36' title='bbox 268 928 420 994; x_wconf 89' lang='lat' dir='ltr'><strong>persona</strong></span> <span class='ocrx_word' id='word_1_37' title='bbox 435 909 572 972; x_wconf 83' lang='lat' dir='ltr'><strong>numeri</strong></span> <span class='ocrx_word' id='word_1_38' title='bbox 588 909 773 992; x_wconf 83' lang='lat' dir='ltr'><strong>singularis</strong></span> <span class='ocrx_word' id='word_1_39' title='bbox 789 907 847 973; x_wconf 93' lang='lat'><strong>·0·</strong></span> <span class='ocrx_word' id='word_1_40' title='bbox 863 908 977 972; x_wconf 90' lang='lat' dir='ltr'><strong>littera</strong></span> <span class='ocrx_word' id='word_1_41' title='bbox 993 899 1036 991; x_wconf 78' lang='lat'><strong>³²)</strong></span> <span class='ocrx_word' id='word_1_42' title='bbox 1062 919 1142 992; x_wconf 87' lang='lat' dir='ltr'><strong>poet</strong></span> <span class='ocrx_word' id='word_1_43' title='bbox 1164 922 1414 971; x_wconf 78' lang='lat' dir='ltr'><strong>consonantem</strong></span> <span class='ocrx_word' id='word_1_44' title='bbox 1440 906 1612 970; x_wconf 87' lang='lat' dir='ltr'><strong>deliniun-</strong></span> 
     </span>
     <span class='ocr_line' id='line_1_6' title="bbox 143 1001 1611 1095; baseline -0.003 -20"><span class='ocrx_word' id='word_1_45' title='bbox 143 1025 207 1087; x_wconf 90' lang='lat' dir='ltr'><strong>tur,</strong></span> <span class='ocrx_word' id='word_1_46' title='bbox 223 1025 263 1074; x_wconf 87' lang='lat' dir='ltr'><strong>ot</strong></span> <span class='ocrx_word' id='word_1_47' title='bbox 287 1023 370 1095; x_wconf 87' lang='lat' dir='ltr'><strong>puta</strong></span> <span class='ocrx_word' id='word_1_48' title='bbox 387 1009 614 1088; x_wconf 87' lang='lat' dir='ltr'><strong>scribunt,</strong></span> <span class='ocrx_word' id='word_1_49' title='bbox 632 1009 792 1075; x_wconf 87' lang='lat' dir='ltr'><strong>scribo.</strong></span> <span class='ocrx_word' id='word_1_50' title='bbox 816 1011 919 1074; x_wconf 89' lang='lat' dir='ltr'><strong>Nunc</strong></span> <span class='ocrx_word' id='word_1_51' title='bbox 936 1031 1015 1074; x_wconf 93' lang='lat' dir='ltr'><strong>cum</strong></span> <span class='ocrx_word' id='word_1_52' title='bbox 1035 1009 1128 1073; x_wconf 92' lang='lat' dir='ltr'><strong>dicat</strong></span> <span class='ocrx_word' id='word_1_53' title='bbox 1143 1007 1321 1093; x_wconf 83' lang='lat' dir='ltr'><strong>Vergilius</strong></span> <span class='ocrx_word' id='word_1_54' title='bbox 1339 1043 1381 1058; x_wconf 98' lang='lat'>-</span> <span class='ocrx_word' id='word_1_55' title='bbox 1396 1006 1552 1072; x_wconf 86' lang='lat' dir='ltr'><strong>lavant</strong></span> <span class='ocrx_word' id='word_1_56' title='bbox 1567 1001 1611 1091; x_wconf 78' lang='lat'><strong>³³)</strong></span> 
     </span>
     <span class='ocr_line' id='line_1_7' title="bbox 144 1104 1613 1198; baseline 0 -24"><span class='ocrx_word' id='word_1_57' title='bbox 144 1112 355 1196; x_wconf 78' lang='lat' dir='ltr'><strong>frigentis</strong></span> <span class='ocrx_word' id='word_1_58' title='bbox 378 1105 421 1196; x_wconf 70' lang='lat'><strong>⁸⁴)</strong></span> <span class='ocrx_word' id='word_1_59' title='bbox 444 1125 485 1176; x_wconf 88' lang='lat' dir='ltr'><strong>et</strong></span> <span class='ocrx_word' id='word_1_60' title='bbox 507 1125 676 1196; x_wconf 78' lang='lat' dir='ltr'><strong>ungunt</strong></span> <span class='ocrx_word' id='word_1_61' title='bbox 695 1115 725 1196; x_wconf 78' lang='lat'><strong>⁶)</strong></span> <span class='ocrx_word' id='word_1_62' title='bbox 744 1147 788 1160; x_wconf 95' lang='lat'><em>-</em></span> <span class='ocrx_word' id='word_1_63' title='bbox 814 1112 935 1198; x_wconf 91' lang='lat' dir='ltr'><strong>utique</strong></span> <span class='ocrx_word' id='word_1_64' title='bbox 957 1112 1025 1176; x_wconf 90' lang='lat' dir='ltr'><strong>iam</strong></span> <span class='ocrx_word' id='word_1_65' title='bbox 1049 1131 1168 1195; x_wconf 76' lang='lat' dir='ltr'><strong>ungo</strong></span> <span class='ocrx_word' id='word_1_66' title='bbox 1190 1131 1263 1175; x_wconf 86' lang='lat' dir='ltr'><strong>nou</strong></span> <span class='ocrx_word' id='word_1_67' title='bbox 1278 1104 1480 1194; x_wconf 71' lang='lat' dir='ltr'><strong>ungeo⁸⁵J</strong></span> <span class='ocrx_word' id='word_1_68' title='bbox 1501 1109 1613 1174; x_wconf 79' lang='lat' dir='ltr'><strong>iacere</strong></span> 
     </span>
     <span class='ocr_line' id='line_1_8' title="bbox 30 1213 392 1300; baseline 0.017 -28"><span class='ocrx_word' id='word_1_69' title='bbox 30 1229 31 1272; x_wconf 66' lang='lat'>1</span> <span class='ocrx_word' id='word_1_70' title='bbox 146 1213 392 1300; x_wconf 87' lang='lat' dir='ltr'><strong>pronuntiavit.</strong></span> 
     </span>
    </p>

    <p class='ocr_par' dir='ltr' id='par_1_3' title="bbox 144 1313 1620 1911">
     <span class='ocr_line' id='line_1_9' title="bbox 221 1313 1614 1400; baseline -0.004 -19"><span class='ocrx_word' id='word_1_71' title='bbox 221 1319 300 1384; x_wconf 79' lang='lat'><strong>829.</strong></span> <span class='ocrx_word' id='word_1_72' title='bbox 317 1316 403 1379; x_wconf 90' lang='lat' dir='ltr'><strong>Item</strong></span> <span class='ocrx_word' id='word_1_73' title='bbox 422 1327 457 1380; x_wconf 86' lang='lat' dir='ltr'><strong>et</strong></span> <span class='ocrx_word' id='word_1_74' title='bbox 473 1315 541 1379; x_wconf 92' lang='lat' dir='ltr'><strong>alia</strong></span> <span class='ocrx_word' id='word_1_75' title='bbox 555 1313 728 1400; x_wconf 90' lang='lat' dir='ltr'><strong>probatio,</strong></span> <span class='ocrx_word' id='word_1_76' title='bbox 740 1336 808 1400; x_wconf 91' lang='lat' dir='ltr'><strong>qua</strong></span> <span class='ocrx_word' id='word_1_77' title='bbox 823 1334 949 1399; x_wconf 77' lang='lat' dir='ltr'><strong>ungo,</strong></span> <span class='ocrx_word' id='word_1_78' title='bbox 966 1335 1039 1380; x_wconf 87' lang='lat' dir='ltr'><strong>non</strong></span> <span class='ocrx_word' id='word_1_79' title='bbox 1060 1335 1203 1400; x_wconf 76' lang='lat' dir='ltr'><strong>ungeo</strong></span> <span class='ocrx_word' id='word_1_80' title='bbox 1220 1315 1333 1380; x_wconf 83' lang='lat' dir='ltr'><strong>lacere</strong></span> <span class='ocrx_word' id='word_1_81' title='bbox 1348 1313 1614 1400; x_wconf 71' lang='lat' dir='ltr'><strong>pronuntiatur-3</strong></span> 
     </span>
     <span class='ocr_line' id='line_1_10' title="bbox 144 1411 1616 1502; baseline -0.004 -20"><span class='ocrx_word' id='word_1_82' title='bbox 144 1418 273 1482; x_wconf 81' lang='lat' dir='ltr'><strong>sedicet</strong></span> <span class='ocrx_word' id='word_1_83' title='bbox 299 1417 465 1502; x_wconf 88' lang='lat' dir='ltr'><strong>quoniam</strong></span> <span class='ocrx_word' id='word_1_84' title='bbox 498 1413 738 1500; x_wconf 84' lang='lat' dir='ltr'><strong>quaecumque</strong></span> <span class='ocrx_word' id='word_1_85' title='bbox 763 1417 871 1482; x_wconf 82' lang='lat' dir='ltr'><strong>verba</strong></span> <span class='ocrx_word' id='word_1_86' title='bbox 895 1417 992 1482; x_wconf 92' lang='lat' dir='ltr'><strong>modi</strong></span> <span class='ocrx_word' id='word_1_87' title='bbox 1014 1417 1140 1482; x_wconf 81' lang='lat' dir='ltr'><strong>infiniti</strong></span> <span class='ocrx_word' id='word_1_88' title='bbox 1163 1411 1206 1502; x_wconf 76' lang='lat'><strong>⁸⁰)</strong></span> <span class='ocrx_word' id='word_1_89' title='bbox 1232 1417 1399 1502; x_wconf 87' lang='lat' dir='ltr'><strong>temporis</strong></span> <span class='ocrx_word' id='word_1_90' title='bbox 1424 1415 1616 1500; x_wconf 89' lang='lat' dir='ltr'><strong>praesentis</strong></span> 
     </span>
     <span class='ocr_line' id='line_1_11' title="bbox 144 1513 1620 1605; baseline -0.004 -21"><span class='ocrx_word' id='word_1_91' title='bbox 144 1519 376 1605; x_wconf 84' lang='lat' dir='ltr'><strong>corripiuntur</strong></span> <span class='ocrx_word' id='word_1_92' title='bbox 393 1513 458 1601; x_wconf 73' lang='lat'><strong>⁸5),</strong></span> <span class='ocrx_word' id='word_1_93' title='bbox 482 1519 567 1581; x_wconf 89' lang='lat' dir='ltr'><strong>haec</strong></span> <span class='ocrx_word' id='word_1_94' title='bbox 589 1519 777 1582; x_wconf 88' lang='lat' dir='ltr'><strong>indicativo</strong></span> <span class='ocrx_word' id='word_1_95' title='bbox 801 1521 906 1583; x_wconf 91' lang='lat' dir='ltr'><strong>modo</strong></span> <span class='ocrx_word' id='word_1_96' title='bbox 933 1521 1100 1604; x_wconf 87' lang='lat' dir='ltr'><strong>temporis</strong></span> <span class='ocrx_word' id='word_1_97' title='bbox 1128 1522 1318 1604; x_wconf 84' lang='lat' dir='ltr'><strong>praesentis</strong></span> <span class='ocrx_word' id='word_1_98' title='bbox 1341 1537 1386 1582; x_wconf 85' lang='lat' dir='ltr'><strong>ex</strong></span> <span class='ocrx_word' id='word_1_99' title='bbox 1405 1517 1518 1603; x_wconf 87' lang='lat' dir='ltr'><strong>prima</strong></span> <span class='ocrx_word' id='word_1_100' title='bbox 1536 1535 1620 1601; x_wconf 89' lang='lat' dir='ltr'><strong>per·</strong></span> 
     </span>
     <span class='ocr_line' id='line_1_12' title="bbox 144 1617 1618 1706; baseline -0.004 -20"><span class='ocrx_word' id='word_1_101' title='bbox 144 1642 223 1686; x_wconf 85' lang='lat' dir='ltr'><strong>sona</strong></span> <span class='ocrx_word' id='word_1_102' title='bbox 235 1620 374 1684; x_wconf 88' lang='lat' dir='ltr'><strong>numeri</strong></span> <span class='ocrx_word' id='word_1_103' title='bbox 393 1617 578 1702; x_wconf 79' lang='lat' dir='ltr'><strong>singularis</strong></span> <span class='ocrx_word' id='word_1_104' title='bbox 592 1641 784 1706; x_wconf 77' lang='lat' dir='ltr'><strong>numquam</strong></span> <span class='ocrx_word' id='word_1_105' title='bbox 803 1619 892 1685; x_wconf 86' lang='lat' dir='ltr'><strong>·E0·</strong></span> <span class='ocrx_word' id='word_1_106' title='bbox 909 1621 1033 1684; x_wconf 90' lang='lat' dir='ltr'><strong>litteris</strong></span> <span class='ocrx_word' id='word_1_107' title='bbox 1058 1621 1279 1687; x_wconf 85' lang='lat' dir='ltr'><strong>deliniuntur.</strong></span> <span class='ocrx_word' id='word_1_108' title='bbox 1301 1621 1405 1686; x_wconf 84' lang='lat' dir='ltr'><strong>Nunc</strong></span> <span class='ocrx_word' id='word_1_109' title='bbox 1428 1637 1507 1682; x_wconf 91' lang='lat' dir='ltr'><strong>cum</strong></span> <span class='ocrx_word' id='word_1_110' title='bbox 1525 1617 1618 1682; x_wconf 88' lang='lat' dir='ltr'><strong>dicat</strong></span> 
     </span>
     <span class='ocr_line' id='line_1_13' title="bbox 148 1715 1619 1809; baseline -0.003 -23"><span class='ocrx_word' id='word_1_111' title='bbox 148 1722 323 1808; x_wconf 79' lang='lat' dir='ltr'><strong>Vergilius</strong></span> <span class='ocrx_word' id='word_1_112' title='bbox 343 1757 388 1774; x_wconf 89' lang='lat'>-</span> <span class='ocrx_word' id='word_1_113' title='bbox 408 1721 590 1808; x_wconf 82' lang='lat' dir='ltr'><strong>Ungere</strong></span> <span class='ocrx_word' id='word_1_114' title='bbox 613 1715 657 1806; x_wconf 77' lang='lat'><strong>³⁸)</strong></span> <span class='ocrx_word' id='word_1_115' title='bbox 681 1723 772 1787; x_wconf 91' lang='lat' dir='ltr'><strong>tela</strong></span> <span class='ocrx_word' id='word_1_116' title='bbox 794 1743 921 1786; x_wconf 90' lang='lat' dir='ltr'><strong>manu</strong></span> <span class='ocrx_word' id='word_1_117' title='bbox 942 1721 972 1808; x_wconf 90' lang='grc'><strong>’)</strong></span> <span class='ocrx_word' id='word_1_118' title='bbox 993 1757 1038 1774; x_wconf 90' lang='lat'><em>-</em></span> <span class='ocrx_word' id='word_1_119' title='bbox 1058 1725 1179 1809; x_wconf 88' lang='lat' dir='ltr'><strong>utique</strong></span> <span class='ocrx_word' id='word_1_120' title='bbox 1205 1725 1272 1788; x_wconf 93' lang='lat' dir='ltr'><strong>iam</strong></span> <span class='ocrx_word' id='word_1_121' title='bbox 1295 1742 1432 1806; x_wconf 78' lang='lat' dir='ltr'><strong>ungo,</strong></span> <span class='ocrx_word' id='word_1_122' title='bbox 1454 1739 1527 1784; x_wconf 89' lang='lat' dir='ltr'><strong>non</strong></span> <span class='ocrx_word' id='word_1_123' title='bbox 1544 1737 1619 1782; x_wconf 87' lang='lat' dir='ltr'><strong>un·</strong></span> 
     </span>
     <span class='ocr_line' id='line_1_14' title="bbox 146 1823 1299 1911; baseline -0.01 -21"><span class='ocrx_word' id='word_1_124' title='bbox 146 1847 219 1911; x_wconf 74' lang='lat' dir='ltr'><strong>geo</strong></span> <span class='ocrx_word' id='word_1_125' title='bbox 240 1824 354 1889; x_wconf 78' lang='lat' dir='ltr'><strong>lacere</strong></span> <span class='ocrx_word' id='word_1_126' title='bbox 376 1823 633 1909; x_wconf 88' lang='lat' dir='ltr'><strong>pronuntiatur.</strong></span> <span class='ocrx_word' id='word_1_127' title='bbox 1293 1851 1299 1858; x_wconf 90' lang='lat'><em>·</em></span> 
     </span>
    </p>

    <p class='ocr_par' dir='ltr' id='par_1_4' title="bbox 144 1924 1707 2519">
     <span class='ocr_line' id='line_1_15' title="bbox 221 1924 1619 2009; baseline -0.005 -16"><span class='ocrx_word' id='word_1_128' title='bbox 221 1931 302 1993; x_wconf 80' lang='lat'><em>830.</em></span> <span class='ocrx_word' id='word_1_129' title='bbox 318 1925 516 2009; x_wconf 79' lang='lat' dir='ltr'><strong>Quaeritur,</strong></span> <span class='ocrx_word' id='word_1_130' title='bbox 531 1945 599 2009; x_wconf 88' lang='lat' dir='ltr'><strong>qua</strong></span> <span class='ocrx_word' id='word_1_131' title='bbox 617 1925 659 1988; x_wconf 92' lang='lat' dir='ltr'><strong>de</strong></span> <span class='ocrx_word' id='word_1_132' title='bbox 676 1945 778 1990; x_wconf 87' lang='lat' dir='ltr'><strong>eausa</strong></span> <span class='ocrx_word' id='word_1_133' title='bbox 794 1925 911 2002; x_wconf 88' lang='lat' dir='ltr'><strong>adeo,</strong></span> <span class='ocrx_word' id='word_1_134' title='bbox 930 1938 963 1990; x_wconf 89' lang='lat' dir='ltr'><strong>et</strong></span> <span class='ocrx_word' id='word_1_135' title='bbox 982 1943 1055 1988; x_wconf 90' lang='lat' dir='ltr'><strong>non</strong></span> <span class='ocrx_word' id='word_1_136' title='bbox 1071 1925 1173 1990; x_wconf 91' lang='lat' dir='ltr'><strong>adio</strong></span> <span class='ocrx_word' id='word_1_137' title='bbox 1192 1926 1342 2001; x_wconf 88' lang='lat' dir='ltr'><strong>dicatur;</strong></span> <span class='ocrx_word' id='word_1_138' title='bbox 1360 1928 1425 1989; x_wconf 87' lang='lat' dir='ltr'><strong>bac</strong></span> <span class='ocrx_word' id='word_1_139' title='bbox 1443 1924 1485 1988; x_wconf 93' lang='lat' dir='ltr'><strong>de</strong></span> <span class='ocrx_word' id='word_1_140' title='bbox 1505 1943 1619 1997; x_wconf 86' lang='lat' dir='ltr'><strong>causa,</strong></span> 
     </span>
     <span class='ocr_line' id='line_1_16' title="bbox 148 2024 1620 2114; baseline -0.003 -22"><span class='ocrx_word' id='word_1_141' title='bbox 148 2031 310 2114; x_wconf 89' lang='lat' dir='ltr'><strong>qnoniam</strong></span> <span class='ocrx_word' id='word_1_142' title='bbox 329 2047 571 2113; x_wconf 87' lang='lat' dir='ltr'><strong>quaecumque</strong></span> <span class='ocrx_word' id='word_1_143' title='bbox 585 2025 692 2090; x_wconf 86' lang='lat' dir='ltr'><strong>verba</strong></span> <span class='ocrx_word' id='word_1_144' title='bbox 707 2029 802 2092; x_wconf 90' lang='lat' dir='ltr'><strong>modi</strong></span> <span class='ocrx_word' id='word_1_145' title='bbox 821 2028 1019 2102; x_wconf 75' lang='lat' dir='ltr'><strong>indicativi,</strong></span> <span class='ocrx_word' id='word_1_146' title='bbox 1044 2029 1210 2113; x_wconf 92' lang='lat' dir='ltr'><strong>temporis</strong></span> <span class='ocrx_word' id='word_1_147' title='bbox 1231 2027 1422 2112; x_wconf 87' lang='lat' dir='ltr'><strong>praesentis</strong></span> <span class='ocrx_word' id='word_1_148' title='bbox 1449 2047 1494 2090; x_wconf 82' lang='lat' dir='ltr'><strong>ex</strong></span> <span class='ocrx_word' id='word_1_149' title='bbox 1517 2024 1620 2088; x_wconf 86' lang='lat' dir='ltr'><strong>tertia</strong></span> 
     </span>
     <span class='ocr_line' id='line_1_17' title="bbox 145 2122 1618 2216; baseline -0.003 -23"><span class='ocrx_word' id='word_1_150' title='bbox 145 2149 293 2216; x_wconf 85' lang='lat' dir='ltr'><strong>persona</strong></span> <span class='ocrx_word' id='word_1_151' title='bbox 307 2129 444 2192; x_wconf 85' lang='lat' dir='ltr'><strong>numeri</strong></span> <span class='ocrx_word' id='word_1_152' title='bbox 458 2122 501 2211; x_wconf 81' lang='lat'><strong>⁶¹⁹)</strong></span> <span class='ocrx_word' id='word_1_153' title='bbox 521 2128 705 2212; x_wconf 83' lang='lat' dir='ltr'><strong>singularis</strong></span> <span class='ocrx_word' id='word_1_154' title='bbox 731 2129 882 2192; x_wconf 67' lang='lat' dir='ltr'><strong>EUNT·</strong></span> <span class='ocrx_word' id='word_1_155' title='bbox 898 2129 1023 2195; x_wconf 86' lang='lat' dir='ltr'><strong>litteris</strong></span> <span class='ocrx_word' id='word_1_156' title='bbox 1043 2129 1315 2203; x_wconf 87' lang='lat' dir='ltr'><strong>concluduntur,</strong></span> <span class='ocrx_word' id='word_1_157' title='bbox 1338 2130 1424 2193; x_wconf 88' lang='lat' dir='ltr'><strong>haec</strong></span> <span class='ocrx_word' id='word_1_158' title='bbox 1444 2129 1480 2192; x_wconf 89' lang='lat' dir='ltr'><strong>in</strong></span> <span class='ocrx_word' id='word_1_159' title='bbox 1495 2127 1618 2192; x_wconf 89' lang='lat' dir='ltr'><strong>eodem</strong></span> 
     </span>
     <span class='ocr_line' id='line_1_18' title="bbox 145 2227 1618 2318; baseline -0.001 -24"><span class='ocrx_word' id='word_1_160' title='bbox 145 2231 332 2294; x_wconf 80' lang='lat' dir='ltr'><strong>indicativo</strong></span> <span class='ocrx_word' id='word_1_161' title='bbox 360 2230 464 2294; x_wconf 92' lang='lat' dir='ltr'><strong>modo</strong></span> <span class='ocrx_word' id='word_1_162' title='bbox 487 2231 655 2315; x_wconf 88' lang='lat' dir='ltr'><strong>temporis</strong></span> <span class='ocrx_word' id='word_1_163' title='bbox 679 2231 870 2315; x_wconf 86' lang='lat' dir='ltr'><strong>praesentis</strong></span> <span class='ocrx_word' id='word_1_164' title='bbox 897 2252 942 2294; x_wconf 83' lang='lat' dir='ltr'><strong>ex</strong></span> <span class='ocrx_word' id='word_1_165' title='bbox 967 2233 1081 2317; x_wconf 89' lang='lat' dir='ltr'><strong>prima</strong></span> <span class='ocrx_word' id='word_1_166' title='bbox 1103 2252 1255 2318; x_wconf 82' lang='lat' dir='ltr'><strong>persona</strong></span> <span class='ocrx_word' id='word_1_167' title='bbox 1280 2230 1417 2293; x_wconf 89' lang='lat' dir='ltr'><strong>numeri</strong></span> <span class='ocrx_word' id='word_1_168' title='bbox 1432 2227 1618 2312; x_wconf 85' lang='lat' dir='ltr'><strong>singularis</strong></span> 
     </span>
     <span class='ocr_line' id='line_1_19' title="bbox 145 2319 1707 2416; baseline -0.001 -21"><span class='ocrx_word' id='word_1_169' title='bbox 145 2331 229 2398; x_wconf 87' lang='lat' dir='ltr'><strong>·E0·</strong></span> <span class='ocrx_word' id='word_1_170' title='bbox 252 2333 377 2396; x_wconf 83' lang='lat' dir='ltr'><strong>litteris</strong></span> <span class='ocrx_word' id='word_1_171' title='bbox 393 2331 623 2407; x_wconf 85' lang='lat' dir='ltr'><strong>definiuntur,</strong></span> <span class='ocrx_word' id='word_1_172' title='bbox 645 2344 683 2395; x_wconf 91' lang='lat' dir='ltr'><strong>ut</strong></span> <span class='ocrx_word' id='word_1_173' title='bbox 705 2345 806 2416; x_wconf 85' lang='lat' dir='ltr'><strong>puta:</strong></span> <span class='ocrx_word' id='word_1_174' title='bbox 826 2346 949 2410; x_wconf 88' lang='lat' dir='ltr'><strong>eunt,</strong></span> <span class='ocrx_word' id='word_1_175' title='bbox 968 2355 1029 2398; x_wconf 86' lang='lat' dir='ltr'><strong>eo.</strong></span> <span class='ocrx_word' id='word_1_176' title='bbox 1051 2335 1155 2398; x_wconf 90' lang='lat' dir='ltr'><strong>Nunc</strong></span> <span class='ocrx_word' id='word_1_177' title='bbox 1179 2353 1258 2399; x_wconf 91' lang='lat' dir='ltr'><strong>oum</strong></span> <span class='ocrx_word' id='word_1_178' title='bbox 1275 2332 1367 2396; x_wconf 87' lang='lat' dir='ltr'><strong>dicat</strong></span> <span class='ocrx_word' id='word_1_179' title='bbox 1378 2331 1554 2416; x_wconf 72' lang='lat' dir='ltr'><strong>Vergilius</strong></span> <span class='ocrx_word' id='word_1_180' title='bbox 1578 2367 1620 2380; x_wconf 94' lang='lat'>—</span> <span class='ocrx_word' id='word_1_181' title='bbox 1699 2319 1707 2330; x_wconf 77' lang='grc'><strong>’</strong></span> 
     </span>
     <span class='ocr_line' id='line_1_20' title="bbox 144 2427 1620 2519; baseline -0.002 -21"><span class='ocrx_word' id='word_1_182' title='bbox 144 2433 327 2498; x_wconf 89' lang='lat' dir='ltr'><strong>delubra</strong></span> <span class='ocrx_word' id='word_1_183' title='bbox 349 2433 552 2517; x_wconf 76' lang='lat' dir='ltr'><strong>adeuut‘)</strong></span> <span class='ocrx_word' id='word_1_184' title='bbox 574 2467 619 2482; x_wconf 86' lang='lat'><em>-</em></span> <span class='ocrx_word' id='word_1_185' title='bbox 640 2427 761 2518; x_wconf 83' lang='lat' dir='ltr'><strong>utique</strong></span> <span class='ocrx_word' id='word_1_186' title='bbox 785 2435 853 2498; x_wconf 92' lang='lat' dir='ltr'><strong>iam</strong></span> <span class='ocrx_word' id='word_1_187' title='bbox 877 2435 999 2510; x_wconf 90' lang='lat' dir='ltr'><strong>adeo,</strong></span> <span class='ocrx_word' id='word_1_188' title='bbox 1022 2453 1094 2500; x_wconf 89' lang='lat' dir='ltr'><strong>non</strong></span> <span class='ocrx_word' id='word_1_189' title='bbox 1119 2436 1220 2501; x_wconf 90' lang='lat' dir='ltr'><strong>adio</strong></span> <span class='ocrx_word' id='word_1_190' title='bbox 1240 2433 1352 2498; x_wconf 86' lang='lat' dir='ltr'><strong>lacere</strong></span> <span class='ocrx_word' id='word_1_191' title='bbox 1369 2433 1620 2519; x_wconf 85' lang='lat' dir='ltr'><strong>pronuntiavit.</strong></span> 
     </span>
    </p>

    <p class='ocr_par' dir='ltr' id='par_1_5' title="bbox 147 2533 1727 2926">
     <span class='ocr_line' id='line_1_21' title="bbox 226 2533 1621 2623; baseline -0.004 -21"><span class='ocrx_word' id='word_1_192' title='bbox 226 2537 303 2602; x_wconf 80' lang='lat'><em>831.</em></span> <span class='ocrx_word' id='word_1_193' title='bbox 329 2533 535 2617; x_wconf 82' lang='lat' dir='ltr'><strong>Quaeritur,</strong></span> <span class='ocrx_word' id='word_1_194' title='bbox 552 2537 677 2619; x_wconf 91' lang='lat' dir='ltr'><strong>quade</strong></span> <span class='ocrx_word' id='word_1_195' title='bbox 697 2557 798 2600; x_wconf 88' lang='lat' dir='ltr'><strong>eausa</strong></span> <span class='ocrx_word' id='word_1_196' title='bbox 823 2537 981 2622; x_wconf 88' lang='lat' dir='ltr'><strong>prandi</strong></span> <span class='ocrx_word' id='word_1_197' title='bbox 1003 2551 1037 2601; x_wconf 92' lang='lat' dir='ltr'><strong>et</strong></span> <span class='ocrx_word' id='word_1_198' title='bbox 1059 2557 1132 2602; x_wconf 91' lang='lat' dir='ltr'><strong>non</strong></span> <span class='ocrx_word' id='word_1_199' title='bbox 1149 2537 1359 2623; x_wconf 88' lang='lat' dir='ltr'><strong>prandidi</strong></span> <span class='ocrx_word' id='word_1_200' title='bbox 1382 2536 1533 2610; x_wconf 72' lang='lat' dir='ltr'><strong>dicatur-3</strong></span> <span class='ocrx_word' id='word_1_201' title='bbox 1555 2536 1621 2598; x_wconf 80' lang='lat' dir='ltr'><strong>bac</strong></span> 
     </span>
     <span class='ocr_line' id='line_1_22' title="bbox 148 2635 1727 2724; baseline 0.001 -24"><span class='ocrx_word' id='word_1_202' title='bbox 148 2635 187 2700; x_wconf 86' lang='lat' dir='ltr'><strong>de</strong></span> <span class='ocrx_word' id='word_1_203' title='bbox 203 2655 330 2712; x_wconf 90' lang='lat' dir='ltr'><strong>causa,</strong></span> <span class='ocrx_word' id='word_1_204' title='bbox 355 2637 520 2721; x_wconf 90' lang='lat' dir='ltr'><strong>quoniam</strong></span> <span class='ocrx_word' id='word_1_205' title='bbox 542 2638 713 2700; x_wconf 87' lang='lat' dir='ltr'><strong>secundae</strong></span> <span class='ocrx_word' id='word_1_206' title='bbox 733 2638 989 2722; x_wconf 85' lang='lat' dir='ltr'><strong>coniugationis</strong></span> <span class='ocrx_word' id='word_1_207' title='bbox 1006 2639 1112 2703; x_wconf 84' lang='lat' dir='ltr'><strong>v&#39;erba</strong></span> <span class='ocrx_word' id='word_1_208' title='bbox 1128 2641 1165 2702; x_wconf 92' lang='lat' dir='ltr'><strong>in</strong></span> <span class='ocrx_word' id='word_1_209' title='bbox 1180 2641 1296 2724; x_wconf 87' lang='lat' dir='ltr'><strong>specie</strong></span> <span class='ocrx_word' id='word_1_210' title='bbox 1319 2637 1489 2723; x_wconf 87' lang='lat' dir='ltr'><strong>perlecta,</strong></span> <span class='ocrx_word' id='word_1_211' title='bbox 1508 2649 1543 2701; x_wconf 87' lang='lat' dir='ltr'><strong>et</strong></span> <span class='ocrx_word' id='word_1_212' title='bbox 1558 2655 1659 2722; x_wconf 83' lang='lat' dir='ltr'><strong>perv.</strong></span> <span class='ocrx_word' id='word_1_213' title='bbox 1673 2655 1727 2716; x_wconf 55' lang='lat'><strong>³¹9.</strong></span> 
     </span>
     <span class='ocr_line' id='line_1_23' title="bbox 147 2736 1618 2824; baseline 0 -24"><span class='ocrx_word' id='word_1_214' title='bbox 147 2757 230 2822; x_wconf 86' lang='lat' dir='ltr'><strong>quas</strong></span> <span class='ocrx_word' id='word_1_215' title='bbox 249 2759 303 2802; x_wconf 88' lang='lat' dir='ltr'><strong>res</strong></span> <span class='ocrx_word' id='word_1_216' title='bbox 323 2736 412 2820; x_wconf 78' lang='lat' dir='ltr'><strong>regit</strong></span> <span class='ocrx_word' id='word_1_217' title='bbox 429 2738 561 2822; x_wconf 88' lang='lat' dir='ltr'><strong>species</strong></span> <span class='ocrx_word' id='word_1_218' title='bbox 584 2736 754 2822; x_wconf 79' lang='lat' dir='ltr'><strong>perlecta,</strong></span> <span class='ocrx_word' id='word_1_219' title='bbox 770 2739 976 2823; x_wconf 87' lang='lat' dir='ltr'><strong>prohibetur</strong></span> <span class='ocrx_word' id='word_1_220' title='bbox 995 2741 1172 2824; x_wconf 80' lang='lat' dir='ltr'><strong>geminare</strong></span> <span class='ocrx_word' id='word_1_221' title='bbox 1190 2741 1263 2804; x_wconf 89' lang='grc' dir='ltr'><strong>·Ι)Ι·</strong></span> <span class='ocrx_word' id='word_1_222' title='bbox 1285 2739 1462 2821; x_wconf 83' lang='lat' dir='ltr'><strong>syllabam.</strong></span> <span class='ocrx_word' id='word_1_223' title='bbox 1476 2738 1522 2803; x_wconf 87' lang='lat' dir='ltr'><strong>Et</strong></span> <span class='ocrx_word' id='word_1_224' title='bbox 1539 2737 1618 2801; x_wconf 86' lang='lat' dir='ltr'><strong>idco</strong></span> 
     </span>
     <span class='ocr_line' id='line_1_24' title="bbox 148 2826 1487 2926; baseline 0.001 -24"><span class='ocrx_word' id='word_1_225' title='bbox 148 2838 330 2925; x_wconf 83' lang='lat' dir='ltr'><strong>prandi,</strong></span> <span class='ocrx_word' id='word_1_226' title='bbox 353 2840 444 2922; x_wconf 65' lang='grc' dir='ltr'><strong>οῖ’)</strong></span> <span class='ocrx_word' id='word_1_227' title='bbox 464 2857 536 2903; x_wconf 91' lang='lat' dir='ltr'><strong>non</strong></span> <span class='ocrx_word' id='word_1_228' title='bbox 555 2839 760 2924; x_wconf 87' lang='lat' dir='ltr'><strong>prandidi</strong></span> <span class='ocrx_word' id='word_1_229' title='bbox 782 2840 892 2905; x_wconf 85' lang='lat' dir='ltr'><strong>lacere</strong></span> <span class='ocrx_word' id='word_1_230' title='bbox 909 2842 1165 2926; x_wconf 88' lang='lat' dir='ltr'><strong>pronuntiatur.</strong></span> <span class='ocrx_word' id='word_1_231' title='bbox 1484 2826 1487 2836; x_wconf 59' lang='grc'><strong>’</strong></span> 
     </span>
    </p>

    <p class='ocr_par' dir='ltr' id='par_1_6' title="bbox 148 2937 1723 3640">
     <span class='ocr_line' id='line_1_25' title="bbox 230 2937 1620 3024; baseline 0 -20"><span class='ocrx_word' id='word_1_232' title='bbox 230 2941 305 3006; x_wconf 77' lang='lat'><strong>8³2.</strong></span> <span class='ocrx_word' id='word_1_233' title='bbox 330 2937 527 3024; x_wconf 82' lang='lat' dir='ltr'><strong>Quaeritur,</strong></span> <span class='ocrx_word' id='word_1_234' title='bbox 547 2941 672 3024; x_wconf 93' lang='lat' dir='ltr'><strong>quade</strong></span> <span class='ocrx_word' id='word_1_235' title='bbox 687 2961 789 3006; x_wconf 88' lang='lat' dir='ltr'><strong>causa</strong></span> <span class='ocrx_word' id='word_1_236' title='bbox 804 2941 1024 3016; x_wconf 82' lang='lat' dir='ltr'><strong>redibam,</strong></span> <span class='ocrx_word' id='word_1_237' title='bbox 1044 2955 1078 3006; x_wconf 87' lang='lat' dir='ltr'><strong>et</strong></span> <span class='ocrx_word' id='word_1_238' title='bbox 1100 2963 1173 3006; x_wconf 90' lang='lat' dir='ltr'><strong>nou</strong></span> <span class='ocrx_word' id='word_1_239' title='bbox 1191 2941 1414 3007; x_wconf 90' lang='lat' dir='ltr'><strong>rediebam</strong></span> <span class='ocrx_word' id='word_1_240' title='bbox 1436 2941 1548 3006; x_wconf 83' lang='lat' dir='ltr'><strong>lacere</strong></span> <span class='ocrx_word' id='word_1_241' title='bbox 1564 2961 1620 3004; x_wconf 89' lang='lat' dir='ltr'><strong>re-</strong></span> 
     </span>
     <span class='ocr_line' id='line_1_26' title="bbox 149 3040 1621 3129; baseline 0.001 -26"><span class='ocrx_word' id='word_1_242' title='bbox 149 3041 323 3126; x_wconf 88' lang='lat' dir='ltr'><strong>periatur;</strong></span> <span class='ocrx_word' id='word_1_243' title='bbox 346 3041 411 3104; x_wconf 88' lang='lat' dir='ltr'><strong>hac</strong></span> <span class='ocrx_word' id='word_1_244' title='bbox 428 3040 470 3104; x_wconf 91' lang='lat' dir='ltr'><strong>de</strong></span> <span class='ocrx_word' id='word_1_245' title='bbox 486 3061 604 3118; x_wconf 88' lang='lat' dir='ltr'><strong>causa,</strong></span> <span class='ocrx_word' id='word_1_246' title='bbox 629 3045 794 3128; x_wconf 91' lang='lat' dir='ltr'><strong>quoniam</strong></span> <span class='ocrx_word' id='word_1_247' title='bbox 819 3064 1059 3129; x_wconf 89' lang='lat' dir='ltr'><strong>quaecumque</strong></span> <span class='ocrx_word' id='word_1_248' title='bbox 1080 3045 1185 3108; x_wconf 85' lang='lat' dir='ltr'><strong>verba</strong></span> <span class='ocrx_word' id='word_1_249' title='bbox 1204 3045 1392 3109; x_wconf 87' lang='lat' dir='ltr'><strong>indicativo</strong></span> <span class='ocrx_word' id='word_1_250' title='bbox 1410 3042 1516 3106; x_wconf 92' lang='lat' dir='ltr'><strong>modo</strong></span> <span class='ocrx_word' id='word_1_251' title='bbox 1532 3055 1621 3106; x_wconf 90' lang='lat' dir='ltr'><strong>tem-</strong></span> 
     </span>
     <span class='ocr_line' id='line_1_27' title="bbox 148 3142 1621 3230; baseline 0.001 -26"><span class='ocrx_word' id='word_1_252' title='bbox 148 3143 240 3226; x_wconf 88' lang='lat' dir='ltr'><strong>poris</strong></span> <span class='ocrx_word' id='word_1_253' title='bbox 265 3142 454 3227; x_wconf 86' lang='lat' dir='ltr'><strong>praesentis</strong></span> <span class='ocrx_word' id='word_1_254' title='bbox 472 3162 517 3206; x_wconf 84' lang='lat' dir='ltr'><strong>ex</strong></span> <span class='ocrx_word' id='word_1_255' title='bbox 531 3145 644 3230; x_wconf 91' lang='lat' dir='ltr'><strong>prima</strong></span> <span class='ocrx_word' id='word_1_256' title='bbox 659 3167 808 3230; x_wconf 90' lang='lat' dir='ltr'><strong>persona</strong></span> <span class='ocrx_word' id='word_1_257' title='bbox 822 3147 959 3211; x_wconf 87' lang='lat' dir='ltr'><strong>numeri</strong></span> <span class='ocrx_word' id='word_1_258' title='bbox 983 3146 1169 3230; x_wconf 84' lang='lat' dir='ltr'><strong>singularis</strong></span> <span class='ocrx_word' id='word_1_259' title='bbox 1191 3145 1279 3212; x_wconf 68' lang='lat' dir='ltr'><strong>uo·</strong></span> <span class='ocrx_word' id='word_1_260' title='bbox 1308 3144 1431 3209; x_wconf 87' lang='lat' dir='ltr'><strong>litteris</strong></span> <span class='ocrx_word' id='word_1_261' title='bbox 1450 3143 1621 3209; x_wconf 85' lang='lat' dir='ltr'><strong>deliniun-</strong></span> 
     </span>
     <span class='ocr_line' id='line_1_28' title="bbox 149 3235 1622 3336; baseline 0.001 -30"><span class='ocrx_word' id='word_1_262' title='bbox 149 3255 225 3318; x_wconf 87' lang='lat' dir='ltr'><strong>tur,</strong></span> <span class='ocrx_word' id='word_1_263' title='bbox 249 3245 335 3308; x_wconf 89' lang='lat' dir='ltr'><strong>haec</strong></span> <span class='ocrx_word' id='word_1_264' title='bbox 360 3245 395 3308; x_wconf 91' lang='lat' dir='ltr'><strong>in</strong></span> <span class='ocrx_word' id='word_1_265' title='bbox 420 3235 542 3308; x_wconf 87' lang='lat' dir='ltr'><strong>eodem</strong></span> <span class='ocrx_word' id='word_1_266' title='bbox 569 3247 675 3310; x_wconf 92' lang='lat' dir='ltr'><strong>modo</strong></span> <span class='ocrx_word' id='word_1_267' title='bbox 694 3249 861 3336; x_wconf 90' lang='lat' dir='ltr'><strong>temporis</strong></span> <span class='ocrx_word' id='word_1_268' title='bbox 884 3249 1064 3334; x_wconf 89' lang='lat' dir='ltr'><strong>praeteriti</strong></span> <span class='ocrx_word' id='word_1_269' title='bbox 1085 3249 1200 3333; x_wconf 89' lang='lat' dir='ltr'><strong>specie</strong></span> <span class='ocrx_word' id='word_1_270' title='bbox 1227 3246 1419 3334; x_wconf 77' lang='lat' dir='ltr'><strong>inperfecta</strong></span> <span class='ocrx_word' id='word_1_271' title='bbox 1440 3259 1519 3310; x_wconf 89' lang='lat' dir='ltr'><strong>ante</strong></span> <span class='ocrx_word' id='word_1_272' title='bbox 1538 3244 1622 3309; x_wconf 89' lang='lat' dir='ltr'><strong>nlti-</strong></span> 
     </span>
     <span class='ocr_line' id='line_1_29' title="bbox 148 3345 1621 3434; baseline 0.005 -29"><span class='ocrx_word' id='word_1_273' title='bbox 148 3364 239 3406; x_wconf 89' lang='lat' dir='ltr'><strong>mam</strong></span> <span class='ocrx_word' id='word_1_274' title='bbox 255 3345 420 3426; x_wconf 81' lang='lat' dir='ltr'><strong>syllabam</strong></span> <span class='ocrx_word' id='word_1_275' title='bbox 434 3365 624 3431; x_wconf 89' lang='lat' dir='ltr'><strong>numquam</strong></span> <span class='ocrx_word' id='word_1_276' title='bbox 635 3348 685 3412; x_wconf 87' lang='lat' dir='ltr'><strong>·E·</strong></span> <span class='ocrx_word' id='word_1_277' title='bbox 699 3349 848 3415; x_wconf 89' lang='lat' dir='ltr'><strong>litteram</strong></span> <span class='ocrx_word' id='word_1_278' title='bbox 863 3350 992 3415; x_wconf 88' lang='lat' dir='ltr'><strong>babent</strong></span> <span class='ocrx_word' id='word_1_279' title='bbox 1005 3351 1285 3423; x_wconf 85' lang='lat' dir='ltr'><strong>constitutam,ut</strong></span> <span class='ocrx_word' id='word_1_280' title='bbox 1299 3360 1401 3434; x_wconf 87' lang='lat' dir='ltr'><strong>puta:</strong></span> <span class='ocrx_word' id='word_1_281' title='bbox 1422 3369 1482 3423; x_wconf 92' lang='lat' dir='ltr'><strong>eo,</strong></span> <span class='ocrx_word' id='word_1_282' title='bbox 1499 3345 1621 3412; x_wconf 87' lang='lat' dir='ltr'><strong>ibam.</strong></span> 
     </span>
     <span class='ocr_line' id='line_1_30' title="bbox 149 3443 1723 3538; baseline 0.007 -32"><span class='ocrx_word' id='word_1_283' title='bbox 149 3445 345 3510; x_wconf 80' lang='lat' dir='ltr'><strong>Nunccum</strong></span> <span class='ocrx_word' id='word_1_284' title='bbox 363 3447 458 3511; x_wconf 90' lang='lat' dir='ltr'><strong>dieat</strong></span> <span class='ocrx_word' id='word_1_285' title='bbox 478 3443 679 3514; x_wconf 68' lang='lat' dir='ltr'><strong>Salustius*</strong></span> <span class='ocrx_word' id='word_1_286' title='bbox 698 3453 803 3517; x_wconf 90' lang='lat' dir='ltr'><strong>-ad</strong></span> <span class='ocrx_word' id='word_1_287' title='bbox 826 3455 1051 3538; x_wconf 88' lang='lat' dir='ltr'><strong>inceptum</strong></span> <span class='ocrx_word' id='word_1_288' title='bbox 1075 3453 1215 3516; x_wconf 87' lang='lat' dir='ltr'><strong>redeo</strong></span> <span class='ocrx_word' id='word_1_289' title='bbox 1231 3449 1262 3534; x_wconf 67' lang='lat' dir='ltr'><strong>d)</strong></span> <span class='ocrx_word' id='word_1_290' title='bbox 1281 3487 1324 3498; x_wconf 93' lang='lat'>-</span> <span class='ocrx_word' id='word_1_291' title='bbox 1340 3451 1462 3536; x_wconf 88' lang='lat' dir='ltr'><strong>utique</strong></span> <span class='ocrx_word' id='word_1_292' title='bbox 1475 3449 1544 3512; x_wconf 92' lang='lat' dir='ltr'><strong>iam</strong></span> <span class='ocrx_word' id='word_1_293' title='bbox 1559 3463 1680 3517; x_wconf 62' lang='lat' dir='ltr'><strong>rewol</strong></span> <span class='ocrx_word' id='word_1_294' title='bbox 1697 3463 1723 3516; x_wconf 81' lang='lat' dir='ltr'><strong>b.</strong></span> 
     </span>
     <span class='ocr_line' id='line_1_31' title="bbox 151 3547 1511 3640; baseline 0.007 -28"><span class='ocrx_word' id='word_1_295' title='bbox 151 3547 319 3624; x_wconf 91' lang='lat' dir='ltr'><strong>dibam,</strong></span> <span class='ocrx_word' id='word_1_296' title='bbox 342 3568 414 3612; x_wconf 90' lang='lat' dir='ltr'><strong>non</strong></span> <span class='ocrx_word' id='word_1_297' title='bbox 438 3549 664 3615; x_wconf 88' lang='lat' dir='ltr'><strong>rediebam</strong></span> <span class='ocrx_word' id='word_1_298' title='bbox 690 3552 801 3618; x_wconf 77' lang='lat' dir='ltr'><strong>lacere</strong></span> <span class='ocrx_word' id='word_1_299' title='bbox 826 3555 1082 3640; x_wconf 87' lang='lat' dir='ltr'><strong>pronuntiatur.</strong></span> <span class='ocrx_word' id='word_1_300' title='bbox 1506 3575 1511 3584; x_wconf 70' lang='grc'><em>“</em></span> 
     </span>
    </p>

    <p class='ocr_par' dir='ltr' id='par_1_7' title="bbox 145 3649 1624 4246">
     <span class='ocr_line' id='line_1_32' title="bbox 235 3649 1623 3735; baseline 0.001 -21"><span class='ocrx_word' id='word_1_301' title='bbox 235 3651 309 3714; x_wconf 86' lang='grc'>833.</span> <span class='ocrx_word' id='word_1_302' title='bbox 333 3649 532 3733; x_wconf 87' lang='lat' dir='ltr'><strong>Quaeritur,</strong></span> <span class='ocrx_word' id='word_1_303' title='bbox 551 3672 620 3735; x_wconf 91' lang='lat' dir='ltr'><strong>qua</strong></span> <span class='ocrx_word' id='word_1_304' title='bbox 638 3654 680 3718; x_wconf 90' lang='lat' dir='ltr'><strong>de</strong></span> <span class='ocrx_word' id='word_1_305' title='bbox 697 3673 799 3720; x_wconf 87' lang='lat' dir='ltr'><strong>causa</strong></span> <span class='ocrx_word' id='word_1_306' title='bbox 817 3655 966 3732; x_wconf 88' lang='lat' dir='ltr'><strong>obrui,</strong></span> <span class='ocrx_word' id='word_1_307' title='bbox 984 3671 1019 3722; x_wconf 87' lang='lat' dir='ltr'><strong>et</strong></span> <span class='ocrx_word' id='word_1_308' title='bbox 1037 3677 1108 3721; x_wconf 89' lang='lat' dir='ltr'><strong>non</strong></span> <span class='ocrx_word' id='word_1_309' title='bbox 1126 3653 1278 3722; x_wconf 90' lang='lat' dir='ltr'><strong>obrivi</strong></span> <span class='ocrx_word' id='word_1_310' title='bbox 1297 3665 1355 3717; x_wconf 89' lang='lat' dir='ltr'><strong>aut</strong></span> <span class='ocrx_word' id='word_1_311' title='bbox 1377 3651 1491 3717; x_wconf 91' lang='lat' dir='ltr'><strong>obrii</strong></span> <span class='ocrx_word' id='word_1_312' title='bbox 1510 3649 1623 3716; x_wconf 83' lang='lat' dir='ltr'><strong>lacere</strong></span> 
     </span>
     <span class='ocr_line' id='line_1_33' title="bbox 147 3751 1624 3844; baseline 0.002 -31"><span class='ocrx_word' id='word_1_313' title='bbox 147 3751 394 3835; x_wconf 90' lang='lat' dir='ltr'><strong>pronuntiatur</strong></span> <span class='ocrx_word' id='word_1_314' title='bbox 409 3755 473 3836; x_wconf 83' lang='lat'><strong>⁹&#39;);</strong></span> <span class='ocrx_word' id='word_1_315' title='bbox 496 3753 560 3816; x_wconf 87' lang='lat' dir='ltr'><strong>hac</strong></span> <span class='ocrx_word' id='word_1_316' title='bbox 584 3755 626 3819; x_wconf 88' lang='lat' dir='ltr'><strong>de</strong></span> <span class='ocrx_word' id='word_1_317' title='bbox 645 3776 768 3832; x_wconf 87' lang='lat' dir='ltr'><strong>causa,</strong></span> <span class='ocrx_word' id='word_1_318' title='bbox 793 3758 956 3842; x_wconf 87' lang='lat' dir='ltr'><strong>quoniam</strong></span> <span class='ocrx_word' id='word_1_319' title='bbox 976 3778 1216 3844; x_wconf 87' lang='lat' dir='ltr'><strong>quaecumque</strong></span> <span class='ocrx_word' id='word_1_320' title='bbox 1241 3755 1347 3821; x_wconf 86' lang='lat' dir='ltr'><strong>verba</strong></span> <span class='ocrx_word' id='word_1_321' title='bbox 1370 3755 1464 3818; x_wconf 91' lang='lat' dir='ltr'><strong>modi</strong></span> <span class='ocrx_word' id='word_1_322' title='bbox 1491 3753 1624 3818; x_wconf 78' lang='lat' dir='ltr'><strong>indica-</strong></span> 
     </span>
     <span class='ocr_line' id='line_1_34' title="bbox 148 3853 1623 3944; baseline 0.002 -30"><span class='ocrx_word' id='word_1_323' title='bbox 148 3853 215 3916; x_wconf 90' lang='lat' dir='ltr'><strong>tivi</strong></span> <span class='ocrx_word' id='word_1_324' title='bbox 239 3854 406 3938; x_wconf 87' lang='lat' dir='ltr'><strong>temporis</strong></span> <span class='ocrx_word' id='word_1_325' title='bbox 430 3857 620 3938; x_wconf 88' lang='lat' dir='ltr'><strong>praesentis</strong></span> <span class='ocrx_word' id='word_1_326' title='bbox 648 3877 690 3920; x_wconf 87' lang='lat' dir='ltr'><strong>ex</strong></span> <span class='ocrx_word' id='word_1_327' title='bbox 715 3860 827 3944; x_wconf 89' lang='lat' dir='ltr'><strong>prima</strong></span> <span class='ocrx_word' id='word_1_328' title='bbox 847 3879 996 3944; x_wconf 87' lang='lat' dir='ltr'><strong>persona</strong></span> <span class='ocrx_word' id='word_1_329' title='bbox 1020 3861 1156 3923; x_wconf 90' lang='lat' dir='ltr'><strong>numeri</strong></span> <span class='ocrx_word' id='word_1_330' title='bbox 1177 3858 1361 3941; x_wconf 84' lang='lat' dir='ltr'><strong>singularis</strong></span> <span class='ocrx_word' id='word_1_331' title='bbox 1385 3853 1475 3919; x_wconf 92' lang='lat' dir='ltr'><strong>·UO·</strong></span> <span class='ocrx_word' id='word_1_332' title='bbox 1499 3855 1623 3919; x_wconf 86' lang='lat' dir='ltr'><strong>litteris</strong></span> 
     </span>
     <span class='ocr_line' id='line_1_35' title="bbox 146 3954 1623 4046; baseline 0.002 -29"><span class='ocrx_word' id='word_1_333' title='bbox 146 3955 305 4018; x_wconf 89' lang='lat' dir='ltr'><strong>discretis</strong></span> <span class='ocrx_word' id='word_1_334' title='bbox 321 3954 551 4029; x_wconf 89' lang='lat' dir='ltr'><strong>definiuntur,</strong></span> <span class='ocrx_word' id='word_1_335' title='bbox 575 3959 659 4022; x_wconf 89' lang='lat' dir='ltr'><strong>haec</strong></span> <span class='ocrx_word' id='word_1_336' title='bbox 676 3960 711 4023; x_wconf 88' lang='lat' dir='ltr'><strong>in</strong></span> <span class='ocrx_word' id='word_1_337' title='bbox 729 3961 850 4023; x_wconf 89' lang='lat' dir='ltr'><strong>eodem</strong></span> <span class='ocrx_word' id='word_1_338' title='bbox 869 3961 974 4024; x_wconf 92' lang='lat' dir='ltr'><strong>modo</strong></span> <span class='ocrx_word' id='word_1_339' title='bbox 997 3961 1111 4046; x_wconf 88' lang='lat' dir='ltr'><strong>specie</strong></span> <span class='ocrx_word' id='word_1_340' title='bbox 1129 3960 1281 4046; x_wconf 80' lang='lat' dir='ltr'><strong>perlecta</strong></span> <span class='ocrx_word' id='word_1_341' title='bbox 1295 3978 1486 4042; x_wconf 90' lang='lat' dir='ltr'><strong>numquam</strong></span> <span class='ocrx_word' id='word_1_342' title='bbox 1504 3957 1542 4022; x_wconf 91' lang='lat' dir='ltr'><strong>·l·</strong></span> <span class='ocrx_word' id='word_1_343' title='bbox 1564 3957 1623 4020; x_wconf 91' lang='lat' dir='ltr'><strong>lit·</strong></span> 
     </span>
     <span class='ocr_line' id='line_1_36' title="bbox 145 4057 1623 4146; baseline 0.003 -28"><span class='ocrx_word' id='word_1_344' title='bbox 145 4068 221 4120; x_wconf 85' lang='lat' dir='ltr'><strong>tera</strong></span> <span class='ocrx_word' id='word_1_345' title='bbox 237 4057 411 4140; x_wconf 78' lang='lat' dir='ltr'><strong>geminata</strong></span> <span class='ocrx_word' id='word_1_346' title='bbox 426 4071 484 4122; x_wconf 88' lang='lat' dir='ltr'><strong>aut</strong></span> <span class='ocrx_word' id='word_1_347' title='bbox 496 4059 567 4124; x_wconf 88' lang='lat' dir='ltr'><strong>·Vl·</strong></span> <span class='ocrx_word' id='word_1_348' title='bbox 580 4061 709 4142; x_wconf 89' lang='lat' dir='ltr'><strong>syllaba</strong></span> <span class='ocrx_word' id='word_1_349' title='bbox 728 4062 985 4127; x_wconf 89' lang='lat' dir='ltr'><strong>concluduntur</strong></span> <span class='ocrx_word' id='word_1_350' title='bbox 993 4065 1050 4146; x_wconf 84' lang='lat'><strong>⁹¹).</strong></span> <span class='ocrx_word' id='word_1_351' title='bbox 1065 4061 1110 4125; x_wconf 88' lang='lat' dir='ltr'><strong>Et</strong></span> <span class='ocrx_word' id='word_1_352' title='bbox 1127 4062 1205 4126; x_wconf 90' lang='lat' dir='ltr'><strong>ideo</strong></span> <span class='ocrx_word' id='word_1_353' title='bbox 1222 4059 1360 4137; x_wconf 88' lang='lat' dir='ltr'><strong>obrui,</strong></span> <span class='ocrx_word' id='word_1_354' title='bbox 1380 4078 1453 4122; x_wconf 90' lang='lat' dir='ltr'><strong>nou</strong></span> <span class='ocrx_word' id='word_1_355' title='bbox 1475 4059 1623 4125; x_wconf 76' lang='lat' dir='ltr'><strong>obriti</strong></span> 
     </span>
     <span class='ocr_line' id='line_1_37' title="bbox 145 4157 762 4246; baseline 0.015 -28"><span class='ocrx_word' id='word_1_356' title='bbox 145 4170 210 4220; x_wconf 86' lang='lat' dir='ltr'><strong>ant</strong></span> <span class='ocrx_word' id='word_1_357' title='bbox 228 4157 347 4220; x_wconf 88' lang='lat' dir='ltr'><strong>ebrii</strong></span> <span class='ocrx_word' id='word_1_358' title='bbox 376 4159 488 4224; x_wconf 87' lang='lat' dir='ltr'><strong>lacere</strong></span> <span class='ocrx_word' id='word_1_359' title='bbox 507 4164 762 4246; x_wconf 89' lang='lat' dir='ltr'><strong>pronuntiatur.</strong></span> 
     </span>
    </p>

    <p class='ocr_par' dir='ltr' id='par_1_8' title="bbox 144 4259 1625 4455">
     <span class='ocr_line' id='line_1_38' title="bbox 233 4259 1625 4350; baseline 0.002 -26"><span class='ocrx_word' id='word_1_360' title='bbox 233 4261 307 4324; x_wconf 62' lang='lat'><strong>836.</strong></span> <span class='ocrx_word' id='word_1_361' title='bbox 332 4259 532 4343; x_wconf 89' lang='lat' dir='ltr'><strong>Quaeritur,</strong></span> <span class='ocrx_word' id='word_1_362' title='bbox 549 4285 618 4350; x_wconf 92' lang='lat' dir='ltr'><strong>qua</strong></span> <span class='ocrx_word' id='word_1_363' title='bbox 635 4264 678 4328; x_wconf 91' lang='lat' dir='ltr'><strong>de</strong></span> <span class='ocrx_word' id='word_1_364' title='bbox 695 4285 796 4329; x_wconf 87' lang='lat' dir='ltr'><strong>causa</strong></span> <span class='ocrx_word' id='word_1_365' title='bbox 817 4265 934 4342; x_wconf 85' lang='lat' dir='ltr'><strong>lode,</strong></span> <span class='ocrx_word' id='word_1_366' title='bbox 954 4279 987 4329; x_wconf 90' lang='lat' dir='ltr'><strong>et</strong></span> <span class='ocrx_word' id='word_1_367' title='bbox 1004 4285 1076 4330; x_wconf 88' lang='lat' dir='ltr'><strong>non</strong></span> <span class='ocrx_word' id='word_1_368' title='bbox 1094 4263 1134 4329; x_wconf 83' lang='lat' dir='ltr'><strong>lo</strong></span> <span class='ocrx_word' id='word_1_369' title='bbox 1146 4265 1187 4329; x_wconf 93' lang='lat' dir='ltr'><strong>di</strong></span> <span class='ocrx_word' id='word_1_370' title='bbox 1202 4265 1354 4341; x_wconf 68' lang='lat' dir='ltr'><strong>dicatum</strong></span> <span class='ocrx_word' id='word_1_371' title='bbox 1371 4266 1435 4328; x_wconf 91' lang='lat' dir='ltr'><strong>hac</strong></span> <span class='ocrx_word' id='word_1_372' title='bbox 1452 4263 1494 4329; x_wconf 88' lang='lat' dir='ltr'><strong>de</strong></span> <span class='ocrx_word' id='word_1_373' title='bbox 1511 4282 1625 4338; x_wconf 87' lang='lat' dir='ltr'><strong>causa,</strong></span> 
     </span>
     <span class='ocr_line' id='line_1_39' title="bbox 144 4361 1625 4455; baseline 0.004 -33"><span class='ocrx_word' id='word_1_374' title='bbox 144 4361 316 4444; x_wconf 90' lang='lat' dir='ltr'><strong>qnoniam</strong></span> <span class='ocrx_word' id='word_1_375' title='bbox 336 4383 577 4452; x_wconf 86' lang='lat' dir='ltr'><strong>quaecumque</strong></span> <span class='ocrx_word' id='word_1_376' title='bbox 596 4367 716 4431; x_wconf 91' lang='lat' dir='ltr'><strong>tertiae</strong></span> <span class='ocrx_word' id='word_1_377' title='bbox 734 4369 991 4453; x_wconf 84' lang='lat' dir='ltr'><strong>coniugationis</strong></span> <span class='ocrx_word' id='word_1_378' title='bbox 1010 4377 1190 4455; x_wconf 88' lang='lat' dir='ltr'><strong>correptae</strong></span> <span class='ocrx_word' id='word_1_379' title='bbox 1213 4368 1320 4432; x_wconf 86' lang='lat' dir='ltr'><strong>uerba</strong></span> <span class='ocrx_word' id='word_1_380' title='bbox 1337 4369 1473 4431; x_wconf 86' lang='lat' dir='ltr'><strong>infinito</strong></span> <span class='ocrx_word' id='word_1_381' title='bbox 1485 4361 1529 4450; x_wconf 77' lang='lat'><strong>⁹³)</strong></span> <span class='ocrx_word' id='word_1_382' title='bbox 1550 4383 1625 4428; x_wconf 92' lang='lat' dir='ltr'><strong>mo·</strong></span> 
     </span>
    </p>
   </div>
   <div class='ocr_carea' id='block_1_3' title="bbox 182 4649 1624 5086">
    <p class='ocr_par' dir='ltr' id='par_1_9' title="bbox 182 4649 1624 5086">
     <span class='ocr_line' id='line_1_40' title="bbox 182 4649 1624 4731; baseline 0.006 -28"><span class='ocrx_word' id='word_1_383' title='bbox 182 4649 386 4722; x_wconf 59' lang='lat' dir='ltr'><strong>⁸²)11iumV.</strong></span> <span class='ocrx_word' id='word_1_384' title='bbox 405 4651 622 4712; x_wconf 72' lang='lat' dir='ltr'><strong>-littsnmlt</strong></span> <span class='ocrx_word' id='word_1_385' title='bbox 643 4657 679 4729; x_wconf 88' lang='grc'><strong>”)</strong></span> <span class='ocrx_word' id='word_1_386' title='bbox 699 4655 790 4712; x_wconf 75' lang='lat' dir='ltr'><strong>lavent</strong></span> <span class='ocrx_word' id='word_1_387' title='bbox 807 4659 844 4714; x_wconf 88' lang='lat' dir='ltr'><strong>V.</strong></span> <span class='ocrx_word' id='word_1_388' title='bbox 864 4689 900 4700; x_wconf 91' lang='lat'>—</span> <span class='ocrx_word' id='word_1_389' title='bbox 918 4657 1016 4712; x_wconf 72' lang='lat' dir='ltr'><strong>labant</strong></span> <span class='ocrx_word' id='word_1_390' title='bbox 1037 4661 1069 4714; x_wconf 85' lang='lat' dir='ltr'><strong>B.</strong></span> <span class='ocrx_word' id='word_1_391' title='bbox 1097 4661 1133 4731; x_wconf 82' lang='lat'><strong>⁸⁴)</strong></span> <span class='ocrx_word' id='word_1_392' title='bbox 1154 4657 1295 4728; x_wconf 71' lang='lat' dir='ltr'><strong>frigentis,</strong></span> <span class='ocrx_word' id='word_1_393' title='bbox 1312 4663 1352 4710; x_wconf 79' lang='lat' dir='ltr'><strong>sic</strong></span> <span class='ocrx_word' id='word_1_394' title='bbox 1366 4656 1400 4710; x_wconf 85' lang='lat' dir='ltr'><strong>B.</strong></span> <span class='ocrx_word' id='word_1_395' title='bbox 1423 4655 1461 4708; x_wconf 89' lang='lat' dir='ltr'><strong>V.</strong></span> <span class='ocrx_word' id='word_1_396' title='bbox 1481 4655 1516 4723; x_wconf 78' lang='lat'><strong>⁸⁵)</strong></span> <span class='ocrx_word' id='word_1_397' title='bbox 1532 4670 1624 4723; x_wconf 62' lang='lat' dir='ltr'><strong>buseo</strong></span> 
     </span>
     <span class='ocr_line' id='line_1_41' title="bbox 255 4739 1622 4818; baseline 0.001 -27"><span class='ocrx_word' id='word_1_398' title='bbox 255 4739 292 4792; x_wconf 89' lang='lat' dir='ltr'><strong>V.</strong></span> <span class='ocrx_word' id='word_1_399' title='bbox 313 4739 345 4791; x_wconf 84' lang='lat' dir='ltr'><strong>B.</strong></span> <span class='ocrx_word' id='word_1_400' title='bbox 362 4760 397 4792; x_wconf 77' lang='lat' dir='ltr'><strong>ex</strong></span> <span class='ocrx_word' id='word_1_401' title='bbox 414 4761 464 4794; x_wconf 88' lang='lat' dir='ltr'><strong>em.</strong></span> <span class='ocrx_word' id='word_1_402' title='bbox 477 4764 520 4815; x_wconf 84' lang='lat' dir='ltr'><strong>pr.</strong></span> <span class='ocrx_word' id='word_1_403' title='bbox 539 4765 575 4799; x_wconf 88' lang='lat' dir='ltr'><strong>m.</strong></span> <span class='ocrx_word' id='word_1_404' title='bbox 595 4775 627 4788; x_wconf 91' lang='lat'><em>-</em></span> <span class='ocrx_word' id='word_1_405' title='bbox 647 4763 756 4818; x_wconf 72' lang='lat' dir='ltr'><strong>unguen</strong></span> <span class='ocrx_word' id='word_1_406' title='bbox 770 4748 801 4799; x_wconf 85' lang='lat' dir='ltr'><strong>B.</strong></span> <span class='ocrx_word' id='word_1_407' title='bbox 818 4765 836 4800; x_wconf 73' lang='lat' dir='ltr'><strong>a</strong></span> <span class='ocrx_word' id='word_1_408' title='bbox 851 4765 893 4817; x_wconf 79' lang='lat' dir='ltr'><strong>pr.</strong></span> <span class='ocrx_word' id='word_1_409' title='bbox 912 4766 946 4798; x_wconf 88' lang='lat' dir='ltr'><strong>m.</strong></span> <span class='ocrx_word' id='word_1_410' title='bbox 976 4749 1013 4816; x_wconf 81' lang='lat'><strong>⁸⁶)</strong></span> <span class='ocrx_word' id='word_1_411' title='bbox 1028 4743 1103 4798; x_wconf 79' lang='lat' dir='ltr'><strong>modi</strong></span> <span class='ocrx_word' id='word_1_412' title='bbox 1123 4745 1225 4798; x_wconf 84' lang='lat' dir='ltr'><strong>infiniti</strong></span> <span class='ocrx_word' id='word_1_413' title='bbox 1243 4747 1277 4799; x_wconf 89' lang='lat' dir='ltr'><strong>B.</strong></span> <span class='ocrx_word' id='word_1_414' title='bbox 1296 4775 1332 4786; x_wconf 91' lang='lat'>-</span> <span class='ocrx_word' id='word_1_415' title='bbox 1349 4741 1433 4798; x_wconf 86' lang='lat' dir='ltr'><strong>modo</strong></span> <span class='ocrx_word' id='word_1_416' title='bbox 1454 4740 1562 4793; x_wconf 81' lang='lat' dir='ltr'><strong>infinito</strong></span> <span class='ocrx_word' id='word_1_417' title='bbox 1586 4741 1622 4794; x_wconf 87' lang='lat' dir='ltr'><strong>V.</strong></span> 
     </span>
     <span class='ocr_line' id='line_1_42' title="bbox 254 4827 1622 4906; baseline 0.01 -29"><span class='ocrx_word' id='word_1_418' title='bbox 254 4829 290 4895; x_wconf 80' lang='lat'><strong>⁸²)</strong></span> <span class='ocrx_word' id='word_1_419' title='bbox 306 4828 494 4898; x_wconf 86' lang='lat' dir='ltr'><strong>corripiuntur</strong></span> <span class='ocrx_word' id='word_1_420' title='bbox 510 4833 549 4888; x_wconf 87' lang='lat' dir='ltr'><strong>V.</strong></span> <span class='ocrx_word' id='word_1_421' title='bbox 567 4865 603 4878; x_wconf 89' lang='lat'><em>-</em></span> <span class='ocrx_word' id='word_1_422' title='bbox 623 4833 775 4904; x_wconf 84' lang='lat' dir='ltr'><strong>corripiunt</strong></span> <span class='ocrx_word' id='word_1_423' title='bbox 800 4835 830 4888; x_wconf 88' lang='grc' dir='ltr'><strong>Ρ.</strong></span> <span class='ocrx_word' id='word_1_424' title='bbox 851 4835 888 4906; x_wconf 93' lang='grc'><strong>”)</strong></span> <span class='ocrx_word' id='word_1_425' title='bbox 905 4851 1007 4906; x_wconf 76' lang='lat' dir='ltr'><strong>ungere</strong></span> <span class='ocrx_word' id='word_1_426' title='bbox 1025 4835 1060 4888; x_wconf 86' lang='lat' dir='ltr'><strong>V.</strong></span> <span class='ocrx_word' id='word_1_427' title='bbox 1076 4833 1108 4886; x_wconf 87' lang='lat' dir='ltr'><strong>B.</strong></span> <span class='ocrx_word' id='word_1_428' title='bbox 1128 4853 1162 4886; x_wconf 78' lang='lat' dir='ltr'><strong>ex</strong></span> <span class='ocrx_word' id='word_1_429' title='bbox 1180 4851 1228 4887; x_wconf 82' lang='lat' dir='ltr'><strong>em.</strong></span> <span class='ocrx_word' id='word_1_430' title='bbox 1243 4853 1287 4906; x_wconf 79' lang='lat' dir='ltr'><strong>pr.</strong></span> <span class='ocrx_word' id='word_1_431' title='bbox 1305 4851 1342 4886; x_wconf 88' lang='lat' dir='ltr'><strong>m.</strong></span> <span class='ocrx_word' id='word_1_432' title='bbox 1360 4859 1396 4873; x_wconf 89' lang='grc'>-</span> <span class='ocrx_word' id='word_1_433' title='bbox 1414 4845 1536 4900; x_wconf 65' lang='lat' dir='ltr'><strong>nusum</strong></span> <span class='ocrx_word' id='word_1_434' title='bbox 1554 4827 1586 4882; x_wconf 75' lang='grc' dir='ltr'><strong>Β·</strong></span> <span class='ocrx_word' id='word_1_435' title='bbox 1604 4847 1622 4880; x_wconf 72' lang='lat'>⁶</span> 
     </span>
     <span class='ocr_line' id='line_1_43' title="bbox 253 4915 1622 4992; baseline 0.02 -27"><span class='ocrx_word' id='word_1_436' title='bbox 253 4933 296 4982; x_wconf 77' lang='lat' dir='ltr'><strong>pr.</strong></span> <span class='ocrx_word' id='word_1_437' title='bbox 311 4933 347 4966; x_wconf 86' lang='lat' dir='ltr'><strong>m.</strong></span> <span class='ocrx_word' id='word_1_438' title='bbox 361 4916 395 4984; x_wconf 80' lang='lat'><strong>⁸⁹)</strong></span> <span class='ocrx_word' id='word_1_439' title='bbox 413 4921 520 4972; x_wconf 83' lang='lat' dir='ltr'><strong>numeri</strong></span> <span class='ocrx_word' id='word_1_440' title='bbox 536 4923 571 4975; x_wconf 90' lang='lat' dir='ltr'><strong>V.</strong></span> <span class='ocrx_word' id='word_1_441' title='bbox 593 4953 625 4964; x_wconf 96' lang='lat'>-</span> <span class='ocrx_word' id='word_1_442' title='bbox 644 4921 749 4974; x_wconf 85' lang='lat' dir='ltr'><strong>norncri</strong></span> <span class='ocrx_word' id='word_1_443' title='bbox 767 4924 799 4976; x_wconf 86' lang='lat' dir='ltr'><strong>B.</strong></span> <span class='ocrx_word' id='word_1_444' title='bbox 820 4929 857 4990; x_wconf 64' lang='grc' dir='ltr'><strong>θ’)</strong></span> <span class='ocrx_word' id='word_1_445' title='bbox 872 4933 900 4977; x_wconf 86' lang='lat' dir='ltr'><strong>et</strong></span> <span class='ocrx_word' id='word_1_446' title='bbox 915 4924 1037 4977; x_wconf 84' lang='lat' dir='ltr'><em>B.=V.</em></span> <span class='ocrx_word' id='word_1_447' title='bbox 1058 4925 1095 4990; x_wconf 71' lang='lat'><strong>⁹¹)</strong></span> <span class='ocrx_word' id='word_1_448' title='bbox 1110 4921 1305 4992; x_wconf 65' lang='lat' dir='ltr'><strong>pronunlillffl&#39;</strong></span> <span class='ocrx_word' id='word_1_449' title='bbox 1319 4923 1352 4975; x_wconf 75' lang='lat' dir='ltr'><strong>B·</strong></span> <span class='ocrx_word' id='word_1_450' title='bbox 1370 4950 1407 4963; x_wconf 90' lang='grc'><strong>·“</strong></span> <span class='ocrx_word' id='word_1_451' title='bbox 1427 4915 1622 4990; x_wconf 62' lang='lat' dir='ltr'><strong>rel’²&#39;l⁸²¹¹¹&#39;V·</strong></span> 
     </span>
     <span class='ocr_line' id='line_1_44' title="bbox 253 5001 1422 5086; baseline 0.006 -33"><span class='ocrx_word' id='word_1_452' title='bbox 253 5009 289 5070; x_wconf 62' lang='grc'><strong>9·)</strong></span> <span class='ocrx_word' id='word_1_453' title='bbox 304 5001 510 5060; x_wconf 76' lang='lat' dir='ltr'><strong>concluduntur</strong></span> <span class='ocrx_word' id='word_1_454' title='bbox 527 5011 563 5064; x_wconf 87' lang='lat' dir='ltr'><strong>V.</strong></span> <span class='ocrx_word' id='word_1_455' title='bbox 584 5044 618 5055; x_wconf 92' lang='lat'><em>-</em></span> <span class='ocrx_word' id='word_1_456' title='bbox 637 5005 808 5064; x_wconf 84' lang='lat' dir='ltr'><strong>concludunt</strong></span> <span class='ocrx_word' id='word_1_457' title='bbox 826 5011 861 5065; x_wconf 81' lang='lat' dir='ltr'><strong>A.</strong></span> <span class='ocrx_word' id='word_1_458' title='bbox 882 5015 920 5086; x_wconf 63' lang='grc' dir='ltr'><strong>θ’)</strong></span> <span class='ocrx_word' id='word_1_459' title='bbox 933 5011 1039 5063; x_wconf 80' lang='lat' dir='ltr'><strong>infinito</strong></span> <span class='ocrx_word' id='word_1_460' title='bbox 1056 5012 1090 5064; x_wconf 89' lang='lat' dir='ltr'><strong>B.</strong></span> <span class='ocrx_word' id='word_1_461' title='bbox 1110 5010 1146 5063; x_wconf 89' lang='lat' dir='ltr'><strong>V.</strong></span> <span class='ocrx_word' id='word_1_462' title='bbox 1165 5039 1201 5050; x_wconf 90' lang='lat'><em>-</em></span> <span class='ocrx_word' id='word_1_463' title='bbox 1219 5009 1248 5062; x_wconf 89' lang='lat' dir='ltr'><strong>in</strong></span> <span class='ocrx_word' id='word_1_464' title='bbox 1264 5007 1371 5064; x_wconf 72' lang='lat' dir='ltr'><strong>infinito</strong></span> <span class='ocrx_word' id='word_1_465' title='bbox 1389 5009 1422 5060; x_wconf 77' lang='lat' dir='ltr'><strong>A.</strong></span> 
     </span>
    </p>
   </div>
   <div class='ocr_carea' id='block_1_4' title="bbox 173 5106 1624 5188">
    <p class='ocr_par' dir='ltr' id='par_1_10' title="bbox 173 5106 1624 5188">
     <span class='ocr_line' id='line_1_45' title="bbox 173 5106 1624 5188; baseline 0.003 -22"><span class='ocrx_word' id='word_1_466' title='bbox 173 5111 212 5179; x_wconf 69' lang='lat' dir='ltr'><strong>«l</strong></span> <span class='ocrx_word' id='word_1_467' title='bbox 232 5106 520 5175; x_wconf 73' lang='lat' dir='ltr'><strong>Virg.len.lll.210.</strong></span> <span class='ocrx_word' id='word_1_468' title='bbox 540 5119 567 5186; x_wconf 78' lang='lat' dir='ltr'><strong>b)</strong></span> <span class='ocrx_word' id='word_1_469' title='bbox 582 5118 657 5186; x_wconf 77' lang='lat' dir='ltr'><strong>Virg.</strong></span> <span class='ocrx_word' id='word_1_470' title='bbox 673 5115 741 5166; x_wconf 73' lang='lat' dir='ltr'><strong>ten.</strong></span> <span class='ocrx_word' id='word_1_471' title='bbox 757 5117 806 5171; x_wconf 86' lang='lat' dir='ltr'><strong>lll.</strong></span> <span class='ocrx_word' id='word_1_472' title='bbox 826 5123 887 5178; x_wconf 78' lang='lat'><strong>773.</strong></span> <span class='ocrx_word' id='word_1_473' title='bbox 907 5121 932 5188; x_wconf 84' lang='lat' dir='ltr'><strong>c)</strong></span> <span class='ocrx_word' id='word_1_474' title='bbox 952 5115 1103 5186; x_wconf 55' lang='lat' dir='ltr'><strong>Virmn.</strong></span> <span class='ocrx_word' id='word_1_475' title='bbox 1113 5115 1162 5169; x_wconf 85' lang='lat' dir='ltr'><strong>lv.</strong></span> <span class='ocrx_word' id='word_1_476' title='bbox 1172 5118 1216 5176; x_wconf 83' lang='lat'><strong>56.</strong></span> <span class='ocrx_word' id='word_1_477' title='bbox 1237 5116 1265 5186; x_wconf 82' lang='lat' dir='ltr'><strong>d)</strong></span> <span class='ocrx_word' id='word_1_478' title='bbox 1281 5111 1395 5170; x_wconf 79' lang='lat' dir='ltr'><strong>Sallust.</strong></span> <span class='ocrx_word' id='word_1_479' title='bbox 1412 5108 1624 5184; x_wconf 50' lang='lat' dir='ltr'><strong>tegerihamo·</strong></span> 
     </span>
    </p>
   </div>
   <div class='ocr_carea' id='block_1_5' title="bbox 0 0 2034 6064">
    <p class='ocr_par' dir='ltr' id='par_1_11' title="bbox 0 0 2034 6064">
     <span class='ocr_line' id='line_1_46' title="bbox 0 0 2034 6064; baseline 0 0"><span class='ocrx_word' id='word_1_480' title='bbox 0 0 2034 6064; x_wconf 95' lang='lat' dir='ltr'><strong> </strong></span> 
     </span>
    </p>
   </div>
  </div>
 </body>
</html>
