4032 6070
601 555 1155 616 rnoeraasurnon.
1544 555 1674 628 m«

229 703 301 766 240.
327 703 429 768 Nunc
443 704 480 768 in
495 706 559 769 bac
572 707 770 791 supradicta
785 707 894 772 forma
905 711 973 772 hoc
989 727 1180 784 monemus,
1204 704 1301 792 quod
1317 707 1612 790 quaecumque⁹¹)

152 805 288 867 numina
310 808 448 890 generis
470 807 603 872 scilicet
626 811 821 873 communis
843 811 1145 896 unumquemlibet
1167 830 1284 876 casnm
1309 808 1353 873 ad
1375 807 1521 872 formam
1545 827 1613 870 cu-

38 897 39 922 ³
150 906 311 970 stodiae
349 910 461 973 lacere
498 911 740 984 inveniuntur,
778 913 863 976 haec
890 915 935 995 θ’)
975 913 1091 978 dativo
1121 925 1155 978 et
1185 911 1336 976 ablativo
1367 931 1449 974 casu
1475 909 1612 972 numeri

153 1007 290 1090 pluralis
314 1023 392 1075 ante
415 1012 573 1076 ultimam
598 1027 850 1104 consonantem
866 1006 909 1098 ⁹³)
931 1036 996 1102 per
1017 1017 1101 1080 duas
1126 1015 1162 1078 ·I·
1184 1015 1317 1078 litteras
1339 1012 1548 1077 scribuntur.

227 1113 302 1176 24l.
332 1112 418 1177 Item
448 1115 484 1176 iu
513 1116 577 1179 hac
607 1118 805 1201 supradicta
835 1117 947 1182 forma
975 1119 1152 1202 quaeritur
1180 1137 1249 1202 qna
1275 1116 1318 1182 de
1348 1135 1450 1179 causa
1471 1114 1615 1176 nomina

154 1211 184 1272 in
210 1212 326 1306 dativo
356 1215 411 1278 vel
442 1215 594 1282 ablativo
624 1239 706 1282 casu
733 1221 870 1284 numeri
898 1219 1042 1306 pluralis
1071 1233 1150 1284 autc
1177 1219 1334 1284 ultimam
1365 1229 1613 1282 consonantem

154 1334 209 1397 per
230 1316 315 1380 duas
346 1318 383 1381 ·l·
406 1319 536 1383 litteras
568 1320 764 1385 scribantur
780 1315 844 1402 9³)?
872 1324 937 1386 hac
956 1318 999 1403 ⁹⁵)
1023 1324 1068 1388 de
1089 1343 1208 1399 causa,
1239 1322 1403 1407 queniam
1428 1339 1614 1403 quaecum-

155 1436 214 1500 que
235 1420 380 1482 nomina
402 1420 554 1486 ablativo
577 1441 658 1486 casu
680 1425 817 1488 nunacri
840 1424 1024 1510 singularis
1047 1424 1097 1488 ul·
1120 1425 1235 1488 littera
1256 1420 1616 1498 terminantur,'haec

156 1519 264 1582 dativo
288 1521 342 1584 vel
366 1522 517 1587 ablatIvo
540 1545 621 1589 casu
643 1529 780 1590 numeri
791 1521 845 1610 ς’“)«
859 1527 1002 1612 pluralis
1025 1547 1103 1592 cum
1127 1525 1250 1592 eudem
1273 1523 1423 1588 ablativo
1447 1544 1529 1588 casu
1551 1543 1615 1586 ma-

155 1623 233 1684 meri
256 1623 441 1708 singularis
463 1629 539 1712 pari
562 1647 708 1693 numero
722 1631 768 1711 ⁹7)
790 1628 997 1711 syllabarum
1020 1641 1160 1714 eportet
1181 1626 1415 1713 pronuntiari.

229 1727 304 1789 242.
335 1727 438 1791 Nunc
456 1724 507 1811 l⁹).
529 1731 597 1793 hoc
628 1751 807 1794 monemus
837 1731 873 1794 in
901 1733 965 1796 hac
995 1731 1106 1794 fornia
1132 1729 1268 1814 generis
1303 1728 1513 1800 communis,
1546 1745 1615 1810 qua

154 1825 298 1890 diximus
322 1827 472 1894 ablativo
496 1851 577 1894 casu
598 1834 736 1897 numeri
758 1832 941 1916 singularis
964 1832 1107 1898 nomina
1129 1832 1180 1896 Ἀ·
1202 1831 1317 1896 littera
1337 1830 1472 1895 definiri
1495 1840 1529 1892 et
1551 1849 1616 1892 no-

155 1925 317 1992 minativo
340 1951 421 1996 casu
443 1934 586 1998 numeri
603 1934 788 2018 singularia
812 1934 880 1998 ·1A·
902 1934 1042 2012 litteris,
1065 1955 1137 1998 neu
1160 1933 1228 1998 ·IA·
1252 1933 1383 2016 syllaba
1405 1931 1540 1994 definiri
1560 1933 1614 2012 ⁹⁹).

155 2031 240 2113 quod
271 2053 315 2096 cu
345 2053 386 2096 ca
408 2033 486 2119 plus
509 2055 612 2121 quam
635 2037 765 2100 XXXII
784 2039 840 2121 ¹⁰⁰)
862 2037 955 2115 seni,
985 2039 1053 2102 boc
1075 2048 1127 2101 est
1149 2055 1253 2122 ipsam
1273 2038 1298 2119 Ι)
1320 2033 1451 2098 XXXII
1473 2033 1616 2096 nomina

155 2151 217 2194 nou
237 2137 265 2215 ²)
288 2137 424 2220 possint
445 2129 473 2219 ³)
496 2132 665 2203 exhiheri.
1220 2149 1222 2156 ’

229 2237 305 2300 243.
336 2235 427 2302 Sane
458 2239 499 2301 in·
525 2240 579 2304 his
608 2231 851 2328 suprascriptis
881 2243 1000 2308 lormis
1023 2243 1159 2328 generis
1188 2241 1382 2307 communis
1404 2241 1471 2304 huc
1495 2258 1616 2305 moue-

156 2355 239 2413 mus,
272 2338 383 2423 quud,
414 2341 443 2406 si
473 2341 626 2406 eiusdem
656 2344 786 2409 formae
814 2347 973 2420 coracina,
1004 2347 1141 2430 generis
1173 2344 1307 2434 scilicet
1335 2343 1548 2418 communis,
1572 2361 1617 2404 ex

155 2459 208 2502 aua
234 2441 351 2526 specie
379 2443 485 2508 etad
513 2463 640 2528 genera
669 2460 791 2510 neutra
812 2439 841 2529 ⁴)
865 2460 1056 2524 transeant,
1086 2450 1172 2511 haec
1193 2466 1266 2510 nou
1294 2445 1482 2510 secundum
1506 2464 1617 2528 genus

157 2552 328 2618 neutrum,
357 2545 417 2608 sed
446 2565 511 2630 pro
541 2545 718 2611 locutione
741 2543 771 2630 ⁵)
803 2550 872 2613 sint
901 2550 1121 2636 accipienda,
1157 2562 1196 2612 ut
1222 2561 1324 2634 puta:
1357 2546 1615 2630 mancipium

159 2643 375 2721 choraula,
399 2647 518 2732 utique
541 2669 612 2712 nou
635 2651 712 2712 boc
736 2647 986 2734 clroraula⁶)
1009 2651 1286 2736 mancipium,
1317 2649 1378 2713 sed
1408 2650 1486 2712 boc
1508 2667 1618 2710 man-

157 2745 307 2829 cipium
338 2747 545 2813 choraula
575 2762 638 2815 est
657 2754 689 2831 ⁷)
712 2753 825 2838 accipi
853 2753 993 2831 debeat,
1024 2755 1062 2818 id
1090 2765 1158 2827 est,
1187 2766 1227 2816 ut
1248 2743 1334 2834 sit⁸)
1357 2754 1436 2814 boc
1459 2751 1618 2813 ananci-

157 2847 259 2930 pium
295 2851 433 2932 generis
462 2855 591 2929 neutri,
623 2867 656 2917 et
686 2856 907 2932 choraula,
937 2855 1033 2919 salvo
1064 2869 1193 2936 genere
1225 2874 1310 2932 suo,
1345 2873 1440 2918 nunc
1474 2853 1616 2917 locutio.

157 2945 208 3012 Sic
229 2965 263 3012 et
276 2957 307 3032 9)
330 2965 446 3016 cetera
467 2953 535 3019 alia
557 2955 710 3020 eiusdem
735 2955 865 3022 lormae
893 2956 1031 3042 generis
1052 2958 1249 3020 communis
1271 2957 1439 3031 nomina.
1460 2955 1489 3018 si
1509 2956 1549 3036 ¹⁰)
1573 2975 1617 3018 ex

157 3069 210 3112 aua
231 3053 349 3137 specie
369 3055 412 3118 atl
435 3075 564 3139 genera
584 3070 708 3122 neutra
729 3070 922 3132 transeant,
946 3069 1027 3122 eunt
1048 3057 1323 3142 pronuntianda.

231 3157 304 3220 244.
329 3155 415 3220 Item
440 3170 474 3221 et
496 3157 564 3222 alia
585 3161 689 3236 ratio,
714 3181 784 3245 qua
800 3164 837 3241 ¹¹)
861 3159 1055 3246 probantur
1070 3160 1111 3242 ¹²)
1132 3159 1218 3222 haec
1233 3158 1355 3238 eadem
1368 3157 1505 3240 generis
1518 3175 1616 3220 com·

158 3255 261 3320 urunis
287 3259 449 3335 nomina,
478 3282 567 3346 quae
595 3255 633 3342 ¹³)
663 3261 816 3326 diximus
844 3262 1061 3326 uonrinativo
1088 3279 1170 3324 casu
1191 3261 1328 3324 numeri
1356 3259 1540 3346 singularis
1565 3259 1615 3322 n·

157 3353 260 3420 littora
285 3351 325 3442 ¹⁵)
353 3363 551 3440 terminari,
582 3383 660 3428 cum
683 3384 812 3448 genere
833 3377 974 3442 neutro,
1001 3381 1074 3428 non
1096 3363 1285 3426 secundum
1310 3381 1419 3446 genus
1441 3373 1614 3436 neutrum,

157 3455 311 3524 daclnrari
341 3463 492 3540 scilicet,
524 3465 688 3550 quoniam
718 3486 959 3550 quaecumque
986 3466 1129 3528 nomina
1158 3464 1295 3548 generis
1318 3464 1433 3527 neutri
1454 3463 1616 3527 nomina-

157 3559 220 3622 tim
242 3581 320 3627 casu
338 3567 478 3629 numeri
502 3566 686 3650 singularis
710 3568 760 3630 Ἀ·
784 3566 898 3630 littera
920 3567 1162 3643 terminantur,
1186 3565 1330 3630 hacc-ab
1353 3566 1476 3630 ecdem
1498 3565 1613 3628 nomi-

157 3664 262 3727 natiro
294 3687 375 3729 casu
403 3669 539 3730 numeri
568 3669 769 3752 singularis,
798 3681 946 3752 excepto
976 3669 1173 3732 accusativo
1204 3681 1238 3732 et
1259 3669 1420 3735 vocativo
1444 3686 1525 3731 casu
1547 3686 1612 3732 nu-

159 3767 234 3826 meri
256 3767 437 3852 singularis
458 3765 515 3850 ¹⁵),
539 3791 627 3854 qnos
651 3771 784 3834 scilicet
805 3772 946 3834 nomina
970 3771 1106 3856 generis
1124 3763 1163 3852 ¹⁶)
1186 3771 1300 3834 neutri
1323 3769 1446 3833 similis
1468 3771 1507 3848 ¹⁷)
1531 3789 1608 3831 cum

159 3867 359 3932 nominativo
375 3869 500 3936 babere
516 3874 747 3960 reperiuntur,
771 3871 829 3936 *in
854 3885 987 3936 ceteros
1004 3893 1101 3936 casus
1123 3892 1187 3958 per
1205 3867 1254 3956 ¹⁸)
1268 3869 1415 3954 syllabas
1438 3883 1610 3946 crescunt,
1636 3869 1707 3918 ⁰⁰¹lv·

198 4076 233 4144 ⁹¹)
253 4075 325 4149 qnod
351 4057 537 4150 praecisaque
563 4080 598 4132 V.
624 4075 754 4151 —quod
779 4097 949 4152 quacumque
968 4082 1000 4134 B.
1019 4110 1055 4123 —
1074 4079 1201 4152 quoniam
1228 4094 1414 4152 quaecumque
1431 4079 1464 4131 P.
1483 4108 1519 4118 —
1537 4074 1613 4148 quod

256 4165 342 4216 omnia
367 4165 403 4218 A.
427 4169 463 4234 9’)
483 4163 551 4218 baec
575 4168 607 4220 Β.
626 4169 661 4221 V.
690 4200 724 4208 —
743 4163 810 4219 haec
828 4168 857 4218 in
876 4169 911 4220 A.
930 4171 966 4238 9’)
987 4178 1182 4220 consonantem
1202 4169 1232 4220 B.
1252 4167 1288 4220 V.
1306 4196 1342 4208 -
1361 4161 1494 4235 syllabam
1514 4181 1614 4217 cousc-

253 4262 360 4304 nantem
380 4253 415 4305 A.
435 4255 473 4326 ⁹⁴)
492 4253 561 4306 Item
579 4254 609 4305 in
627 4251 678 4306 bac
688 4292 782 4312 ......
804 4252 871 4307 duas
892 4256 922 4307 ·1·
941 4253 1048 4308 litteras
1067 4249 1242 4312 scribantur?
1261 4255 1292 4308 B.
1304 4255 1338 4310 V.
1347 4255 1379 4307 Ρ.
1398 4276 1434 4303 =
1452 4253 1488 4306 A.
1506 4254 1543 4322 ⁹⁵)
1562 4249 1613 4303 buc

254 4339 288 4392 V.
297 4341 331 4394 A.
351 4372 387 4382 -
405 4337 472 4394 baec
489 4343 521 4398 Β.
542 4343 578 4410 ⁹⁶)
598 4341 743 4412 singularis
755 4380 868 4396 .......
882 4343 988 4395 numeri
1006 4344 1038 4397 Β.
1050 4345 1085 4396 V.
1104 4365 1142 4392 =
1158 4342 1196 4397 A.
1215 4350 1252 4415 97)
1272 4359 1387 4398 numero
1407 4342 1490 4398 ΚΑ.
1507 4371 1543 4383 -
1561 4357 1611 4393 no-

252 4442 324 4479 tuero
348 4430 381 4482 Β.
409 4429 447 4500 ⁹¹)
471 4446 546 4481 nunc
572 4431 608 4486 V.
627 4432 662 4484 A.
688 4461 720 4472 -
752 4447 807 4481 nun
833 4432 866 4485 B.
893 4433 928 4503 99)
957 4448 1011 4502 qua
1029 4427 1147 4483 diximus
1162 4468 1270 4485 .....
1291 4427 1399 4482 deliniri
1419 4430 1455 4484 V.
1472 4429 1509 4482 A.
1527 4428 1609 4480 =B.

253 4517 298 4586 ¹⁰⁸)
316 4515 422 4568 XXXII
441 4518 476 4571 B.
492 4548 527 4558 -
549 4518 658 4588 triginta
686 4515 740 4570 duo
762 4520 797 4572 V.
817 4549 854 4560 -
873 4519 989 4589 tregiula
1017 4516 1073 4571 duo
1091 4519 1126 4572 A.
1160 4522 1181 4590 ¹)
1201 4536 1282 4592 quana
1301 4519 1337 4573 V.
1350 4539 1386 4566 =
1400 4515 1433 4570 B.
1442 4515 1479 4569 A.
1512 4516 1534 4584 ¹)
1554 4532 1609 4566 nou

250 4601 278 4652 B.
294 4603 329 4655 A.
348 4627 386 4654 =
405 4603 440 4660 V.
468 4605 494 4676 ³)
520 4605 631 4678 possint
648 4607 679 4659 Β.
698 4635 734 4648 ·—
751 4615 871 4678 possunt
889 4607 926 4660 V.
936 4608 974 4659 A.
1000 4607 1022 4672 ι)
1050 4603 1508 4676 etadpancraneutraB.V.P.
1528 4609 1612 4653 -et

249 4687 282 4740 ul
300 4707 349 4742 aua
368 4708 466 4760 genera
485 4693 521 4746 A.
542 4695 564 4758 5)
584 4691 725 4747 locutione
745 4694 777 4748 V
775 4731 781 4744 .
796 4695 825 4747 A
853 4725 887 4734 -
906 4691 1048 4746 locutione
1067 4695 1098 4746 Β.
1119 4695 1141 4764 ⁶)
1162 4690 1293 4746 claoranla
1307 4721 1343 4733 -
1361 4687 1486 4742 clrolaula
1504 4691 1535 4743 Β.
1553 4687 1578 4740 b.
1589 4691 1608 4740 l.

248 4778 279 4848 ἲ),
289 4774 346 4830 hcc
361 4777 528 4850 mancipium
548 4777 676 4834 claoraula
695 4782 780 4835 cstB
806 4783 843 4835 V.
862 4814 898 4822 -
915 4777 969 4832 boc
990 4777 1118 4834 choraula
1136 4779 1302 4852 mancipium
1321 4779 1369 4848 (z
1394 4781 1448 4850 eall
1467 4777 1503 4832 A.
1529 4778 1553 4846 Ι)
1572 4777 1609 4830 sit

247 4865 278 4918 Β.
298 4867 334 4921 V.
360 4897 396 4908 -
415 4867 456 4920 tic
473 4867 509 4920 A.
537 4870 560 4938 9)
579 4868 620 4919 sic
639 4877 667 4920 el
686 4871 772 4923 Β.-
797 4869 838 4920 sic
859 4871 894 4923 V.
913 4900 948 4911 -
975 4869 1055 4922 siA.
1086 4869 1163 4940 ¹⁰)'si
1182 4869 1213 4922 B.
1235 4865 1422 4920 V.P.‘=A.
1450 4869 1485 4934 ”)
1504 4867 1606 4938 qusB.

249 4953 282 5004 V.
300 4981 333 4996 -
353 4971 424 5026 quac
441 4955 476 5008 A.
500 4959 536 5024 ¹’)
558 4952 710 5026 probantur
728 4958 759 5011 Β.
781 4958 817 5012 V.
837 4988 870 5000 -
891 4954 1024 5029 parebatur
1041 4957 1077 5011 A.
1100 4959 1135 5027 ¹³)
1155 4975 1223 5028 quac
1244 4956 1279 5008 V.
1296 4954 1437 5026 A.—qua
1456 4955 1488 5007 Β.
1511 4955 1544 5024 ¹⁴)
1564 4953 1608 5006 lil-

249 5049 300 5092 tera
319 5043 350 5095 Β.
371 5042 407 5094 V.
427 5043 458 5094 P.
477 5065 512 5091 -τ
532 5044 567 5097 A.
590 5046 623 5116 ¹³)
645 5047 684 5097 ·Α·
703 5042 796 5100 littera
816 5046 994 5098 terminantur
1004 5083 1096 5102 ......
1115 5044 1220 5098 numeri
1239 5040 1384 5113 singularia
1405 5043 1435 5097 B.
1453 5043 1488 5097 V.
1498 5045 1562 5097 P.=
1572 5045 1606 5096 A.

251 5131 282 5196 ¹⁶)
300 5129 408 5197 generis
435 5131 467 5182 B.
481 5131 524 5182 V.
546 5133 574 5184 Ρ.
595 5163 628 5174 -
648 5151 735 5203 genus
752 5134 787 5192 A.
818 5141 851 5204 ¹⁷)
871 5133 1024 5188 sinticen
1047 5135 1081 5188 V.
1106 5134 1143 5188 A.
1164 5164 1200 5178 -
1217 5129 1314 5187 similis
1335 5131 1364 5186 P.
1396 5135 1428 5203 Ι”)
1450 5151 1499 5204 prr
1519 5133 1553 5187 V.
1573 5164 1608 5175 --

248 5213 274 5264 iu
292 5216 326 5268 A.
347 5216 434 5272 Lucus
453 5225 480 5274 iu
497 5221 528 5277 B.
546 5223 684 5276 evanidus.
