4032 6070
586 561 903 620 Pnocrans
940 561 1142 618 mutos.
1533 567 1598 636 8ll

213 710 267 774 De
290 707 402 774 forma
416 711 554 796 generis
577 712 771 788 masculini,
794 731 863 797 qua
885 711 1036 776 ablativo
1060 733 1141 803 casu
1167 715 1303 776 numeri
1326 711 1510 796 singularis
1533 731 1598 774 no-

136 812 223 874 mina
246 811 305 878 ·0·
328 813 443 877 littera
465 814 709 889 terminantur,
740 826 773 877 et
800 815 1016 878 nominativo
1040 835 1120 878 casu
1148 817 1284 879 numeri
1307 815 1491 899 singularis
1515 813 1597 877 ·US·

134 909 258 994 syllaba
288 926 369 1001 post
397 915 453 979 ·U·
476 915 627 980 litteram
651 916 878 994 definiuntur,
900 915 917 948 ⁴
932 929 1102 1002 quantum
1125 919 1213 982 ratio
1240 918 1406 1003 poscebat
1434 908 1706 1018 tractavi-{⁰2¹3

23 1059 24 1084 ,
135 1034 205 1078 mus
229 1019 281 1100 Ι).
1595 1033 1598 1044 ·
1723 1037 1729 1046 ·

213 1121 289 1186 380.
312 1119 377 1182 DE
400 1119 551 1204 ·QUUS·
573 1115 622 1201 ¹⁵).
647 1119 897 1206 Quaecumque
920 1123 1063 1188 nomina
1080 1123 1217 1208 generis
1240 1123 1422 1186 masculini
1446 1121 1597 1186 ablativo

135 1239 208 1286 casu
240 1223 378 1286 numeri
409 1223 593 1308 singularis
623 1223 681 1288 ·0·
708 1222 823 1287 littera
851 1225 1098 1300 terminantur,
1129 1237 1162 1288 et
1189 1227 1404 1304 nominativo
1428 1244 1509 1288 casu
1531 1244 1597 1286 nu-

135 1325 215 1386 meri
247 1325 432 1408 singularis
461 1325 612 1410 ·QUUS·
638 1315 678 1408 ¹⁶)
711 1325 841 1406 syllaba
863 1324 1090 1402 definiuntur,
1113 1339 1152 1389 ut
1174 1341 1275 1413 puta:
1300 1327 1349 1392 ab
1372 1329 1452 1390 boc
1475 1345 1596 1410 equo,

23 1461 24 1470 .
136 1425 194 1490 bic
215 1446 352 1512 equus
373 1431 431 1510 ι7),
454 1430 540 1492 baec
563 1429 606 1490 ad
628 1429 696 1491 boc
720 1427 917 1513 exemplum
942 1429 1162 1492 declinantur
1186 1425 1246 1513 '⁸):

209 1528 359 1592 Numeri
392 1531 590 1614 singularis:
622 1532 691 1594 hic
721 1551 871 1615 equus,
901 1531 1026 1594 huius
1058 1532 1175 1616 equi,
1206 1533 1306 1596 huic
1334 1551 1462 1616 equo,
1486 1529 1598 1594 hunc

137 1651 294 1714 equum,
318 1652 339 1696 o
363 1652 483 1717 eque,
506 1632 555 1695 ab
578 1634 658 1696 hoc
680 1651 808 1717 equ03
832 1644 866 1696 et
880 1631 1078 1718 pluraliter:
1103 1635 1144 1696 hi
1168 1635 1278 1720 equi,
1301 1635 1454 1696 horum
1472 1651 1597 1718 equo-

137 1751 235 1806 rum,
259 1734 327 1796 his
348 1735 485 1818 equis,
510 1736 588 1798 hos
612 1755 764 1819 equos,
787 1755 809 1799 c
833 1733 945 1818 equi,
969 1735 1019 1798 ab
1043 1737 1107 1800 his
1132 1737 1261 1822 equis.

212 1835 273 1899 Sic
296 1847 331 1898 et
352 1835 419 1898 alia
441 1838 578 1920 generis
601 1836 783 1900 masculini
804 1837 959 1910 nomina,
984 1857 1073 1922 quae
1095 1837 1245 1902 ablativo
1269 1855 1350 1900 casu
1371 1836 1508 1898 numeri
1528 1835 1600 1899 sin-

136 1936 258 2020 gularis
287 1935 346 2002 ·0·
374 1937 489 2004 littera
527 1940 773 2014 terminantur,
810 1949 845 2001 et
878 1939 1094 2003 nominativo
1125 1959 1207 2004 casu
1241 1940 1379 2002 numeri
1414 1937 1600 2022 singularis

138 2037 282 2122 'QUU8·
309 2043 349 2122 Ι9)
382 2039 513 2121 syllaba
541 2027 770 2117 deliniuntur,
804 2042 890 2106 haec
914 2044 955 2124 ²⁰)
979 2041 1023 2106 ad
1045 2043 1245 2130 exemplum
1268 2041 1368 2127 equi
1391 2061 1456 2128 per
1477 2059 1599 2103 carues

137 2161 226 2206 maus
248 2145 291 2225 '')
314 2141 543 2208 declinantur.

211 2247 289 2311 ³81.
318 2244 422 2308 Nunc
451 2245 488 2308 ln
518 2246 584 2309 hac
612 2246 846 2332 suprascripta
867 2247 912 2330 '’)
943 2247 1056 2311 torma
1082 2250 1150 2312 hcc
1182 2267 1379 2321 monemus,
1412 2243 1508 2330 quod
1530 2245 1599 2308 sint

136 2345 245 2430 aliqua
272 2347 433 2422 nomina,
464 2365 552 2431 quae
580 2347 753 2410 interdum
781 2362 928 2435 propter
955 2363 1063 2414 metra
1085 2350 1140 2414 vel
1163 2360 1352 2414 structuras
1381 2367 1425 2410 ex
1447 2346 1599 2410 ablativo

138 2467 210 2511 casu
232 2449 372 2511 numeri
394 2449 580 2532 singularis
603 2449 660 2514 ·0·
682 2448 844 2513 ultimum
868 2464 903 2515 et
922 2445 964 2534 ²³)
988 2453 1024 2515 in
1048 2451 1143 2516 ·UM·
1164 2453 1296 2515 litteras
1320 2461 1524 2513 convertant
1544 2437 1600 2529 ¹⁴),

137 2562 170 2612 ut
195 2550 394 2634 genetivum
425 2571 540 2614 casum
571 2552 708 2614 numeri
737 2552 882 2637 pluralis
910 2553 1080 2631 efficiant,
1110 2565 1272 2640 utputa:
1300 2553 1349 2615 ab
1371 2553 1451 2614 hoc
1474 2565 1619 2635 equo,·

137 2653 277 2716 borum
295 2647 339 2737 ²⁵)
363 2673 524 2738 equum.
548 2654 618 2718 Sed
639 2655 743 2730 haec,
767 2674 856 2739 quae
879 2655 948 2718 sint
969 2657 1124 2733 nomina,
1148 2670 1183 2721 et
1205 2676 1274 2741 qua
1296 2655 1339 2718 de
1362 2673 1464 2717 causa
1487 2671 1601 2714 exsu-

137 2755 289 2840 pradicto
323 2776 404 2820 casu
433 2757 607 2820 interdum
636 2767 782 2842 propter
809 2769 919 2820 metra
947 2758 1002 2822 vel
1026 2751 1068 2838 ¹⁶)
1092 2770 1280 2822 structuras
1303 2756 1360 2821 Ὀ·
1382 2754 1544 2818 ultimum
1568 2765 1601 2814 et

138 2857 170 2920 in
199 2857 293 2920 vat.
319 2857 449 2922 litteras
473 2871 677 2922 convertant
694 2858 755 2937 ²⁷),
777 2871 817 2921 ut
839 2861 1038 2944 genetivum
1062 2879 1180 2924 cassan
1203 2858 1340 2921 numeri
1361 2854 1514 2941 pluralis¹
1529 2853 1602 2917 elfi-

137 2958 239 3035 ciaut‚
263 2961 332 3022 boc
353 2961 388 3023 in
414 2961 532 3024 metris
554 2961 609 3024 vel
632 2959 813 3024 structuris
837 2974 1075 3047 competenter
1096 2960 1319 3025 tractabimus
1339 2953 1394 3041 ²⁸).

216 3062 304 3125 ltem
332 3062 371 3124 in
399 3064 470 3126 hac·
493 3063 728 3148 suprascripta
748 3065 791 3144 ²⁹)
823 3062 933 3127 lorma
956 3065 1151 3148 quaeritur,
1181 3063 1315 3149 quade
1338 3077 1441 3124 causa
1464 3074 1599 3140 equus

136 3183 195 3248 per
216 3164 272 3247 ·Q·
296 3174 331 3226 et
343 3157 388 3248 ³⁰)
411 3183 482 3228 nou
503 3185 568 3251 per
591 3164 642 3230 ·C·
657 3159 699 3248 ³¹)
721 3165 872 3228 litteram
894 3164 1085 3228 scribatur?
1113 3165 1188 3228 llac
1217 3165 1259 3228 de
1283 3182 1403 3234 causa,
1433 3161 1598 3246 quoniam

135 3285 373 3350 quaecumque
390 3267 546 3332 ¹uomina
573 3267 609 3330 in
637 3267 794 3352 quolibet
825 3287 905 3331 casu
929 3268 1109 3330 ia'ultima
1133 3265 1262 3348 syllaba
1278 3258 1320 3348 ³²)
1342 3284 1407 3348 per
1428 3263 1484 3348 ·Q·
1507 3262 1600 3325 litte-

136 3385 205 3428 ram
228 3367 428 3431 scribuntur
441 3360 495 3451 ³³),
519 3371 604 3433 baec
625 3389 690 3455 per
711 3389 832 3432 omnes
856 3389 953 3434 casus
974 3362 1025 3452 ³⁴)
1039 3369 1075 3433 ia
1097 3368 1221 3432 ultima
1242 3367 1298 3432 vel
1320 3365 1509 3452 proultima
1532 3363 1600 3444 syl-

133 3461 263 3552 laba³⁵)
286 3490 350 3554 per
373 3469 428 3554 ·Q·
451 3469 827 3535 litteram-scribuntur
842 3463 895 3554 ³⁶).

216 3573 318 3635 Nunc
341 3571 377 3634 in
400 3574 465 3636 hac
488 3572 599 3636 torma
621 3574 758 3656 generis
782 3573 975 3649 masculini,
1000 3592 1068 3658 qua
1083 3571 1238 3636 diximus
1254 3569 1412 3634 ablativo·
1430 3590 1511 3632 casu
1535 3589 1599 3630 nu-

132 3673 219 3736 useri
241 3673 426 3758 singularis
456 3676 599 3738 nomina
623 3674 817 3739 ·0·1iusra
848 3675 1038 3750 terminari,
1063 3687 1097 3738 et
1118 3674 1335 3739 nominativo
1359 3691 1440 3736 casu
1463 3669 1599 3733 rrumeri

133 3774 315 3860 singularis
344 3777 496 3861 ·QUUS·
526 3775 656 3858 syllaba
683 3777 818 3840 deliniri
837 3769 896 3859 ³⁷),
933 3779 1001 3840 hoc
1030 3795 1228 3848 monemus,
1257 3773 1354 3861 quod
1385 3793 1428 3836 ex
1458 3770 1598 3856 euplus

173 4177 209 4247 ιι)
239 4176 279 4230 De
296 4177 385 4229 forma
403 4213 518 4230 .....
547 4175 721 4228 tractavimus
749 4175 785 4228 V.
813 4175 850 4228 A.
870 4204 905 4215 -
923 4172 967 4225 De
993 4172 1180 4244 suprascripta
1206 4171 1292 4224 torma
1311 4178 1443 4242 quautam
1462 4168 1530 4221 ratic
1550 4185 1601 4237 pu-

239 4261 333 4318 scebat
351 4263 526 4316 nausimus
544 4263 576 4316 Β.
598 4263 632 4331 ⁸⁵)
653 4261 779 4336 ·QUUS·
800 4261 836 4316 V.
855 4261 890 4314 A.
911 4291 947 4302 ·-
966 4259 1063 4332 Qus·
1082 4261 1115 4314 B.
1137 4262 1172 4330 Ιθ)
1192 4257 1317 4332 ·QUUS·
1337 4259 1373 4314 V.
1394 4257 1430 4310 A.
1450 4287 1484 4298 -
1504 4254 1600 4328 ·Qus·

238 4352 269 4405 lt.
290 4355 325 4423 ¹²)
345 4367 432 4423 equus
450 4352 486 4404 A.
507 4381 541 4394 -
560 4367 627 4422 equa
646 4352 679 4404 B.
699 4364 783 4403 const.
801 4349 836 4403 V.
851 4349 876 4400 Ιι.
887 4351 905 4402 l.
916 4361 942 4403 et
957 4351 1024 4402 alibi
1036 4367 1119 4420 quam
1132 4351 1295 4418 scripturam
1309 4347 1403 4417 carpit
1416 4345 1512 4400 Velius
1528 4343 1602 4396 Lou-

236 4459 289 4512 5ua
303 4441 338 4493 de
354 4437 628 4510 orthograptmttt.
647 4459 668 4489 a.
689 4439 720 4490 Ρ.
751 4438 785 4507 ¹⁸)
804 4432 979 4488 declinantur
997 4437 1033 4492 V.
1053 4437 1088 4490 A.
1108 4437 1140 4488 Β.
1161 4456 1179 4487 a
1195 4455 1238 4508 pr.
1257 4453 1293 4489 m.
1319 4463 1355 4476 --
1381 4431 1549 4485 deliniuntur
1566 4431 1600 4484 B.

241 4548 259 4580 a
272 4547 325 4582 coe.
341 4545 416 4580 man.
438 4529 478 4598 Ι9)
494 4523 619 4598 QUUS·
640 4526 678 4579 V.
698 4524 734 4577 A.
753 4557 788 4569 -·
808 4525 903 4597 ·Qth·
922 4525 955 4578 B.
975 4527 1011 4593 ’‘)
1032 4521 1098 4575 baec
1119 4524 1153 4577 V.
1166 4525 1195 4575 Ρ.
1208 4523 1244 4574 A.
1263 4545 1300 4570 =
1317 4523 1349 4574 B.
1371 4525 1406 4590 ¹¹)
1427 4537 1505 4572 casus
1519 4520 1550 4571 Β.
1563 4517 1599 4571 A.

240 4645 275 4658 -··
291 4633 390 4668 casuue
411 4615 446 4670 V.
466 4615 503 4686 ”)
521 4613 709 4685 suprascripta
726 4614 759 4666 B.
781 4613 817 4666 V.
837 4613 868 4664 Ρ.
887 4609 1100 4684 -supradicta
1118 4609 1154 4664 A.
1175 4613 1211 4679 η)
1231 4617 1260 4660 et
1279 4609 1356 4663 ΙΝ.
1376 4608 1461 4660 --·Α.
1481 4608 1517 4676 ’4)
1535 4622 1601 4656 ccu-

238 4709 343 4756 vrrtaut
360 4704 394 4757 B.
415 4705 452 4759 V.
470 4733 506 4744 —
525 4708 689 4756 convertunt
707 4699 743 4754 A.
762 4700 804 4770 ’‘)
818 4695 916 4750 borum
936 4701 972 4753 V.
993 4700 1028 4752 A.
1048 4730 1083 4740 -
1102 4715 1179 4752 orum
1198 4697 1229 4749 B.
1251 4697 1288 4767 Ιθ)
1307 4693 1351 4748 vel
1368 4697 1401 4747 B.
1419 4694 1455 4749 V.
1465 4694 1501 4746 A.
1520 4722 1555 4734 -
1575 4701 1603 4743 et

238 4791 270 4844 P.
290 4798 324 4863 '')
345 4799 506 4845 convertant
523 4792 556 4844 B.
577 4768 614 4841 V.
634 4821 668 4830 -
687 4795 850 4840 convertunt
868 4786 904 4839 A.
922 4788 959 4854 ²⁸)
980 4785 1155 4839 tractabimus
1176 4783 1210 4838 V.
1230 4786 1266 4837 A.
1288 4813 1325 4825 -
1341 4782 1516 4834 tractavimus
1525 4781 1557 4836 B·
1569 4781 1601 4832 Ρ.

239 4881 277 4950 ’1)
294 4879 482 4951 suprascripta
501 4879 532 4932 Β.
554 4879 591 4932 V.
612 4879 640 4930 P.
660 4907 695 4917 -
713 4873 871 4946 supradicta
889 4874 930 4942 A,
956 4875 993 4946 ³⁰)
1013 4883 1042 4926 et
1058 4873 1090 4928 B.
1112 4873 1147 4926 V.
1166 4892 1202 4919 =
1220 4871 1256 4924 A.
1285 4874 1320 4938 ³³)
1341 4870 1435 4923 ·c·1t·
1457 4869 1493 4923 V.
1512 4869 1548 4921 A.
1568 4893 1604 4909 -

239 4983 281 5018 ce.
300 4969 330 5020 Ρ.
350 4971 386 5037 ³¹)
405 4968 436 5019 iu
453 4965 548 5019 ultima
567 4962 671 5035 syllaba
689 4965 720 5017 n
733 4964 767 5017 V.
788 4963 818 5016 Ρ.
839 4992 874 5005 -
892 4959 1016 5013 ultimam
1034 4957 1166 5030 syllabam
1184 4959 1220 5014 A.
1242 4961 1277 5027 11)
1297 4953 1457 5036 scribuntur
1475 4956 1507 5010 B.
1521 4955 1603 5009 A.-
1691 5017 1698 5029 α

239 5052 396 5108 scribantur
415 5055 449 5110 V.
476 5053 515 5124 rt)
537 5069 616 5105 casus
634 5053 666 5106 B.
689 5081 721 5094 -
748 5069 846 5103 casuue
867 5052 903 5105 V.
930 5051 966 5122 Η)
985 5049 1013 5101 ἰιι
1032 5047 1128 5102 ultima
1147 5087 1155 5100 .
1175 5087 1181 5098 .
1203 5086 1209 5100 .
1230 5087 1235 5098 .
1256 5041 1360 5116 syllaba
1380 5045 1416 5100 V.
1437 5075 1470 5090 -
1490 5044 1519 5096 iu
1539 5041 1604 5096 ulti-

236 5160 312 5194 mam
327 5161 352 5197 r.
372 5141 548 5214 proultimam
567 5135 671 5210 syllaba
690 5140 750 5210 (sic)
772 5139 800 5192 Β.
821 5141 859 5209 ¹⁸)
879 5135 946 5192 llaec
966 5177 1082 5192 .....
1103 5131 1265 5192 scribuntur
1278 5135 1310 5190 B·
1331 5134 1363 5192 V
1361 5172 1368 5187 ·
1386 5155 1423 5184 ι*-
1440 5133 1476 5188 A.
1498 5133 1536 5204 ³⁷).
1553 5149 1605 5202 qua

239 5227 360 5284 diximus
379 5269 495 5288 .....
516 5226 624 5286 detulit
643 5231 677 5284 V.
698 5229 732 5282 A.
752 5251 788 5278 =
807 5229 838 5281 B.
