4104 6064
406 567 473 638 Μ
730 561 1550 619 FRAGMENTAGRAMMATICA.

409 723 599 787 manserat,
627 709 672 776 ad
698 710 933 796 posteriorum
961 710 1091 797 pedum
1122 709 1291 774 initialem
1321 709 1508 794 syllabam,
1537 723 1572 776 et
1594 721 1773 797 praeterea
1796 731 1880 774 aua-

407 825 544 898 paestos
565 805 608 896 ⁵⁸)
637 810 736 876 duos.
766 811 830 876 Est
859 833 943 897 crgo
975 813 1174 900 exemplum
1203 813 1304 878 huius
1335 835 1354 878 c
1386 815 1418 895 ⁹)
1450 824 1620 878 vetustate
1647 849 1692 864 -
1722 813 1880 880 Invida

407 913 618 980 formosas
633 905 679 997 ⁶⁰)
702 913 852 982 oderat
873 914 952 979 illa
973 912 1106 982 boves
1124 917 1213 997 ·)-
1233 915 1294 999 qui
1317 934 1436 980 versus
1459 915 1567 982 heroo
1591 913 1813 1001 subiungitur
1828 917 1880 982 sic

405 1049 450 1066 -
470 1009 746 1102 Pasiphaen)
766 1015 897 1098 niveo
919 1016 1142 1101 gaudebat
1164 1015 1364 1084 adultera
1386 1029 1511 1084 tauro
1527 1015 1580 1102 ⁶),
1611 1017 1768 1082 invida
1791 1019 1877 1082 ior-

407 1137 545 1182 mosas
568 1117 723 1182 oderat
744 1117 823 1182 illa
843 1116 1036 1182 boves-
1056 1118 1224 1203 Elegeam
1241 1111 1285 1202 61)
1300 1133 1416 1184 autem
1434 1119 1504 1185 dici
1523 1120 1688 1184 traditum
1703 1132 1766 1197 est,
1782 1119 1878 1204 qnod

407 1238 449 1282 co
478 1219 634 1282 carmine
661 1220 773 1284 nostri
801 1219 951 1284 maiores
982 1219 1164 1284 defunctos
1186 1240 1266 1284 suos
1290 1221 1494 1286 lamentasse
1517 1221 1699 1298 dicuntur,
1728 1223 1878 1286 undeet

408 1319 564 1403 olegcum
579 1313 623 1404 ⁶³)
649 1321 867 1386 nominatum
896 1332 966 1400 est,
996 1322 1091 1388 velut
1113 1322 1156 1390 ab
1180 1322 1286 1407 elegis
1301 1316 1356 1406 ⁶⁴).
1387 1323 1479 1388 Huic
1500 1336 1535 1388 et
1562 1323 1796 1390 Archilochus
1817 1344 1878 1387 su-

408 1433 484 1484 ctor
506 1434 568 1486 est.

493 1525 543 1588 18.
566 1524 834 1610 Anapaesticum
860 1518 904 1610 ⁶⁵)
935 1539 1084 1590 metrum
1108 1539 1243 1590 constat
1264 1539 1451 1613 anapaesto
1474 1519 1520 1612 66)
1544 1542 1579 1592 et
1600 1525 1750 1613 spondis
1775 1527 1879 1592 indii-

409 1623 531 1688 ierenti
553 1637 588 1689 et
610 1624 783 1689 solutione
805 1629 983 1712 anapaesti
998 1621 1060 1712 ⁶⁷),
1083 1627 1377 1715 proceleumatico
1400 1628 1488 1713 pede
1512 1643 1546 1695 ct
1568 1628 1719 1711 dactylo.

494 1730 545 1796 19.
568 1726 829 1791 Monumetrum
853 1728 1078 1794 acatalectum
1101 1767 1143 1778 -
1164 1729 1261 1794 Lux
1283 1730 1392 1794 aima
1413 1730 1547 1794 Deum
1566 1732 1607 1815 ⁶).

491 1831 545 1896 20.
568 1829 766 1893 Dimetrnm
788 1829 1125 1914 brachycatalectum
1147 1869 1190 1880 -·-
1213 1831 1352 1920 Super
1372 1833 1508 1899 ardua
1530 1832 1670 1898 terror
1691 1833 1819 1917 equis
1834 1830 1877 1915 ὅ).

492 1934 544 1996 21.
567 1929 622 1994 Ab
652 1934 720 1996 hoo
748 1933 850 1996 metri
877 1954 1004 2018 genere
1033 1934 1138 2002 distat
1164 1954 1301 2012 versus,
1335 1936 1396 2018 qui
1418 1935 1696 2022 prosodiacus‘)
1718 1936 1879 1998 nomina-

408 2029 509 2116 turs)
534 2078 707 2100 ......
732 2034 827 2118 quod
856 2036 892 2098 in
921 2036 1097 2122 principio
1126 2056 1198 2101 non
1220 2049 1463 2121 anapaestum,
1493 2037 1553 2102 sed
1575 2035 1729 2102 iambum
1751 2037 1877 2124 pedem

407 2146 465 2196 sut
487 2133 673 2220 spondium
696 2136 844 2221 accipiat
866 2149 900 2200 et
922 2136 1058 2202 duobus
1080 2137 1304 2222 sequentibus
1320 2139 1513 2225 anapaestis
1536 2139 1743 2206 terminetur
1754 2135 1819 2223 ⁰⁸),
1841 2149 1879 2202 ut

407 2247 475 2298 est:
498 2235 615 2301 iambo
637 2273 681 2288 -
703 2237 813 2320 Quis
835 2239 952 2303 inter
972 2259 1071 2304 aves
1094 2239 1329 2304 melicas-
1351 2234 1678 2328 spondio⁶⁰>⁸)....

454 2497 490 2565 ⁵⁴)
510 2503 658 2565 suspectos
679 2496 747 2549 Cod.
768 2497 804 2568 ⁵⁹)
824 2493 961 2568 huiusque
983 2497 1051 2553 ced.
1071 2499 1107 2570 ⁶⁰)
1126 2497 1278 2550 formonsos
1301 2499 1367 2552 ced.
1388 2512 1414 2552 et
1429 2503 1468 2554 aia
1480 2519 1544 2554 utos
1562 2503 1614 2569 insi
1632 2502 1670 2568 Ἰ)
1689 2500 1791 2572 pssstse
1810 2501 1873 2553 ced.

513 2582 549 2650 θ’)
568 2579 730 2650 Aelagaenrn
753 2583 820 2634 ced.
840 2585 876 2653 ⁶¹)
896 2581 1035 2654 asiegeum
1057 2586 1124 2638 Cod.
1144 2586 1181 2657 ⁶⁴)
1196 2583 1297 2656 selegit
1315 2587 1382 2639 cod.
1402 2589 1649 2660 ⁸⁵)Anapesticutu
1670 2587 1739 2643 0011.
1758 2589 1794 2659 ⁶⁶)
1813 2605 1875 2640 sns-

512 2675 594 2739 pasto
616 2669 683 2722 esst.
703 2669 741 2740 ο1)
761 2671 887 2740 anspssti
906 2671 975 2725 Cod.
994 2673 1031 2742 ⁰¹)
1050 2671 1212 2726 terminatur
1232 2673 1299 2726 ced.
1320 2675 1356 2744 θ’)
1375 2673 1499 2745 spondis
1519 2675 1587 2728 cod.

459 2773 490 2844 a)
514 2769 598 2826 ovid.
616 2773 649 2825 Α.
668 2774 699 2826 Α.
718 2773 742 2827 l.
761 2777 823 2832 296.
843 2775 871 2844 d)
890 2773 974 2829 ovid.
993 2777 1025 2830 t.
1044 2778 1075 2829 Α.
1095 2777 1117 2829 1.
1135 2781 1198 2838 295.
1216 2775 1265 2830 ubi
1283 2793 1357 2831 nnnc
1375 2795 1426 2849 pro
1446 2781 1525 2830 uisse
1549 2775 1650 2848 iegitur
1662 2779 1748 2853 fieri,
1775 2797 1871 2851 qnam-

512 2861 554 2915 tis
572 2857 683 2930 stapad
695 2857 761 2914 stit.
772 2861 998 2916 fortunatianum
1007 2883 1032 2918 c.
1044 2869 1115 2924 2696
1125 2865 1155 2920 Ρ.
1172 2862 1291 2920 habetor
1304 2871 1390 2920 niveo
1410 2870 1436 2933 a)
1453 2866 1544 2934 ignoti
1560 2863 1641 2920 nobis
1653 2875 1750 2938 poetas
1768 2884 1875 2921 vanus.

511 2949 542 3016 d)
569 2949 685 3000 Versum
709 2944 784 3003 huns
810 2949 840 3002 iu
866 2949 937 3004 Ccd.
956 2959 1052 3006 nostro
1070 2953 1107 3006 ita
1128 2961 1302 3024 corruptum:
1329 2973 1412 3026 saper
1429 2955 1519 3008 ardna
1528 2957 1603 3024 facit
1620 2959 1725 3028 aequit,
1752 2955 1875 3008 aMsrio

511 3035 656 3090 Victorino
669 3052 694 3088 c.
710 3041 782 3095 2521
792 3035 822 3088 P.
842 3037 1053 3092 emendavimus.
1073 3041 1100 3110 e)
1116 3041 1304 3113 prosodincus.
1322 3041 1379 3094 Itas
1392 3038 1523 3094 cribitnns
1531 3059 1582 3114 pro
1598 3060 1641 3104 eo,
1661 3039 1735 3114 quod
1745 3041 1816 3096 Cod.
1834 3041 1874 3094 ri·

512 3123 581 3175 tioss
600 3119 685 3176 habet
700 3123 881 3194 procedatur,
901 3126 935 3180 cf.
955 3123 1102 3202 Hephaest.
1123 3147 1152 3200 p.
1170 3132 1215 3186 81.
1236 3127 1322 3182 Gaias.
1339 3133 1381 3200 s)
1401 3143 1569 3184 nominatur.
1588 3130 1656 3183 Post
1674 3127 1701 3181 is.
1714 3149 1739 3183 v.
1753 3129 1784 3181 in
1802 3127 1872 3186 Cod.

510 3210 651 3282 seqnitur:
679 3229 824 3275 amanam,
851 3211 925 3284 quod
945 3211 1013 3287 qnid
1032 3215 1086 3280 sit,
1111 3231 1168 3266 non
1186 3215 1363 3286 assequimur.
1390 3221 1421 3288 3)
1447 3217 1571 3288 spondio.
1598 3215 1805 3270 inscribimus
1824 3235 1873 3288 pro

511 3297 612 3351 vitioso
636 3299 755 3370 spondeas
782 3296 853 3352 cod.
882 3301 949 3355 Post
973 3300 999 3354 ir.
1019 3320 1043 3356 v.
1071 3299 1144 3358 cod.
1170 3298 1255 3356 habat
1272 3315 1373 3357 santur
1401 3305 1473 3374 (sic).
1501 3301 1683 3357 Desideratur
1708 3301 1873 3376 exemplum

511 3401 636 3455 graecum
656 3383 741 3442 habes
759 3385 835 3458 apud
853 3387 1094 3461 Hephaestionem.
1114 3408 1143 3462 p.
1163 3393 1206 3450 85.
1227 3389 1331 3446 crist:
1350 3381 1421 3446 aira
1439 3385 1470 3446 δι’
1480 3410 1512 3444 oo
1526 3387 1701 3449 notitias.-
