4050 6064
545 1033 826 1126 vnltstts
857 1037 963 1124 mc
998 1031 1324 1128 romnus
1357 1037 1724 1132 immolet

513 1395 543 1458 E
575 1395 706 1462 Codice
742 1392 887 1460 membr.
926 1392 1041 1458 Seculi
1070 1393 1130 1458 xt.
1165 1393 1316 1458 vindob.
1349 1397 1444 1462 2521.
1485 1393 1581 1460 Olim
1618 1419 1649 1478 φ.
1681 1401 1754 1466 tto.

569 1813 618 1876 Ut
640 1831 722 1875 rues
743 1810 964 1897 pyrrhichius
985 1813 1010 1894 ¹)
1033 1822 1187 1886 constat,
1211 1810 1386 1896 spondens
1408 1824 1446 1876 ut
1468 1831 1581 1875 ancras
1601 1813 1647 1896 ²),

568 1914 682 2000 Atque
706 1934 822 1977 rannus
846 1911 999 1976 iambum
1023 1913 1197 1996 designat,
1222 1933 1309 1976 uera
1334 1915 1534 1978 trochaeum
1554 1907 1592 1999 ³).

568 2015 781 2080 Tribrachus
802 2028 842 2078 ut
866 2035 1024 2090 scurrus,
1048 2013 1143 2078 velut
1164 2035 1352 2100 aereasque
1376 2015 1546 2080 molossus
1561 2011 1608 2100 ⁴),

566 2118 734 2201 Dactylus
749 2112 778 2202 ⁶.)
801 2117 883 2181 inde
906 2116 998 2180 subit
1019 2118 1113 2180 hunc
1135 2111 1356 2201 Maenalos‘)
1380 2130 1483 2204 atque
1506 2119 1716 2202 notatum).

567 2221 659 2285 Huic
681 2234 733 2284 est
753 2219 936 2306 oppositus
959 2219 1072 2282 Eueno
1085 2211 1113 2302 ⁸)
1138 2239 1289 2283 narraras
1310 2232 1515 2306 anapaestus
1533 2223 1583 2304 ⁹),

566 2322 935 2408 Amphibrachumqao
959 2340 1072 2384 camsi
1093 2334 1209 2398 notat;
1231 2334 1312 2408 post
1333 2323 1590 2408 amphimacrus
1613 2334 1697 2402 stat,

566 2427 681 2508 Quem
705 2425 831 2487 retinet
851 2423 975 2507 longa,
999 2421 1114 2489 brevis
1138 2424 1219 2487 hinc
1242 2437 1276 2488 et
1298 2425 1412 2488 denuo
1435 2423 1541 2509 longa
1560 2426 1611 2509 ¹⁰).

565 2526 737 2590 Bacchius
755 2526 796 2606 ¹¹)
819 2525 900 2588 inde
923 2524 1057 2602 subest,
1079 2523 1169 2590 bebo
1192 2547 1297 2612 quem
1320 2526 1478 2612 designat
1498 2527 1669 2603 Acamas,

566 2626 682 2714 Atque
704 2625 997 2713 palimbacchium
1023 2628 1063 2710 ¹²)
1087 2639 1182 2690 tenet
1203 2629 1287 2691 hinc
1307 2647 1431 2692 narona
1452 2640 1621 2696 notatum.

568 2727 888 2794 Proceleumaticus
911 2749 957 2792 ex
980 2742 1129 2813 quatuor
1152 2744 1203 2794 est
1223 2729 1408 2796 breviatus.
1427 2723 1468 2816 ¹³)

567 2831 669 2896 Stant
690 2849 855 2896 onarottss
879 2829 1110 2918 dispondeum
1133 2832 1341 2910 retinentes3

570 2933 658 2998 Inde
680 2933 768 2998 duos
793 2932 927 2998 iambos
950 2934 987 2996 in
1010 2955 1047 2998 se
1070 2945 1164 2998 tonet
1185 2933 1260 3020 ipse
1283 2933 1443 2999 diambus
1471 2928 1531 3018 ¹⁴),

565 3033 626 3100 Sic
648 3035 888 3100 ditrochaeum
912 3029 951 3118 ¹⁵)
974 3036 1043 3101 duo
1063 3029 1123 3119 ¹⁶);
1137 3055 1383 3102 arumnorum
1407 3038 1664 3116 choriambum

563 3137 696 3224 Estque
716 3155 889 3202 cancarrus
912 3139 1103 3223 antispasto
1127 3139 1320 3204 decoratus.

565 3239 657 3304 llinc
680 3240 815 3304 ionicus
838 3241 954 3304 minor
975 3253 1028 3305 est
1050 3262 1154 3327 quom
1178 3241 1337 3328 designat
1358 3261 1525 3306 ntonnnns

564 3341 739 3406 Maiorem
762 3341 916 3407 ionicum
939 3362 1092 3408 sororius
1114 3356 1259 3409 annotat
1280 3344 1389 3410 illum.

564 3443 760 3530 Tamquam
783 3445 960 3531 legitimus
983 3461 1035 3512 est
1056 3447 1137 3512 inde
1159 3467 1274 3533 paeon
1295 3449 1334 3531 ¹⁷)
1357 3445 1421 3512 tibi
1443 3447 1597 3532 primus,

565 3546 667 3610 Unde
690 3565 838 3632 sequens
862 3561 998 3612 constet
1019 3549 1088 3613 hoc
1111 3549 1175 3612 rite
1199 3568 1338 3615 concurr
1360 3561 1547 3627 monstret,

566 3650 656 3712 Hinc
680 3651 738 3714 liat
761 3663 874 3714 certus
898 3650 962 3726 tibi
984 3652 1105 3714 tertius
1120 3645 1160 3740 fl)
1183 3649 1471 3727 millemortuus,

566 3751 642 3816 Stat
664 3772 747 3816 vero
771 3766 914 3836 quartus
936 3775 1000 3838 per
1023 3766 1091 3817 tros
1112 3753 1243 3839 primas
1266 3751 1441 3816 breviatus
1460 3755 1512 3837 ¹⁹).

559 3853 735 3938 stantque
759 3853 968 3918 Saceenorns
992 3856 1169 3942 epitritum
1194 3855 1439 3930 certificantes,

562 3954 660 4018 Alter
683 3968 879 4043 correptam
902 3970 1114 4022 monstratur
1134 3956 1262 4020 habere
1285 3955 1471 4020 secundam
1490 3957 1552 4039 ¹·),

565 4057 703 4150 Tertius
727 4070 779 4122 est
801 4071 917 4122 curtus
941 4060 977 4123 in
1000 4061 1080 4122 trita
1096 4061 1159 4142 ¹¹),
1190 4061 1240 4123 sic
1263 4059 1422 4146 epitritus

564 4159 736 4243 Quartum
759 4159 897 4224 finalem
921 4160 986 4225 fert
1007 4161 1228 4226 Fescenninos
1251 4161 1399 4226 eundem
1415 4161 1470 4244 ¹¹).

397 4321 1852 4354 .....---—---——...—-......-..,-.-...

450 4421 473 4492 ¹)
497 4415 645 4490 pirrirltiue
678 4417 746 4472 Cod.
771 4419 794 4488 ⁹)
821 4425 893 4470 estas
920 4419 989 4472 cod.
1018 4423 1041 4492 ⁸)
1069 4417 1210 4473 trocheon
1233 4419 1300 4472 ch.
1325 4419 1348 4490 ⁴)
1367 4417 1490 4474 tnoloana
1511 4419 1579 4473 Cod.
1605 4421 1628 4490 ι)
1648 4415 1777 4472 Dectilue
1799 4420 1864 4472 Cod.

499 4509 524 4580 6)
542 4504 668 4560 Monalos
690 4507 758 4560 cod.
779 4509 802 4578 ⁷)
822 4514 935 4559 nctanm
954 4509 1016 4580 (tie)
1038 4509 1104 4562 cot.
1128 4510 1152 4580 ⁸)
1172 4503 1265 4560 eratho
1287 4507 1354 4561 God.
1381 4508 1406 4578 ⁹)
1426 4515 1573 4581 anapestus
1594 4508 1664 4561 Cod.
1689 4511 1723 4579 ¹⁰)
1744 4507 1865 4560 Additur

498 4601 630 4674 talmarg.
645 4600 748 4667 partim
762 4609 866 4650 retecto
882 4598 940 4668 gt.-
958 4605 990 4650 ut
1004 4595 1079 4650 insul
1089 4599 1161 4669 (lege
1175 4593 1302 4668 insulae).
1324 4598 1358 4667 ¹¹)
1378 4594 1496 4648 Baebius
1516 4595 1583 4649 Cod.
1607 4598 1641 4666 ¹¹)
1653 4591 1866 4672 palimbaehium

500 4686 569 4739 Ccd.
591 4685 626 4755 ¹³)
644 4683 768 4738 Additur
783 4685 822 4756 gl.
841 4703 949 4758 merget
974 4695 1005 4740 ut
1024 4703 1085 4739 ι..
1106 4721 1137 4738 ..
1156 4683 1182 4736 la
1201 4685 1274 4756 (lege
1292 4681 1432 4754 animula).
1454 4684 1488 4752 ¹⁴)
1508 4683 1630 4742 Additur
1646 4685 1687 4755 gt.
1707 4701 1816 4756 marga
1835 4689 1864 4734 nt

496 4775 662 4847 proprietas.
685 4773 719 4842 ¹⁸)
730 4769 903 4826 ditroelteutn
920 4774 987 4828 Cod.
1009 4776 1043 4844 ¹⁶)
1058 4774 1180 4828 Additur
1189 4775 1228 4845 gt.
1242 4775 1377 4826 interlitas
1397 4768 1503 4824 trochei
1517 4780 1549 4824 ut
1563 4767 1712 4824 cantilena.
1734 4773 1772 4840 ¹⁷)
1794 4785 1864 4841 pecu

500 4863 568 4916 coe.
597 4863 630 4931 ¹¹)
658 4861 761 4913 tercius
783 4861 850 4914 Cod.
879 4875 963 4916 conat.
986 4867 1020 4932 ¹⁹)
1046 4863 1168 4916 Additur
1190 4864 1228 4933 gt.
1256 4879 1344 4932 marg.
1370 4867 1402 4914 nt
1427 4857 1471 4912 cel
1485 4897 1491 4911 .
1507 4897 1515 4912 .
1532 4866 1595 4913 ‚tae
1624 4861 1697 4931 (lege
1716 4857 1863 4928 celeritas.)

499 4952 534 5020 ¹⁰)
561 4949 685 5003 Additur
708 4953 758 5022 gl..
775 4968 878 5022 marga:
906 4960 937 5005 ut
965 4967 1101 5006 conc...
1129 4951 1200 5021 (tege
1219 4945 1427 5019 condiderunt).
1452 4948 1489 5018 ²¹)
1507 4946 1631 5000 Additur
1646 4949 1686 5019 gt.
1704 4963 1813 5019 rrtarg..¹
1831 4943 1865 4999 de

500 5077 507 5091 .
528 5077 533 5090 .
555 5076 560 5090 .
582 5046 645 5091 tens
664 5040 735 5112 (lege
753 5034 977 5112 Demosthenes).
998 5042 1034 5108 ¹⁸)
1054 5037 1211 5110 degendum
1231 5037 1352 5092 videtote
1372 5034 1495 5109 Quartus
1513 5049 1541 5092 et
1558 5032 1683 5090 eandem.

789 5253 1435 5285 --—·-—-*--—--
