4020 6068
407 559 501 620 mv
868 555 891 612 r
927 555 952 610 r
993 557 1018 610 t
1056 555 1080 610 n
1120 557 1143 610 r
1183 557 1208 610 t
1246 555 1271 608 r
1311 551 1326 608 t
1364 553 1406 610 o.

410 701 435 758 e
465 663 576 756 eod.
601 661 842 754 monasterii
864 661 908 750 S.
934 664 1052 750 Pauli
1080 665 1123 748 in
1151 661 1259 748 valle
1283 659 1515 748 Larentina
1540 681 1781 778 pervetusto
1808 661 1878 748 illo

411 799 612 922 quidem,
645 799 804 917 quippe
825 799 975 914 partim
996 797 1087 884 Sec.
1115 797 1239 902 VIII,
1270 797 1421 911 partim
1452 795 1541 880 Sec.
1567 795 1630 882 IX
1652 797 1719 882 vel
1746 797 1789 882 X
1818 799 1878 882 in·

412 961 559 1042 eunte,
587 957 774 1035 exarato,
804 933 920 1018 cuius
946 933 1109 1047 copiam
1135 931 1319 1042 benigue
1341 928 1464 1014 nobis
1490 931 1584 1014 lecit
1609 929 1756 1015 Abbas
1781 925 1879 1015 dicti

410 1069 651 1156 monasterii
671 1061 956 1152 intercedente
975 1065 1333 1152 Excellentissimo
1359 1063 1644 1149 Bibliothecae
1670 1062 1881 1150 Palatinae

410 1203 639 1306 Praefecto,
661 1199 830 1285 Comite
849 1199 1094 1285 Mauritio
1114 1195 1175 1286 de
1195 1197 1578 1284 Dietrichstein
1599 1197 1806 1282 bonarum
1821 1229 1882 1283 ar-

410 1340 516 1424 tium
535 1335 725 1420 omnium
744 1331 917 1437 fautore,
935 1361 1102 1418 summo
1120 1357 1297 1448 patrono
1317 1355 1475 1434 nostro,
1496 1331 1562 1416 cui
1574 1360 1651 1445 pro
1663 1331 1745 1417 hoc
1761 1357 1803 1418 et
1820 1356 1883 1419 tot

411 1469 499 1556 aliis
520 1469 565 1554 in
591 1495 667 1552 nos
694 1465 852 1552 collatis
878 1465 1093 1553 beneficiis
1118 1465 1287 1581 publice
1308 1467 1376 1550 hic
1395 1465 1543 1577 gratias
1567 1465 1718 1550 referre
1748 1466 1882 1552 liceat.

526 1601 713 1688 Primum
726 1599 974 1718 opusculum
990 1599 1113 1686 huius
1124 1597 1295 1687 Codicis
1306 1599 1490 1683 continet
1507 1599 1735 1714 Pompeii
1753 1631 1882 1686 com·

409 1758 643 1822 mentum
667 1735 719 1819 in
738 1757 895 1820 artem
913 1733 1108 1820 Donati
1131 1763 1304 1818 amanu
1322 1731 1412 1817 Sec.
1433 1730 1535 1816 VIII
1557 1732 1770 1847 scripturn.
1791 1733 1883 1820 Iam

409 1865 571 1954 viderat
602 1865 667 1952 CI.
700 1863 1076 1954 Lindemannus
1115 1868 1158 1950 iu
1192 1862 1378 1952 editione
1416 1865 1676 1981 Pompeii,
1715 1867 1882 1954 initium

409 2003 547 2119 operis
569 1997 716 2088 deesse
735 2011 859 2106 (th.
881 2015 965 2086 eius
974 2027 1055 2086 not.
1066 2037 1107 2109 p.
1122 2007 1196 2108 5),
1217 1999 1348 2085 habes
1361 1999 1512 2112 ergoin
1526 2023 1718 2114 excerpto
1738 2024 1883 2088 nostro

406 2135 952 2253 hoc'initiumeperantiquo
964 2131 1125 2221 Codice
1135 2163 1387 2249 expressum.
1397 2130 1654 2220 Addidimus
1668 2133 1882 2252 quaedam

409 2299 433 2354 e
460 2269 736 2385 sequentibus
759 2272 841 2354 hoc
865 2270 1055 2373 initium,
1085 2292 1133 2354 ut
1153 2269 1328 2354 lectores
1363 2268 1625 2382 aliquatenus
1652 2266 1707 2354 de
1728 2265 1884 2356 discre-

407 2403 549 2516 pantia
580 2397 776 2486 editionis
802 2399 1052 2485 Lindeman.
1082 2423 1124 2483 et
1143 2397 1312 2484 Codicis
1334 2401 1464 2484 nostri
1495 2399 1678 2485 iudicare
1704 2405 1883 2518 possint.

408 2530 528 2616 Idem
549 2563 597 2616 ex
617 2528 766 2618 eadem
786 2533 946 2617 ratione
964 2533 1089 2618 etiam
1102 2533 1272 2646 fecimus
1285 2531 1326 2613 in
1340 2557 1532 2647 excerpto
1551 2564 1650 2618 mox
1661 2557 1883 2648 sequente.

524 2664 716 2750 Alterum
748 2687 987 2778 excerptum
1019 2665 1205 2750 continet
1229 2663 1394 2748 initium
1425 2686 1673 2750 tractatus
1701 2665 1884 2752 Servii

407 2799 457 2882 in
484 2797 682 2883 Donati
710 2797 898 2882 librum
929 2827 980 2882 ex
1002 2793 1155 2882 eodem
1176 2791 1337 2880 Codice
1353 2793 1609 2902 desumtum‚
1638 2797 1837 2913 scriptum
1857 2830 1885 2886 a

406 2961 536 3017 manu
561 2930 689 3048 paulo
717 2929 959 3015 recentiore.
987 2929 1158 3014 Initium
1177 2930 1308 3014 hocce
1329 2927 1476 3015 itidem
1495 2927 1615 3016 deest
1633 2931 1676 3015 in
1695 2929 1884 3018 editione

404 3063 602 3152 Lindem.
1341 3050 1344 3058 ¹

522 3195 713 3282 Tertium
735 3191 922 3312 denique
939 3215 1182 3311 excerptum
1196 3225 1245 3278 ex
1263 3191 1416 3280 eodem
1429 3192 1589 3281 Codice
1603 3197 1882 3311 fragmentum

404 3329 550 3416 incerti
571 3329 910 3416 commentatoris
932 3329 975 3412 in
1005 3329 1163 3414 Donati
1188 3324 1418 3414 editionem
1438 3327 1666 3415 secundam
1697 3332 1820 3436 sistit,
1857 3361 1881 3416 a

404 3493 534 3549 manu
555 3462 647 3548 Sec.
666 3460 771 3548 VIII
790 3484 1023 3566 exaratum,
1059 3457 1191 3580 quod,
1218 3460 1319 3577 quia
1334 3463 1535 3548 nonnulla
1554 3461 1750 3568 continet,
1770 3495 1882 3582 quae

404 3593 462 3682 ad
481 3592 731 3684 methodum
754 3591 937 3681 docendi
952 3618 1082 3680 artem
1100 3594 1408 3706 grammaticam
1421 3593 1501 3681 illis
1521 3597 1780 3716 temporibus
1797 3597 1882 3682 usi-

406 3752 533 3815 tatam
548 3751 749 3844 spectant,
771 3726 870 3814 ideo
897 3725 1192 3837 evulgavimus.

522 3859 651 3976 ODe
671 3857 939 3946 nonnullis
959 3880 1236 3942 metrorum
1259 3859 1549 3970 generibus.
1579 3862 1879 3975 Fragmentum

402 3993 485 4077 hoc
507 3991 849 4108 anepigraphum,
865 3990 1065 4104 scriptum
1088 4019 1113 4074 a
1140 4018 1269 4076 manu
1288 3990 1379 4076 Sec.
1399 3993 1502 4078 VIII
1523 3995 1590 4080 vel
1610 3997 1674 4082 IX
1694 3995 1882 4081 continc-

404 4148 471 4208 tur
491 4124 533 4208 in
562 4119 672 4209 Cod.
692 4121 794 4209 olim
820 4123 1063 4210 Bobiensi
1088 4153 1200 4208 nunc
1232 4121 1622 4214 Vindobonensi
1653 4128 1736 4216 No.
1760 4128 1880 4216 XVI.

404 4255 475 4342 fol.
499 4285 552 4362 70
577 4285 617 4340 v.

520 4389 562 4507 g)
585 4387 735 4476 Incerti
754 4385 1032 4501 fragmentum
1049 4389 1144 4476 artis
1164 4390 1358 4477 metricae
1373 4422 1468 4478 cum
1489 4392 1778 4508 inscriptione:
1802 4393 1879 4480 De

402 4522 641 4612 versibus
670 4521 881 4638 incipit,
917 4552 941 4607 e
970 4521 1080 4610 cod
1102 4521 1204 4612 olim
1227 4523 1473 4612 Bobiensi
1492 4523 1879 4614 nuchindobo·

401 4657 546 4742 nensi
564 4655 648 4744 No.
667 4656 786 4745 XVI.
801 4652 873 4742 fol.
888 4673 941 4770 49
952 4687 985 4741 r.
1003 4657 1082 4744 col.
1096 4655 1280 4745 b.-5o
1290 4690 1323 4743 r.
1342 4659 1420 4746 col.
1434 4689 1469 4744 a.
1493 4690 1658 4746 amanu
1670 4659 1761 4748 Sec.
1774 4660 1878 4746 VlII

400 4788 469 4874 vel
491 4789 568 4874 IX.

515 4918 561 5035 h)
590 4916 722 5006 Aliud
742 4921 1019 5033 fragmentum
1046 4922 1142 5010 artis
1160 4925 1356 5012 metricae
1381 4921 1679 5040 depromptum
1712 4958 1759 5014 ex
1779 4957 1880 5043 apo-

397 5051 555 5169 grapho
570 5050 681 5139 cod.
698 5053 1087 5146 ParisiensisNo.
1104 5065 1231 5167 7550.
1243 5057 1334 5145 Sec.
1358 5057 1462 5144 Vlll
1474 5089 1568 5146 curn
1588 5060 1876 5178 inscriptione:

395 5186 719 5295 Deiambico
742 5211 924 5277 metro.
