4032 6070
385 547 453 612 246
839 533 1399 594 PROBIARSHlNOR.

387 692 478 755 intra
507 697 673 773 quantum
704 701 888 748 numerum
912 702 985 751 esse
1007 681 1241 768 reperiantur,
1272 695 1441 768 quantum
1463 681 1555 748 ratio
1575 678 1764 770 poscebat,
1787 693 1861 748 trc-

388 791 568 858 ctsvimus.

475 895 544 956 102.
568 887 632 952 DE
647 886 739 952 ·US·.
755 885 1007 972 Quaecumque
1024 887 1167 950 notuiua
1180 888 1318 970 generis
1332 885 1517 952 masculini
1531 887 1568 950 lu
1583 885 1737 972 positivo
1749 883 1864 969 audo

387 991 603 1058 storninativo
620 1009 701 1056 casu
716 987 853 1053 numeri
869 987 1054 1072 singularis
1068 985 1149 1054 ·US·
1164 987 1288 1054 litteris
1305 987 1533 1064 deliniuntur,
1556 989 1586 1052 si
1600 989 1860 1074 comparativo·

387 1095 514 1180 gradus
531 1113 576 1156 ex
588 1113 623 1154 se
638 1091 751 1154 lacere
765 1101 912 1177 possunt
922 1090 977 1172 θ’),
992 1091 1077 1156 haec
1092 1090 1128 1154 in
1139 1091 1304 1174 genetivo
1318 1109 1400 1154 casu
1412 1091 1550 1154 numeri
1565 1089 1751 1174 singularis
1766 1087 1861 1154 ·OR·

387 1197 554 1280 syllabam
578 1192 756 1278 accipiunt
776 1205 811 1255 et
832 1192 1107 1276 comparativum
1126 1193 1271 1276 gradum
1291 1192 1430 1276 generis
1444 1193 1641 1257 communis
1659 1191 1862 1256 ostendunt.

388 1299 532 1364 Scilicet
553 1294 718 1381 quoniam
740 1293 953 1378 quicumque
976 1294 1205 1378 comparativi
1229 1294 1357 1379 gradus
1380 1294 1598 1360 nominativo
1618 1313 1702 1358 essu
1724 1291 1866 1358 numeri

388 1399 574 1486 singularis
595 1394 702 1462 ·lott·
722 1395 847 1460 litteris
866 1394 1076 1458 definiuntur
1096 1408 1130 1458 et
1144 1415 1215 1460 non
1236 1416 1282 1460 ex
1295 1395 1355 1460 illa
1371 1397 1547 1482 positione
1565 1396 1712 1472 lormse,
1736 1414 1807 1480 qua
1822 1389 1865 1473 ¹⁸)
1910 1455 1915 1460 .

389 1523 435 1566 ex
458 1519 584 1586 genere
603 1497 796 1562 masculino
816 1495 1033 1560 nominativo
1054 1517 1136 1560 casu
1151 1499 1287 1562 numeri
1306 1499 1491 1584 singularis
1509 1498 1593 1562 ·Ex·
1604 1497 1730 1562 litteris
1743 1499 1869 1579 ’1)πο-

390 1604 485 1668 miua
500 1601 726 1676 deliniuntur,
748 1599 868 1662 venire
888 1597 1152 1683 intelleguntur:
1176 1601 1211 1664 hi
1227 1601 1364 1685 generis
1381 1600 1577 1666 communis
1592 1619 1667 1664 esse
1684 1598 1870 1686 reperiun-

391 1720 463 1781 tur,
486 1717 524 1768 ut
545 1715 645 1790 puta:
675 1702 746 1766 hic
769 1701 941 1778 doctus,
965 1701 1091 1766 huius
1113 1701 1249 1780 docti,
1271 1703 1342 1767 bic
1364 1715 1398 1767 et
1420 1704 1526 1768 hacc
1548 1702 1725 1768 doctior
1753 1700 1871 1766 lacere

284 1809 312 1856 V·
334 1823 380 1871 ¹70·
392 1807 541 1874 debeant
560 1799 613 1885 ³⁰).

481 1909 553 1972 103.
574 1906 678 1972 Nunc
692 1907 777 1970 haec
793 1903 914 1969 eadem
926 1903 1118 1990 supradicti
1132 1907 1269 1991 generis
1286 1908 1449 1986 nomina,
1480 1927 1570 1993 quae
1586 1904 1793 1975 diximusne
1812 1923 1873 1968 sn·

392 2010 551 2098 predicto
573 2006 684 2093 gradu
701 2005 919 2070 nominativo
939 2025 1020 2070 essu
1039 2001 1084 2091 3“)
1107 2009 1243 2072 numeri
1266 2010 1452 2094 singularis
1473 2008 1671 2096 supradicta
1693 2007 1806 2072 iorma
1830 2005 1873 2068 ti-

394 2114 474 2188 ttiri,
496 2113 531 2175 in
554 2111 717 2196 genetivo
736 2129 815 2174 casu
831 2108 968 2171 numeri
984 2107 1168 2192 singularis
1185 2111 1265 2175 ·US·
1282 2111 1449 2193 syllabam
1465 2111 1642 2197 accipiunt
1657 2122 1691 2173 et
1705 2127 1780 2172 nott
1793 2120 1874 2172 tan-

395 2230 470 2280 tum
490 2212 766 2298 comparativum
785 2209 932 2294 gradum
954 2203 998 2294 ³¹)
1021 2213 1158 2294 generis
1180 2213 1312 2290 neutri,
1343 2211 1405 2278 sed
1429 2225 1464 2278 et
1483 2211 1729 2278 adverbiorum
1752 2221 1873 2273 osteu-

395 2317 492 2382 dunt.
518 2314 660 2380 Scilicet
677 2313 844 2399 quoniam
861 2311 1072 2398 quicumque
1086 2315 1315 2402 comparativi
1335 2315 1463 2401 gradus
1476 2314 1694 2379 nominativo
1711 2331 1795 2378 casu
1806 2331 1875 2374 nu-

396 2417 484 2481 meri
503 2416 687 2501 singularis
710 2415 808 2478 ·lUs·
826 2413 951 2477 litteris
972 2413 1199 2494 deliniuntur,
1222 2417 1260 2480 hi
1284 2437 1357 2480 uon
1371 2428 1506 2482 tantum
1524 2416 1663 2502 generis
1678 2414 1796 2478 neutri
1812 2411 1876 2478 red

398 2532 432 2584 et
452 2517 697 2582 adverbiorum
717 2535 791 2579 esse
812 2515 1050 2601 reperiuntur,
1080 2532 1246 2605 utputa:
1275 2519 1344 2584 hic
1374 2519 1541 2596 doctus,
1578 2519 1703 2582 liuius
1730 2514 1872 2589 docti,

399 2619 569 2686 doctius
590 2617 730 2702 utrique
754 2618 964 2703 respondeat
986 2611 1039 2700 ³³).
1069 2617 1140 2682 Sed
1160 2633 1244 2684 tunc
1261 2621 1298 2684 hi
1316 2611 1359 2705 ³⁴)
1379 2621 1519 2706 generis
1539 2619 1656 2684 neutri
1675 2638 1750 2682 esse
1773 2635 1876 2701 rspe-
1992 2681 1998 2693 ,

401 2723 548 2798 ciuntur,
563 2718 703 2804 quaudo
721 2717 907 2802 generibus
923 2719 1054 2782 neutris
1077 2720 1188 2784 iuncti
1205 2721 1431 2788 inveniuntur
1446 2715 1506 2807 ³⁵),
1523 2733 1678 2808 utputa:
1702 2718 1879 2784 doctior

400 2822 615 2896 ollicium;
638 2831 673 2884 at
690 2838 774 2883 vero
789 2819 927 2905 quando
944 2839 1017 2882 non
1029 2823 1215 2904 generibus
1227 2825 1376 2901 neutris,
1400 2825 1461 2890 sed
1476 2845 1554 2890 cum
1571 2823 1639 2887 alie
1659 2820 1817 2908 qualibet
1832 2811 1879 2903 36)

399 2937 498 3012 parte
522 2923 692 2989 orationis
715 2922 924 3000 miscentur,
948 2921 1192 2988 adverbiorum
1217 2947 1292 2990 esse
1312 2927 1601 3013 pronuntiantur,
1624 2937 1664 2988 ut
1677 2935 1781 3010 putat
1805 2921 1880 2986 do·

400 3027 510 3092 otius
542 3024 653 3090 lecit.
682 3023 741 3088 Sic
764 3036 799 3088 et
821 3022 880 3086 alii
907 3025 1136 3110 comparativi
1161 3026 1307 3111 gradus,
1349 3028 1491 3114 quaudo
1520 3027 1643 3113 generi
1668 3037 1796 3090 neutro
1821 3020 1881 3088 vel

400 3127 541 3216 quaudo
560 3125 732 3191 adverbiis
747 3127 996 3211 respondeant,
1019 3126 1278 3212 intelleguntur.

490 3231 561 3296 101.
583 3227 687 3292 Nunc
708 3230 794 3292 haec
815 3220 858 3311 ³⁷)
882 3228 1003 3292 eadem
1024 3229 1167 3292 uomina
1185 3231 1323 3315 generis
1342 3230 1477 3296 scilicet
1495 3228 1696 3308 masculini,
1719 3247 1812 3314 quae
1827 3225 1882 3290 di-

401 3334 519 3396 ximus
544 3332 581 3395 iu
599 3331 751 3416 positivo
770 3330 880 3414 gradu
895 3331 1112 3394 nominativo
1131 3351 1214 3395 casu
1227 3335 1365 3397 numeri
1379 3333 1564 3419 singularis
1583 3331 1666 3398 ·Us·
1680 3329 1882 3396 litterisde-

403 3435 512 3508 liniri,
536 3433 566 3498 si
588 3431 818 3519 superlativos
839 3431 967 3516 gradus
989 3453 1034 3496 ex
1053 3454 1089 3496 se
1106 3432 1218 3498 lacere
1236 3449 1399 3521 possunt,
1424 3436 1460 3500 in
1477 3435 1629 3499 ablativo
1645 3454 1730 3498 casu
1741 3429 1884 3498 numeri

403 3534 549 3622 pluralis
575 3533 742 3598 ·slttlUs·
769 3533 918 3616 syllabas
943 3535 1121 3621 accipiunt
1151 3549 1186 3600 et
1210 3538 1459 3622 superlativum
1485 3536 1632 3622 gradum
1658 3535 1800 3622 generis
1827 3532 1884 3598 sni

405 3637 608 3713 ostendunt,
637 3650 678 3699 ut
705 3649 806 3721 puta:
836 3636 908 3700 hic
935 3636 1110 3714 doctus,
1141 3635 1191 3700 ab
1220 3640 1284 3703 his
1313 3639 1474 3718 doctis,
1503 3639 1572 3705 hic
1599 3638 1884 3704 doctissimus

405 3739 519 3806 lacere
539 3737 674 3803 debeat.
696 3738 800 3804 Nunc
822 3740 908 3802 haec
932 3739 1053 3803 eadem
1078 3739 1271 3826 supradicti
1289 3742 1427 3825 generis
1453 3741 1599 3806 nomina
1622 3741 1659 3806 in
1677 3738 1886 3826 supradicto

407 3863 490 3907 casu
511 3839 646 3906 ·stMs·
676 3839 824 3922 syllabas
849 3840 1027 3928 accipiunt
1050 3854 1085 3906 et
1106 3841 1354 3929 superlativum
1381 3842 1529 3927 gradum
1556 3844 1696 3929 generis
1719 3841 1888 3906 feminini

407 3942 612 4017 ostendunt,
641 3955 681 4006 ut
710 3955 810 4028 puta:
840 3943 909 4007 hic
938 3943 1105 4018 doctus,
1135 3943 1185 4008 ab
1215 3946 1281 4008 his
1304 3945 1460 4021 doctis,
1488 3947 1594 4010 liaeo
1621 3944 1889 4010 doctissima

409 4047 521 4109 lucere
544 4041 668 4108 debeat
683 4036 734 4124 38).
757 4045 802 4108 At
819 4065 903 4110 vero
924 4047 1010 4110 haec
1034 4046 1154 4110 eadem
1177 4047 1368 4134 supradicti
1388 4048 1526 4132 generis
1544 4047 1688 4112 pontina
1706 4046 1742 4108 iu
1759 4063 1892 4131 supra-

409 4147 503 4212 dicto
534 4165 616 4210 casu
644 4145 823 4210 ·stltttiltt·
854 4145 1002 4230 syllabas
1031 4148 1209 4235 accipiunt
1237 4164 1272 4214 et
1293 4149 1543 4234 superlativum
1572 4147 1719 4234 gradum
1742 4147 1894 4231 generis

410 4248 524 4312 neutri
546 4247 751 4322 ostendunt,
781 4259 941 4334 utputa:
973 4249 1042 4314 hic
1072 4249 1242 4328 doctus,
1271 4249 1324 4314 ab
1346 4251 1410 4315 ltis
1434 4250 1594 4330 doctis,
1617 4251 1698 4314 ltoc
1719 4249 1894 4314 doctis-

412 4353 558 4416 simum
582 4349 695 4414 lacere
718 4347 853 4414 debeat.
1622 4351 1625 4362 '

501 4457 570 4519 105.
592 4451 696 4516 Nunc
716 4453 750 4516 itt
773 4453 838 4516 bae
858 4450 969 4515 lorma
989 4473 1057 4540 qua
1077 4453 1230 4518 diximus
1248 4455 1386 4538 generis
1409 4455 1594 4520 masculini
1608 4453 1752 4518 nomina
1767 4453 1806 4516 in
1822 4473 1899 4540 po-

457 4765 491 4828 ¹·)
511 4767 627 4832 possunt
647 4759 725 4814 121².
752 4793 762 4800 -
797 4761 906 4832 possint
924 4763 959 4814 A.
978 4763 1013 4828 ὶ1)
1033 4779 1086 4834 qua
1106 4761 1141 4816 V.
1161 4793 1195 4802 -
1214 4779 1283 4834 quae
1301 4763 1339 4815 A.
1359 4765 1396 4835 ’t)
1416 4761 1483 4816 ·Ex·
1501 4759 1603 4816 litteris
1622 4761 1704 4815 Α.-
1722 4759 1789 4814 ·ER·
1808 4755 1903 4814 litte-

520 4847 557 4900 ris
581 4847 612 4901 Ρ.
638 4869 674 4898 =
702 4847 737 4900 Γ.
766 4849 803 4919 ³⁰)
829 4847 948 4902 debeant
973 4850 1007 4900 Γ.
1028 4849 1058 4902 Ρ.
1085 4879 1119 4892 -
1144 4846 1246 4902 debeat
1272 4847 1308 4902 A.
1330 4851 1368 4922 ΙΙ)
1395 4851 1564 4903 nominativo
1589 4868 1655 4902 casu
1680 4849 1717 4904 V.
1741 4848 1774 4902 Ρ.
1791 4869 1834 4898 =
1858 4853 1905 4904 A.

523 4935 560 5004 ⁸²)
588 4937 799 5005 comparativum
826 4935 939 5006 gradum
966 4939 1003 4992 Γ.
1018 4937 1055 4992 A.
1073 4969 1109 4982 -
1127 4937 1312 5008 comparativo
1339 4936 1426 5007 gradu
1443 4939 1476 4992 Ρ.
1502 4942 1539 5009 ¹¹)
1559 4933 1728 5010 respondeat
1747 4937 1785 4992 V.
1800 4937 1839 4990 Ρ.
1863 4970 1906 4981 —

524 5017 698 5088 responderit
723 5023 760 5074 A.
788 5025 825 5094 ⁸⁸)
849 5020 877 5076 li
905 5026 940 5078 Γ.
961 5027 993 5080 Ρ.
1020 5057 1053 5066 -
1079 5021 1123 5078 bis
1147 5025 1181 5078 A.
1210 5027 1247 5094 ⁵⁵)
1274 5022 1384 5098 vando
1402 5023 1550 5096 generibus
1567 5025 1674 5080 teutria
1700 5025 1789 5078 iuneti
1811 5025 1908 5083 inve-

525 5103 637 5158 uiuutur
657 5107 691 5158 Γ.
710 5111 742 5160 Ρ.
762 5111 820 5176 (red
839 5111 993 5184 Riunctis)
1012 5113 1092 5168 ελ.
1113 5113 1148 5184 ³⁶)
1167 5111 1220 5164 slis
1238 5109 1363 5184 quelibet
1382 5115 1418 5166 Γ.
1432 5115 1463 5168 Ρ.
1481 5143 1518 5158 -·
1535 5111 1742 5186 aliqu-libus.
1759 5117 1798 5186 ⁸7)
1821 5112 1909 5172 isaeo

528 5189 562 5242 Γ.
584 5190 613 5244 Ρ.
632 5213 668 5240 =
686 5195 721 5246 A.
742 5196 779 5265 ¹¹)
798 5195 962 5264 unacum
982 5195 1077 5252 cadem
1085 5235 1182 5254 ......
1192 5201 1282 5254 iacere
1301 5197 1401 5256 debeat
1422 5203 1459 5256 V.
1472 5205 1505 5259 Ρ.
1523 5225 1561 5256 .-.-·.
1578 5203 1615 5258 A.
