4036 6068
591 519 1147 579 ancersnsurnon.
1539 527 1603 595 371

38 717 39 724 .
153 667 273 754 pium,
301 665 528 732 adversum
551 659 595 753 ⁶²)
625 670 805 746 bostem,
836 671 895 734 cis
918 689 1139 744 oceanum,
1172 669 1280 734 citra
1302 679 1415 747 acta,
1439 669 1605 733 circum
1633 678 1645 688 ·

152 789 312 847 murum,
335 770 456 834 circa
475 771 674 855 patriam,
698 785 847 836 contra
868 786 1065 849 montem,
1089 791 1188 855 erga
1209 791 1294 850 nos,
1319 783 1439 836 extra
1459 791 1532 834 vos
1549 761 1605 852 ⁶⁵),

35 859 41 921 i
153 873 252 935 inter
273 890 444 949 omnes,
467 871 581 936 inira
602 873 811 960 palatium
827 868 892 956 ω),
924 876 1038 940 intra
1060 866 1283 956 manusb'),
1312 873 1438 938 iuxta
1465 870 1608 958 parie-

33 1043 34 1049 ἵ
152 987 238 1049 tem,
264 973 316 1038 ob
335 974 549 1051 meritum,
566 993 694 1060 penes
717 990 924 1053 auctores,
940 999 1015 1064 per
1037 995 1180 1041 servos
1199 969 1255 1060 ⁶⁸),
1272 995 1405 1060 prope
1428 973 1606 1048 ltaliam,

34 1077 35 1094 ¹
152 1091 321 1161 propter
342 1070 631 1158 dominqu),
655 1091 831 1162 praeter
852 1079 1150 1163 inimicnm⁷⁰),
1181 1091 1282 1164 post
1304 1076 1467 1153 villam,
1497 1095 1648 1166 ponev·

152 1177 313 1242 dorsum
331 1179 391 1259 i¹),
415 1178 644 1241 secundum
668 1179 756 1257 ius,
780 1194 902 1245 trans
925 1180 1163 1264 flumen⁷²),
1194 1200 1322 1266 supra
1344 1191 1521 1254 tectum,
1548 1177 1610 1240 ul·
1664 1120 1715 1178 ’β’

36 1280 41 1299 “
153 1291 207 1342 tra
225 1279 364 1354 vires,
387 1299 521 1364 usque
543 1300 704 1358 arcum,
729 1302 855 1346 scens
879 1283 1183 1368 municipium,
1209 1283 1394 1347 circiter
1415 1300 1560 1344 annos.

224 1378 284 1444 Sic
307 1394 341 1444 et
363 1381 401 1444 in
423 1377 466 1463 ⁷⁵)
488 1381 565 1445 aliis
594 1383 794 1447 nominibus
818 1399 853 1446 et
873 1376 915 1469 ⁷⁴)
945 1385 1213 1470 pronominibus
1235 1385 1291 1448 vel
1312 1383 1522 1471 participiis,
1552 1401 1612 1444 seu

153 1483 278 1546 numeri
306 1483 511 1566 singularis,
544 1485 616 1546 sive
647 1484 793 1571 pluralis
818 1479 878 1567 ⁷⁵),
910 1487 1054 1570 triginta
1082 1487 1299 1574 supradictae
1335 1485 1613 1572 praepositiones

32 1622 36 1671 ¹.
151 1599 285 1670 propter
307 1585 462 1669 integros
485 1605 589 1661 sonos
608 1580 652 1671 76)
682 1587 886 1654 accusativis
910 1587 1045 1652 casibus
1067 1609 1207 1653 necesse
1236 1599 1347 1651 estut
1369 1585 1611 1672 respondeant.

32 1674 35 1699 ²
225 1688 299 1752 681.
344 1686 704 1773 Praepositiones
740 1707 918 1752 numero
958 1691 1227 1774 quindecim,
1273 1709 1379 1775 qnae
1420 1686 1613 1752 ablativo

153 1789 262 1851 casui
285 1791 329 1872 7ἲ)
356 1789 548 1853 tributae
575 1803 675 1854 sunt
700 1785 760 1875 ⁷⁸):
792 1791 977 1866 adomo,
1006 1790 1053 1854 ab
1077 1793 1230 1868 amico,
1254 1791 1339 1854 -abs
1363 1803 1404 1853 te
1427 1801 1613 1863 tantum,

151 1889 302 1976 absque
331 1891 460 1956 nobis
483 1895 541 1975 ²⁹),
574 1913 665 1956 cnm
688 1894 868 1970 nostris,
892 1912 1033 1956 coram
1056 1891 1383 1968 contubernale,
1415 1889 1522 1953 clam
1545 1910 1616 1974 pa·

152 2003 224 2068 tre,
255 1994 305 2057 de
329 1993 532 2072 cellario,
561 2017 580 2058 e
605 1994 718 2073 foro,
753 2015 805 2058 ex
827 1994 1040 2072 denariis,
1072 2017 1150 2082 pro
1175 1996 1325 2071 fratre,
1355 2013 1459 2078 prae
1481 2003 1613 2064 metu,

151 2095 281 2178 palam
305 2095 525 2171 omnibus,
549 2096 638 2160 sine
661 2097 781 2160 nobis
800 2091 858 2178 ⁸⁰),
881 2109 1006 2162 tenus
1028 2117 1135 2161 rure.
1387 2167 1389 2172 ,

227 2195 285 2261 Sic
309 2211 343 2260 et
365 2199 402 2260 in
419 2191 462 2281 ⁸⁶)
485 2198 560 2262 aliis
575 2198 777 2264 nominibus
801 2212 835 2262 et
848 2193 893 2283 ⁸²)
915 2197 1183 2285 pronominibus
1204 2197 1261 2262 vel
1275 2191 1317 2280 ⁸⁵)
1339 2194 1532 2282 participiis
1555 2213 1617 2256 seu

30 2316 32 2325 ·
150 2299 277 2362 numeri
300 2301 486 2382 singularis
508 2301 580 2364 sive
602 2300 747 2386 pluralis
770 2301 971 2386 quindecim
994 2301 1212 2387 supradictae
1235 2299 1510 2385 praepositiones
1532 2313 1617 2382 pro-

152 2411 222 2485 pter
242 2401 398 2485 integros
414 2393 458 2485 ”)
480 2421 585 2467 sonos
607 2403 766 2466 ablativis
789 2403 925 2466 casibus
947 2423 1087 2466 necesse
1112 2413 1223 2465 estut
1245 2399 1479 2485 respondeant
1492 2389 1545 2479 ⁸⁵).

228 2503 302 2568 682.
327 2503 689 2590 Praepositiones
711 2525 889 2570 numero
912 2505 998 2582 1111,
1023 2525 1130 2589 quae
1151 2503 1350 2586 utrisque
1369 2493 1412 2583 ⁸⁶)
1436 2497 1620 2574 casibus,

152 2603 189 2666 id
217 2617 281 2668 ast
307 2599 371 2688 ⁸²),
402 2605 653 2672 accusativo
685 2618 725 2672 et
751 2605 967 2685 ablativo,
996 2605 1192 2671 tributae
1221 2617 1320 2669 sunt
1339 2596 1402 2686 ⁸⁸):
1440 2601 1501 2680 iu,
1524 2598 1620 2676 sub,

153 2725 297 2793 super,
321 2707 479 2774 subter.

229 2809 302 2875 fies.
325 2810 429 2874 Nunc
452 2812 631 2895 quaeritur
643 2811 938 2898 quemadmodum
961 2816 1025 2876 hae
1040 2811 1257 2899 supradictae
1279 2820 1445 2893 quattuor
1459 2800 1503 2890 ⁸⁹)
1520 2825 1622 2890 prae·

152 2910 339 2992 positiones
362 2914 559 2978 accusativo
584 2915 693 2989 casui,
718 2926 752 2976 et
775 2915 1069 2998 quemadmodum
1092 2913 1243 2977 ablativo
1261 2911 1355 2974 casui
1378 2907 1620 2992 respondeant.

152 3009 263 3092 Quare
294 3015 364 3077 boc
395 3033 595 3090 monemus,
625 3028 665 3078 ut
693 3017 833 3099 quando
855 3019 899 3097 ⁹⁰)
927 3036 992 3080 nos
1015 3016 1132 3100 aliquo
1156 3016 1222 3090 ire,
1245 3013 1301 3076 'vel
1326 3013 1410 3084 isse,
1433 3006 1489 3070 vel
1512 3008 1622 3070 ituros

150 3131 217 3176 esse
247 3115 498 3199 significamus,
528 3135 601 3210 per¹
620 3117 758 3181 easdem
787 3117 1001 3204 supradictas
1035 3116 1313 3202 praepositiones
1336 3108 1542 3173 accusativis
1566 3127 1624 3171 ca·

149 3212 239 3278 sibus
262 3217 555 3301 respondeamus,
577 3230 617 3280 ut
645 3233 746 3303 puta:
779 3233 860 3304 quo
884 3220 942 3282 is?
963 3219 1006 3282 in
1030 3218 1197 3292 villam3
1221 3234 1301 3301 quo
1326 3213 1456 3276 ieras?
1478 3213 1524 3275 in
1543 3209 1622 3275 vil-

151 3311 227 3377 lam
244 3318 308 3397 9“);
332 3336 413 3401 quo
436 3318 572 3382 iturus
596 3323 660 3382 es?
682 3321 724 3383 in
747 3321 905 3385 villam.

228 3415 276 3480 Ar
297 3438 402 3494 vero,
426 3419 565 3503 quando
589 3441 653 3485 nos
677 3422 806 3487 alicubi
828 3444 901 3486 esse
923 3421 980 3486 vel
1003 3420 1124 3495 fuisse,
1155 3417 1213 3482 uel
1235 3415 1369 3479 futuros
1393 3433 1466 3476 esse
1490 3413 1621 3497 signifi-

149 3535 283 3596 camus,
312 3540 378 3605 per
407 3521 544 3584 easdem
573 3525 787 3609 supradictas
815 3523 1091 3609 praepositiones
1124 3519 1282 3584 ablativis
1313 3515 1448 3580 casibus
1476 3531 1660 3599 respon-j

149 3616 306 3698 deamus,
331 3633 484 3708 utputa:
508 3623 606 3687 *ubi
629 3629 692 3688 es?
714 3627 757 3688 in
776 3625 1025 3708 basilica⁹²);
1048 3620 1276 3688 ubifuisti?
1298 3619 1340 3682 in
1363 3615 1545 3682 basilica
1561 3608 1620 3698 ⁹³);
1640 3613 1719 3706 cotos

144 3718 214 3783 nbi
238 3721 415 3787 iuturus
438 3727 506 3787 es?
525 3725 570 3787 in
591 3725 787 3792 basilica.

185 3944 222 4016 ”)
249 3943 397 4087 ῖᾶἐοιιιιὲι
415 3948 449 4001 Β.
471 3949 557 4086 ΡᾶῑΡ.
575 3979 610 4086 -Ι
626 3947 663 4088 taid
682 3967 763 4092 usppm
780 3952 818 4007 A.
822 3953 969 4094 :bem
986 3966 1035 4002 ros
1047 3951 1086 4089 ἒ.
1098 3949 1143 4087 ζ
1162 3978 1198 3990 -
1216 3953 1291 3998 extra
1305 3944 1467 4103 affers)
1481 3933 1551 3995 infra
1570 3963 1619 4015 pa·

262 4053 277 4084 a
303 4051 349 4084 nna
392 4065 455 4086 .-
472 4053 500 4086 ιιι
515 4053 543 4086 ra
583 4054 624 4087 ιι
649 4055 692 4088 nm
740 4063 803 4090 .=
851 4077 858 4091 .
892 4047 901 4077 ⁷
933 4053 1029 4088 manus
1073 4075 1079 4088 .
1128 4065 1189 4088 .-
1206 4051 1321 4086 manuus
1370 4070 1377 4084 .
1458 4049 1509 4102 per
1526 4047 1619 4082 servos

247 4121 284 4175 B.
305 4121 342 4176 V.
361 4151 396 4167 ·-
414 4140 466 4193 prr
484 4053 580 4176 conob
598 4125 635 4178 A.
655 4127 690 4195 ⁸⁹)
710 4136 826 4198 propter
845 4045 986 4178 dombuurn
1004 4125 1035 4176 Β.
1048 4099 1293 4193 V.P.-propter
1307 4119 1418 4172 domum
1436 4119 1474 4172 A.
1494 4120 1619 4190 ’ἡμιι-

249 4217 295 4261 ter
312 4208 455 4261 inimicum
473 4211 504 4262 B.
527 4210 562 4265 V.
582 4211 618 4264 A.
638 4241 673 4255 ·-·
691 4215 806 4284 propter
823 4213 964 4266 inimicum
982 4213 1012 4264 P.
1033 4213 1074 4284 ²¹)
1094 4227 1167 4282 pono
1187 4205 1299 4260 dorsum
1320 4209 1356 4262 V.
1376 4208 1457 4261 A.-
1469 4224 1542 4278 pone
1554 4205 1618 4258 dor-

245 4313 297 4347 sus
318 4297 348 4350 Β.
369 4299 405 4366 ⁷¹)
425 4305 499 4348 treus
519 4295 621 4348 [lumen
638 4300 670 4351 Β.
691 4299 726 4354 V.
747 4301 779 4355 P.
797 4332 834 4344 -
853 4310 907 4353 tras
927 4299 1029 4352 ssnmcn
1048 4301 1083 4352 A.
1103 4301 1141 4367 71)
1160 4297 1189 4349 iu
1208 4297 1241 4350 Β.
1260 4296 1296 4349 A.
1316 4315 1352 4344 =
1371 4295 1408 4349 V.
1427 4297 1464 4366 ⁷⁴)
1483 4301 1511 4345 et
1530 4294 1563 4346 B.
1582 4324 1617 4334 -

244 4381 294 4438 vsi
312 4383 348 4438 V.
368 4383 405 4437 A.
432 4385 469 4454 ⁷³)
489 4401 538 4436 seu
564 4385 670 4438 numeri
690 4423 697 4438 .
718 4425 726 4440 .
745 4424 753 4441 .
773 4426 779 4439 .
800 4385 914 4458 pluralis
935 4389 971 4442 V.
990 4389 1022 4442 P.
1042 4403 1145 4438 -scu
1164 4383 1269 4438 numeri
1288 4379 1402 4454 pluralis
1421 4381 1478 4435 sive
1497 4377 1617 4448 singols-

246 4471 289 4523 ris
314 4471 351 4524 A.
377 4499 415 4512 -
440 4489 489 4523 seu
514 4473 621 4524 numeri
646 4472 791 4544 singularis
809 4475 842 4526 Β.
863 4475 910 4544 (τ.-
928 4475 985 4527 sive
1004 4471 1140 4545 pluralis).
1168 4469 1204 4542 ⁷⁶)
1224 4471 1346 4540 integros
1365 4487 1449 4521 sonos
1470 4469 1505 4522 V.
1525 4468 1561 4519 A.
1581 4497 1617 4510 -·

181 4573 188 4586 ·
244 4555 357 4626 integro
377 4573 462 4611 sonos
481 4559 513 4610 B.
533 4561 569 4632 ⁷⁷)
589 4560 665 4612 casui
684 4561 720 4616 V.
739 4562 771 4614 P.
791 4577 910 4611 -casu
928 4561 959 4612 B.
986 4563 1022 4628 ⁷⁸)
1043 4559 1348 4632 praepositiones...
1369 4593 1377 4611 .
1397 4563 1463 4608 sunt
1479 4555 1512 4606 Β.
1529 4555 1561 4608 V
1559 4591 1565 4604 .
1585 4555 1614 4604 Ρ.

244 4665 287 4692 ==
303 4645 339 4695 A.
359 4648 396 4716 ⁷⁰)
416 4642 497 4698 nobis
516 4648 548 4699 Β.
568 4646 604 4701 V.
624 4649 655 4700 Ρ.
675 4677 710 4690 -·
728 4644 808 4701 robis
826 4648 863 4701 A.
883 4648 919 4716 ⁸⁰)
938 4647 999 4698 sinc
1018 4645 1101 4698 nobis
1119 4647 1151 4698 Β.
1173 4647 1208 4700 V.
1228 4667 1264 4693 =
1282 4642 1318 4695 A.
1339 4645 1373 4712 ⁸¹)
1394 4643 1423 4694 iu
1441 4642 1473 4693 Β.
1489 4641 1525 4694 V.
1540 4642 1616 4692 tt:

243 4729 288 4784 A.
307 4733 346 4804 ⁸¹)
368 4740 397 4783 et
415 4734 448 4784 Β.
470 4733 505 4787 V.
523 4734 556 4787 P.
574 4765 610 4804 ‘ss
627 4731 671 4788 val
688 4735 724 4788 A.
744 4736 783 4806 ”)
803 4732 847 4789 vel
866 4734 899 4789 V
896 4771 904 4787 .
923 4735 961 4786 A.
979 4764 1015 4774 —
1034 4740 1062 4784 et
1079 4733 1113 4786 Β.
1134 4733 1170 4803 ”)
1187 4733 1310 4799 integros
1329 4731 1366 4786 V.
1385 4729 1421 4782 A.
1440 4753 1477 4770 -
1494 4725 1616 4779 intectos

245 4817 282 4870 B.
310 4819 345 4887 ”)
371 4817 524 4873 ablativis.
545 4819 814 4893 ...respondeant
840 4823 876 4876 V.
901 4822 933 4873 Ρ.
951 4821 984 4873 Β.
1011 4819 1069 4886 (sed
1088 4815 1199 4871 ablativi
1219 4823 1309 4887 casus)
1335 4847 1372 4860 -·
1390 4832 1505 4870 necessa
1523 4823 1616 4868 estut

242 4901 377 4959 ablativis
396 4905 506 4960 casibus
526 4908 712 4980 respondeant
729 4912 766 4964 A.
787 4911 823 4979 ”)
842 4909 966 4980 utrisque
985 4908 1015 4960 Β.
1037 4907 1073 4962 V.
1093 4938 1128 4949 -
1146 4905 1288 4980 utriusque
1307 4905 1339 4958 P.
1365 4907 1400 4978 '⁷)
1426 4901 1457 4956 id
1475 4913 1519 4958 est
1537 4905 1617 4959 V.P.

242 5013 286 5044 =
305 4993 336 5045 Β.
366 4994 405 5064 ”)
425 4995 647 5064 praepositiones
667 5035 674 5051 .
695 5036 703 5052 .
724 5035 732 5053 .
752 5036 759 5050 .
780 4995 900 5051 tributae
918 5005 983 5050 sunt
1001 4996 1034 5050 B.
1054 4994 1091 5049 V.
1110 4994 1141 5046 P.
1160 5015 1197 5044 τ..-
1214 4993 1251 5047 A.
1277 4995 1313 5064 '⁹)
1333 5001 1463 5068 quattuor
1480 4993 1512 5046 Β.
1531 4992 1568 5048 V.
1586 4993 1616 5044 P.

242 5099 286 5128 ··-··
303 5079 340 5131 A·
366 5083 405 5146 θ’)
425 5078 535 5152 quando
553 5083 586 5136 Β.
607 5085 644 5138 V.
663 5117 699 5127 --
717 5085 845 5156 quoniam
866 5085 902 5140 A.
930 5090 967 5156 ⁹¹)
987 5103 1041 5157 qno
1060 5083 1150 5136 ierus?
1176 5084 1206 5136 in
1225 5079 1317 5135 villam
1336 5083 1367 5136 Β.
1387 5082 1425 5138 V.
1445 5083 1618 5153 (aedituas)

241 5187 285 5216 =
304 5170 340 5222 A.
359 5171 398 5238 θ’)
417 5167 446 5220 ίιι
465 5165 580 5222 basilica
590 5171 625 5226 V.
635 5171 671 5226 A.
682 5175 755 5228 -iu
765 5172 887 5232 bascaB.
907 5176 943 5245 ⁹⁸)
954 5171 1002 5227 obi
1017 5173 1047 5226 in
1062 5169 1176 5226 berilica
1186 5169 1262 5227 V.B.
1273 5171 1368 5240 (sedin
1378 5167 1573 5240 abasilica)=
1582 5172 1618 5224 A.

1313 5259 1381 5326 24·
