4032 6070
561 493 1116 552 ruoerensuruon.
1506 503 1575 574 ω»

117 641 239 727 generis
270 639 455 706 masculini
484 639 602 707 dativo
631 643 686 706 vel
714 641 865 708 ablativo
897 662 978 707 casn
1002 633 1046 725 ⁰³)
1066 643 1206 709 numeri
1227 642 1371 730 pluralis
1395 646 1459 712 wls
1482 647 1574 712 litte-

119 747 157 809 ris
171 737 212 828 u⁴)
234 758 315 832 post
338 759 588 810 consonantem
612 747 833 824 deliniuntur,
857 757 891 812 et
913 758 1031 834 aptota
1047 766 1121 810 esse
1142 767 1214 811 non
1231 747 1465 828 inveniuntur,
1491 753 1575 814 haec

119 848 264 932 indigent
286 847 363 912 aliis
391 847 528 912 casibus
555 870 620 934 per
647 871 734 934 quos
764 839 1018 936 appareant)
1040 848 1084 914 ad
1106 849 1378 934 qnamiormam
1401 851 1577 938 pertinere

117 951 340 1036 reperiantur,
365 962 398 1014 et
421 951 499 1014 ideo
523 951 663 1015 eosdem
689 972 804 1028 casus,
829 951 955 1037 quibus
977 951 1155 1037 indigent,
1178 952 1386 1030 subicimus,
1408 967 1448 1017 ut
1469 973 1577 1040 appa-

118 1065 205 1118 reant
227 1072 291 1139 per
313 1073 401 1138 qnos
424 1074 523 1118 casus
538 1047 583 1140 66)
606 1053 649 1118 ad
673 1075 777 1140 quam
791 1054 937 1118 iormam
955 1048 1000 1138 67)
1016 1055 1190 1141 pertinere
1209 1056 1435 1142 reperiantur.

170 1159 242 1222 tot.
255 1155 373 1239 Quare
390 1176 630 1242 quaecumque
647 1157 791 1220 nomina
805 1156 942 1240 generis
957 1157 1140 1222 masculini
1155 1159 1270 1222 dativo
1286 1171 1319 1221 et
1333 1157 1484 1221 ablativo
1497 1177 1578 1220 casn

117 1279 244 1322 nunren
234 1259 402 1344 'pluralis
426 1259 491 1324 ··Ι8
514 1260 638 1326 litteris
651 1273 731 1345 post
747 1271 998 1324 consonantem
1023 1260 1234 1324 deliniuntur
1249 1253 1305 1342 66)
1328 1261 1453 1324 haec
1427 1280 1455 1324 sr
1472 1259 1579 1323 alium

118 1360 299 1446 quemlibet
323 1382 440 1424 casum
463 1363 508 1428 ad
539 1362 685 1426 iormam
710 1361 923 1427 Catilinae
948 1361 1059 1425 lacere
1083 1365 1304 1448 reperiuntur
1318 1354 1381 1444 69)
1412 1373 1495 1426 tunc
1516 1380 1582 1446 per

121 1476 243 1527 ceteros
267 1482 391 1527 casus
384 1465 492 1548 '⁰)ad
516 1485 640 1529 sonum
666 1463 882 1529 Catilinae
905 1464 1132 1529 declinantur.

192 1569 267 1631 205.
290 1564 375 1630 *De
397 1567 669 1632 nominativo
694 1587 792 1631 casu
814 1569 979 1631 numeri
1002 1567 1251 1652 singularis,
1275 1567 1348 1652 qui
1362 1565 1439 1630 ··As
1462 1565 1580 1630 litte·
1589 1569 1634 1616 F·¹
1605 1579 1688 1675 cii*

121 1669 170 1730 ris
200 1667 445 1732 delinituri
451 1671 486 1751 ¹.)
522 1669 773 1754 Quaecumque
806 1671 949 1734 nomina
978 1671 1115 1754 generis
1144 1669 1328 1733 masculini
1363 1669 1621 1734 nominativov.
1605 1643 1678 1748 ξ
1671 1703 1688 1733 .

122 1791 193 1834 casu
213 1771 350 1835 numeri
373 1770 557 1854 singularis
581 1771 658 1836 Λ8·
686 1771 810 1836 litteris
838 1773 1064 1850 definiuntur,
1096 1784 1130 1836 et
1152 1783 1270 1858 aptota
1292 1791 1366 1834 esse
1388 1791 1460 1834 nou
1483 1771 1582 1834 inve·

122 1875 270 1950 ciuntur,
292 1875 380 1938 haec
401 1874 560 1958 indigent
581 1873 658 1938 aliis
681 1874 815 1939 casibus
838 1895 902 1961 per
923 1895 1011 1962 quoe
1029 1886 1219 1961 appareant
1240 1873 1283 1938 ad
1306 1893 1410 1958 quarn
1434 1873 1581 1936 formam

122 1977 285 2062 pertinere
308 1975 534 2062 reperiantur.

195 2079 270 2144 206.
301 2077 419 2162 Quare
447 2095 687 2162 quaecumque
716 2079 859 2142 nomina
886 2080 1023 2162 generis
1050 2077 1233 2142 masculini
1260 2076 1476 2140 nominativo
1500 2094 1581 2139 casn

122 2179 248 2243 numeri
278 2179 462 2265 singularis
491 2178 567 2242 ·AS·
598 2178 722 2242 litteris
751 2178 977 2256 definiuntur,
1011 2193 1044 2246 et
1066 2193 1184 2268 aptota
1207 2199 1279 2244 esse
1302 2199 1374 2242 non
1397 2178 1581 2242 inveniun-

125 2293 188 2358 tur,
216 2282 246 2344 si
276 2281 383 2346 alium
414 2278 606 2368 quemlibet
634 2301 751 2344 casum
782 2281 827 2346 ad
850 2281 996 2346 Formam
1024 2282 1190 2346 Aeneae
1214 2283 1327 2346 iacere
1349 2281 1581 2368 reperiuntur,

126 2395 197 2448 tuuc
219 2385 306 2448 haec
327 2405 391 2471 per
413 2396 547 2448 ceteros
571 2403 669 2446 casus
692 2383 735 2447 ad
758 2403 882 2448 sonum
903 2383 1070 2448 Aeneae
1093 2383 1321 2446 declinantur.

199 2489 270 2551 tot.
294 2485 453 2571 Nuncu)
476 2487 513 2550 iu
535 2485 601 2548 hac
623 2487 858 2572 suprascripta
879 2479 919 2570 ⁷³)
950 2486 1062 2550 iorma
1085 2505 1153 2570 qua
1175 2484 1329 2548 diximus
1352 2483 1488 2567 generis
1512 2471 1585 2545 msss

126 2586 239 2651 sculini
259 2588 405 2651 nomina
426 2587 643 2652 nominativo
667 2609 748 2652 casu
770 2589 908 2652 numeri
930 2588 1116 2672 singularis
1133 2580 1175 2668 77)
1198 2585 1277 2650 ·AS·
1300 2585 1423 2648 litteris
1438 2583 1585 2659 definiri,

127 2689 293 2773 quaeritur
324 2710 393 2775 qua
422 2690 464 2755 de
497 2711 599 2756 causa
625 2689 851 2756 Maecenas
878 2681 937 2772 7⁵),
975 2691 1101 2756 huius
1129 2687 1409 2764 Maecenatis,
1447 2699 1481 2750 et
1515 2703 1586 2749 non

128 2791 241 2855 huius
267 2791 512 2868 Maecenas,
542 2792 655 2856 facere
683 2793 877 2878 reperiatur
894 2786 947 2876 76).
979 2793 1054 2856 llac
1080 2789 1123 2853 de
1152 2809 1254 2852 causa
1283 2789 1447 2874 qnoniam
1472 2788 1587 2852 ouius-

128 2911 266 2978 cumque
288 2895 427 2976 generis
449 2897 592 2978 nomina
620 2895 837 2960 nominativo
868 2907 902 2958 et
923 2895 966 2978 77)
988 2892 1148 2958 vocativo
1173 2911 1254 2954 casu
1275 2891 1412 2954 numeri
1435 2890 1588 2973 singula-

130 2993 170 3056 ris
191 2993 264 3057 ·AS·
287 2994 411 3060 litteris
434 2997 645 3062 definiuntur
667 3009 701 3062 et
722 3009 840 3082 aptota
864 3017 936 3060 esse
953 2987 996 3077 76)
1018 3013 1091 3058 uon
1112 2993 1352 3078 reperiuntur,
1376 2994 1460 3055 haec
1483 3011 1589 3074 gene·

130 3095 193 3159 tivo
220 3117 301 3162 casu
328 3100 466 3164 numeri
495 3099 698 3184 singularis,
729 3098 792 3162 ·ls·
821 3098 945 3163 litteris
974 3094 1232 3161 concluduntur
1253 3105 1286 3158 et
1308 3096 1350 3176 79)
1374 3093 1418 3156 ad
1442 3093 1586 3155 formam

131 3199 308 3264 eorundem
339 3201 539 3277 nominum,
571 3221 660 3288 quae
680 3195 725 3285 ⁸⁰)
756 3199 907 3265 ablativo
932 3219 1014 3264 casu
1035 3197 1172 3262 numeri
1195 3194 1379 3280 singularis
1402 3195 1452 3258 ·E·
1475 3195 1590 3258 littera

132 3299 251 3364 scilicet
289 3315 450 3389 correpta
485 3304 740 3382 terminantur,
779 3301 969 3366 secundum
1006 3319 1107 3364 suurn
1144 3317 1254 3383 genua
1293 3296 1513 3360 declinantur
1533 3290 1589 3382 61).

133 3399 223 3464 Nunc
239 3397 283 3486 ⁸²)
307 3424 385 3467 cum
410 3405 502 3469 dicat
531 3405 707 3490 Vergilius
735 3425 882 3492 —quo
907 3403 1044 3468 sidere
1067 3413 1224 3466 terram
1253 3399 1449 3476 Vertere,
1479 3397 1591 3462 Mae·

135 3521 244 3567 censs
262 3507 294 3588 ⁸)
310 3542 354 3554 -
375 3506 496 3592 utique
519 3507 587 3572 istu
611 3507 807 3572 vocativum
831 3528 948 3572 casum
966 3499 1010 3588 ⁸³)
1033 3503 1187 3567 eiusdem
1209 3492 1249 3582 ⁸²)
1274 3502 1404 3564 formae
1428 3500 1590 3578 ostendit,

135 3625 193 3686 qua
219 3607 360 3672 nomina
390 3608 541 3675 ablativo
570 3629 651 3674 casu
682 3611 818 3675 numeri
847 3608 1030 3694 singularis
1060 3605 1112 3668 ·E·
1140 3604 1255 3668 littera
1284 3614 1444 3688 correpta
1473 3601 1591 3666 termi-

134 3721 265 3786 nantur,
298 3722 333 3772 et
361 3711 440 3776 ideo
471 3711 714 3789 Maecenas,
744 3713 868 3778 huius
890 3707 1172 3783 Maecenatis,
1200 3724 1273 3768 non
1295 3703 1519 3768 Maecenas
1543 3703 1592 3767 ia·

138 3827 206 3870 cere
226 3813 478 3895 pronuntiatur.
1600 3807 1607 3818 “

214 3915 282 3976 208.
304 3913 364 3976 De
388 3915 656 3981 nominativo
680 3935 780 3980 casu
803 3913 970 3978 numeri
992 3859 1303 3998 singularis⁸⁵),
1327 3907 1402 3992 qni
1426 3906 1503 3971 F.·S
1526 3905 1594 3970 lit·

180 4182 215 4252 ⁸¹)
236 4201 296 4237 catu
313 4185 346 4240 Β.
365 4186 402 4241 V.
418 4207 454 4240 =
465 4189 503 4243 A.
522 4189 561 4261 ⁸⁴)
577 4187 630 4244 ·ls·
646 4186 749 4240 litteris
767 4186 799 4243 V
796 4225 804 4240 .
820 4186 857 4241 A.
868 4185 946 4240 =B.
974 4186 1011 4256 ⁸⁵)
1026 4190 1176 4256 appareant
1188 4182 1225 4237 A.
1237 4211 1274 4224 —
1289 4187 1417 4254 appareat
1434 4179 1465 4236 V
1462 4217 1470 4233 .
1496 4179 1535 4252 ⁸⁴)
1552 4194 1597 4231 oa·

237 4287 281 4324 ans
298 4275 334 4328 V.
351 4275 382 4328 P.
396 4276 483 4330 =A.
510 4277 547 4347 ⁸⁷)
566 4274 679 4326 formam
700 4276 736 4330 V.
757 4276 788 4329 P.
805 4297 841 4326 .-·-
856 4273 892 4328 A.
918 4274 953 4342 ⁸⁸)
975 4273 1076 4327 Totum
1095 4271 1167 4324 hune
1189 4273 1280 4322 locum
1299 4277 1327 4321 et
1352 4275 1514 4339 aptota....
1532 4273 1598 4338 poet

239 4371 433 4416 consonantem
447 4359 616 4416 definiuntur
629 4385 667 4412 =
676 4363 711 4416 Β.
731 4365 767 4433 ⁸⁹)
786 4362 961 4434 reperiuntur
976 4361 1007 4414 B.
1019 4361 1055 4415 V.
1065 4391 1098 4404 -
1111 4358 1282 4430 reperiantur
1293 4357 1330 4410 A.
1359 4363 1395 4425 77)
1412 4371 1491 4407 meua
1509 4354 1544 4408 V.
1561 4352 1597 4409 A.

237 4447 267 4500 B.
285 4469 318 4502 ex
331 4469 382 4502 eur.
397 4470 440 4522 pr.
455 4469 490 4504 m.
508 4481 545 4494 -
559 4447 660 4520 gradus
675 4453 708 4505 B.
718 4471 737 4505 e
751 4469 793 4522 pr.
810 4469 846 4503 m.
866 4457 876 4489 ⁷
882 4451 903 4517 Ι)
921 4445 1050 4500 delinitur
1065 4448 1101 4502 V.
1115 4449 1152 4500 A.
1166 4477 1203 4487 -
1219 4442 1385 4496 deliniuntur
1400 4443 1433 4495 B.
1463 4443 1501 4511 ⁷¹)
1517 4441 1601 4494 Nono

238 4535 269 4588 B·
287 4537 323 4593 V.
337 4537 373 4590 A.
389 4569 424 4584 -
440 4545 507 4590 tunc
522 4540 556 4594 Ρ.
583 4543 620 4610 ⁷³)
636 4539 822 4611 suprascripta
839 4538 872 4592 B.
894 4537 930 4592 V.
950 4538 986 4589 A.
997 4567 1033 4577 —
1048 4531 1208 4606 supradicta
1223 4532 1253 4584 Ρ.
1274 4533 1309 4600 ⁷⁴)
1330 4529 1437 4600 generis
1454 4525 1599 4580 enasculini

239 4623 413 4678 ...·atutneri
437 4625 582 4697 singularia
604 4627 636 4682 B.
654 4628 691 4682 V.
708 4627 768 4697 (aed
786 4649 823 4677 =
837 4625 959 4694 uomina)
981 4655 1018 4666 -
1033 4639 1119 4694 genus
1136 4617 1317 4672 mascnlinum
1335 4617 1372 4671 A.
1398 4617 1434 4686 ²⁵)
1455 4615 1599 4667 Maecenas

240 4721 290 4766 etc.
307 4714 345 4768 V.
361 4743 398 4756 -
411 4713 541 4768 Mesenae
567 4721 620 4768 etc.
638 4715 673 4769 B.
688 4719 727 4783 (et
741 4733 806 4767 mox
819 4700 957 4778 Misenis)
980 4712 1016 4765 A.
1033 4722 1119 4764 eonet.
1146 4710 1183 4778 77)
1196 4705 1349 4777 reperiatur
1366 4703 1401 4758 V.
1419 4702 1455 4755 A.
1472 4733 1507 4744 -
1520 4719 1601 4773 repe·

244 4798 344 4854 riantur
357 4801 391 4855 B.
411 4803 447 4873 77)
462 4801 630 4856 nomiuutiro
644 4811 673 4855 et
680 4802 719 4858 A.
734 4827 771 4854 =
781 4802 814 4855 Β.
826 4800 862 4855 V.
878 4801 914 4871 ⁷¹)
924 4815 985 4852 esee
1000 4799 1034 4852 B.
1045 4798 1082 4854 V.
1092 4827 1128 4838 -
1144 4811 1201 4848 non
1211 4810 1272 4846 ease
1288 4793 1324 4847 A.
1344 4793 1382 4864 77)
1394 4799 1422 4843 et
1432 4791 1464 4846 V
1462 4829 1468 4842 .
1476 4791 1511 4844 A.
1521 4812 1558 4840 =
1566 4789 1600 4845 Β.

243 4885 278 4961 ’·)
294 4907 363 4962 quae
377 4889 412 4945 Β.
427 4890 465 4944 A.
481 4921 517 4934 -
532 4890 581 4963 qui
597 4893 634 4947 V.
662 4893 698 4964 ΙΙ)
714 4888 890 4944 declinentur
902 4889 935 4941 Β.
950 4885 987 4942 V.
1001 4913 1037 4929 -
1051 4883 1231 4938 terminantur
1252 4880 1291 4935 A.
1317 4880 1355 4951 ⁸⁵)
1370 4877 1452 4933 Nunc
1468 4879 1500 4932 Β.
1517 4877 1548 4934 V
1546 4916 1554 4932 .
1566 4905 1604 4921 ·-

243 4973 308 5030 llaae
320 4977 358 5032 A.
378 4979 415 5050 Ι9)
429 4978 583 5034 vocativum
598 4997 691 5032 casum
707 4981 739 5034 Β.
758 4979 794 5036 V.
809 5009 845 5020 -
860 4973 1000 5031 recutitus
1015 4988 1095 5028 caena
1108 4971 1145 5025 A.
1164 4969 1200 5041 ¹⁴)
1217 4966 1342 5025 eiusdem
1352 4968 1386 5023 Β.
1406 4969 1442 5023 V.
1453 4965 1555 5020 -eiua
1567 4964 1602 5019 A.

246 5061 278 5132 ⁸⁵)
296 5065 402 5118 numeri
420 5063 567 5138 eingsdarie
587 5067 622 5122 V.
642 5067 675 5120 Β.
694 5067 730 5124 A.
749 5089 787 5118 ,τ
803 5067 837 5120 Β.

198 5161 227 5234 71)
247 5165 319 5241 Virg.
339 5171 441 5244 Georg.
460 5171 482 5224 1.
499 5177 524 5231 1.
543 5177 569 5230 2
