4022 6068
311 565 317 572 ·
368 565 374 578 ·
410 543 480 612 m
831 535 1009 592 deliiill
1036 532 1167 589 rnosl
1195 531 1251 586 DE
1278 529 1462 588 NOMINE.

411 686 592 770 genetivus
626 697 662 750 et
689 683 825 750 dativus
852 696 887 748 et
914 681 1083 746 ablativus
1114 699 1191 744 ase
1222 687 1421 764 segregaut3
1452 677 1600 742 dicimus
1631 679 1725 742 euim
1751 679 1875 746 huius

410 807 544 874 genu,
560 779 667 852 'huic
688 807 798 871 genu
820 799 854 851 et
876 785 927 850 ab
949 787 1029 848 hoc
1051 801 1160 866 genu
1176 782 1220 862 ¹).

446 887 448 898 '
496 890 547 956 ot.
572 889 731 974 Simplex
757 889 814 952 vel
835 888 933 950 uuita
963 886 1075 949 iorma
1097 893 1166 958 est,
1195 901 1286 966 quae
1307 883 1344 944 iu
1367 881 1581 966 monoptotis
1603 881 1803 948 nominibus
1826 885 1876 947 in·

409 991 563 1066 venitur,
585 1003 625 1053 ut
645 1011 843 1075 nequam,
874 1008 1029 1072 nugas3
1061 985 1208 1049 dicimus
1231 985 1322 1046 enirn
1346 985 1414 1047 hoc
1436 1003 1634 1068 nequam,
1665 985 1789 1047 buius
1812 1005 1874 1048 ne·

409 1112 550 1178 quam,
574 1094 675 1156 huie
697 1111 895 1176 nequam,
920 1092 1004 1153 hoc
1025 1105 1220 1171 nequam,
1244 1105 1266 1148 o
1288 1103 1484 1169 nequam,
1507 1085 1557 1150 ab
1581 1088 1662 1149 boc
1683 1105 1873 1171 nequam3

409 1195 570 1258 similiter
592 1207 626 1257 et
646 1215 791 1278 nugas.
823 1194 952 1278 Aptota
966 1237 974 1254 .
990 1238 998 1254 .
1015 1235 1050 1252 ..
1074 1187 1119 1270 ⁵).

474 1297 526 1362 65.
535 1296 688 1360 Nomina
696 1315 783 1380 quae
793 1296 916 1380 primis
925 1290 1083 1379 partibus
1091 1287 1309 1352 declinantur
1317 1299 1350 1351 et
1359 1288 1519 1352 secundis
1529 1308 1612 1363 uon,
1624 1300 1665 1352 ut
1678 1287 1875 1352 tribunus

409 1396 566 1483 plebis,
594 1396 841 1483 praelectus
867 1394 1000 1470 urbis;
1029 1393 1099 1457 bic
1129 1389 1328 1456 tribunus
1356 1389 1515 1476 plebis,
1551 1391 1676 1454 huius
1708 1389 1874 1454 tribuni

409 1499 554 1584 plebis
577 1512 611 1562 et
634 1499 777 1584 reliqua.

495 1601 583 1663 Item
612 1600 773 1664 secundis
805 1595 963 1684 partibus
992 1595 1228 1670 declinantur,
1257 1593 1382 1680 primis
1403 1612 1494 1670 uon,
1516 1605 1556 1657 ut
1577 1594 1646 1658 hic
1667 1591 1875 1658 Minotau-

411 1721 498 1777 rus,
522 1702 648 1766 huius
670 1701 912 1766 Minotauri
935 1712 968 1762 et
991 1711 1114 1762 cetera.

496 1804 584 1867 Item
606 1817 752 1888 utraque
773 1816 872 1889 parte
895 1801 1123 1877 declinantur,
1146 1810 1185 1862 ut
1207 1798 1275 1862 hic
1296 1796 1568 1884 Liberpater,
1599 1797 1731 1860 huius
1752 1794 1876 1860 Libe-

412 1901 593 1990 ripqtris
616 1917 651 1968 et
673 1917 796 1968 cetera.

496 2007 548 2072 66.
572 2006 717 2069 lanius
734 2007 766 2087 ²)
796 2003 924 2068 dicitur
944 2023 1017 2068 uon
1040 2002 1170 2067 Ianus
1193 2013 1227 2066 at
1249 2001 1444 2066 declinatur
1464 2000 1532 2064 hio
1562 1998 1726 2076 lanius,
1755 2001 1876 2065 huius

410 2108 525 2174 lanii
543 2101 602 2192 ³⁶),
627 2121 661 2172 et
683 2108 818 2171 similia.

496 2211 546 2276 67.
572 2209 705 2274 Ficus
729 2211 842 2273 Varro
859 2207 1052 2272 masculino
1067 2225 1195 2290 genere
1218 2206 1308 2269 dixit
1329 2205 1378 2268 ita
1398 2203 1510 2268 —dc
1532 2202 1619 2267 iicu
1641 2224 1682 2268 se
1705 2223 1877 2290 suspen-

192 2391 197 2398 Δ
301 2309 531 2385 12‚„„,dit-
552 2309 569 2344 ¹*
592 2313 690 2376 cuius
713 2309 1089 2376 ablativusmasouliui
1111 2309 1248 2394 generis
1271 2320 1323 2370 est
1337 2303 1381 2388 ι’).

356 2417 361 2430 “
498 2413 550 2478 68.
578 2414 732 2476 Nomina
761 2411 1001 2492 monosyllaba
1029 2411 1220 2473 masculina
1249 2410 1399 2472 animam
1427 2405 1606 2483 habentia,
1637 2429 1726 2492 quae
1749 2409 1802 2471 ·X·
1824 2407 1879 2470 lit-

411 2525 484 2576 tera
506 2514 754 2588 terminantur,
779 2533 869 2588 rex,
893 2531 1020 2596 grex,
1045 2511 1155 2574 irux.
1180 2511 1249 2574 Sed
1271 2512 1300 2574 si
1324 2511 1376 2572 ·X·
1398 2509 1514 2572 littera
1537 2507 1589 2573 ·C·
1613 2520 1647 2573 et
1670 2509 1716 2574 ·S·
1734 2523 1877 2586 constat,

411 2634 518 2704 quare
540 2617 702 2697 genetivo
725 2615 849 2676 buius
872 2614 987 2698 regis
1010 2625 1045 2676 et
1065 2633 1151 2676 nou
1174 2614 1302 2686 recia,
1326 2625 1384 2674 aut
1405 2632 1470 2697 per
1492 2632 1528 2674 se
1550 2611 1661 2696 ipsam
1685 2611 1736 2673 ·X·
1758 2623 1798 2674 ut
1820 2631 1880 2673 re-

409 2717 481 2780 xis
505 2715 606 2779 iacit?
629 2717 723 2780 Haeo
747 2727 933 2790 causaest,
958 2716 1123 2798 quoniam
1137 2714 1230 2799 apud
1252 2714 1414 2798 antiquos
1440 2713 1490 2776 t:-
1513 2713 1627 2776 littera
1649 2732 1714 2798 pro
1738 2713 1795 2778 ·G·
1817 2731 1881 2796 po-

409 2817 573 2894 nebatur,
605 2818 706 2882 sicuti
734 2837 828 2882 nunc
860 2815 923 2880 ·G··
945 2837 1010 2901 pro
1035 2815 1086 2880 ·C·
1117 2818 1230 2901 posita
1254 2828 1321 2890 est,
1355 2827 1389 2878 et
1417 2816 1579 2900 genetivo
1609 2816 1734 2876 huius
1763 2813 1879 2896 regis

365 2953 372 2974 ι
409 2941 475 3006 per
497 2919 549 2985 ·C·
580 2919 782 2994 notabatur,
814 2919 915 2982 sicuti
946 2937 1161 3003 praenomen
1188 2937 1283 2980 nunc
1315 2916 1452 2982 Gaius
1475 2917 1527 2982 Ὀ·
1555 2918 1670 2980 littera
1692 2927 1827 2978 servata
1841 2911 1882 2996 3·”)

410 3043 531 3087 verum
555 3022 805 3085 consuetudiire
828 3020 1007 3097 scribitur3
1031 3019 1225 3103 sedpostea
1241 3019 1534 3083 indiscretionem
1551 3018 1607 3083 ·G·
1622 3019 1756 3082 litterae
1779 3035 1882 3102 apex,

411 3125 472 3210 qui
496 3142 620 3187 sonum
643 3124 859 3208 figuramque
881 3134 1018 3186 notaret
1032 3112 1085 3202 ³⁸),
1110 3123 1270 3184 inventus
1294 3133 1363 3197 est,
1388 3141 1458 3206 quo
1482 3121 1599 3185 addito
1622 3121 1746 3184 melius
1768 3121 1806 3182 in
1826 3137 1883 3182 so-

410 3245 495 3288 num
517 3226 614 3290 vocis
637 3227 762 3288 horum
784 3225 967 3288 nominum
991 3223 1109 3307 regula
1132 3242 1255 3286 souare
1279 3225 1502 3308 conspicitur.
1549 3249 1552 3260 ·

498 3328 550 3394 69.
575 3327 826 3411 Quaecumque
858 3327 1000 3390 uomina
1023 3323 1213 3388 masculina
1235 3324 1361 3409 plurali
1384 3343 1529 3388 numero
1553 3325 1647 3409 apud
1669 3324 1825 3388 Graecos
1841 3316 1884 3403 ³⁹)

412 3428 449 3490 in
472 3433 580 3492 ΨΩΝ·
604 3427 770 3510 syllabam
794 3441 938 3502 exeunt,
961 3430 1045 3490 haec
1069 3425 1233 3490 translata
1256 3427 1292 3488 in
1323 3426 1485 3489 Latinum
1510 3427 1546 3488 in
1574 3426 1668 3490 ·UM·
1690 3437 1825 3490 mutant
1841 3416 1883 3503 ⁴⁸)

412 3547 484 3592 uon
506 3529 616 3612 magis
639 3549 675 3592 se
699 3550 802 3614 quam
825 3530 1019 3593 litterarum
1041 3547 1224 3590 numerum
1249 3528 1422 3592 custodire
1446 3527 1622 3604 videntur,
1645 3540 1683 3590 ut
1701 3541 1752 3590 est
1772 3531 1885 3587 Ἐιιτό-

412 3653 495 3707 ρων,
524 3638 707 3708 Νισιόρων,
737 3631 818 3696 iacit
849 3631 1098 3706 Hectorum,
1128 3629 1366 3693 Nestorum.
1405 3629 1464 3694 Sic
1497 3651 1581 3712 ergo
1611 3642 1645 3693 et
1672 3635 1886 3709 ropeopdeuv,

412 3732 669 3813 ποιημάτων),
693 3730 900 3813 ἑμβλημάιωι
921 3749 987 3794 uos
1010 3743 1103 3821 recte
1125 3743 1427 3806 toreumatum,
1451 3745 1708 3817 poematum,
1732 3729 1887 3794 emble·

455 4021 492 4090 ἐ)
518 4019 590 4072 lanii
611 4021 678 4076 Coei.
698 4040 715 4074 a
732 4041 774 4092 pr.
794 4039 829 4072 ιιι.
850 4020 922 4074 lauis
943 4021 1010 4075 cod.
1031 4041 1065 4076 err
1083 4043 1203 4096 eornpr.
1223 4043 1258 4077 ιιι.
1279 4027 1314 4090 ³⁷)
1344 4023 1376 4076 C·
1395 4021 1488 4078 littera
1506 4029 1669 4078 sensuale
1688 4023 1755 4078 ceu.
1776 4023 1813 4091 ³⁸)
1834 4037 1889 4074 uo-

520 4114 590 4159 laret
609 4111 677 4164 cod.
697 4107 736 4182 τῷ
755 4117 766 4162 l
789 4113 878 4178 primo
901 4097 1033 4179 puuctdm
1050 4112 1229 4182 subscriptum
1248 4125 1275 4164 et
1291 4118 1399 4184 siguum
1424 4118 1532 4184 spiritui
1551 4133 1648 4184 aspero
1667 4125 1782 4166 occentu
1802 4123 1889 4164 acuto

519 4199 612 4248 iuncto
631 4199 716 4250 simile
734 4201 900 4267 impositum.
916 4197 1043 4260 fortassis
1062 4202 1147 4252 voluit
1164 4208 1289 4252 mutaret.
1310 4205 1345 4270 ³⁹)
1366 4199 1541 4254 Graecos-
1559 4218 1655 4270 grecos
1677 4200 1744 4254 cod.
1764 4197 1801 4267 ⁴⁰)
1822 4191 1891 4248 lali·

460 4317 462 4324 ·
519 4299 585 4332 num
603 4286 633 4334 iu
651 4281 728 4338 ·UM·
747 4291 854 4336 mutant
875 4283 940 4336 cod.
960 4304 994 4336 ex
1010 4306 1060 4338 em.
1078 4306 1121 4358 pr.
1140 4307 1175 4339 m.
1193 4285 1309 4339 latinum
1329 4287 1359 4338 ·l·
1379 4296 1486 4341 mount
1506 4290 1572 4341 cod.
1592 4309 1609 4341 a
1627 4309 1669 4360 pr.
1685 4308 1720 4340 m.
1747 4287 1787 4358 ⁸¹)
1807 4303 1894 4342 statu·

521 4369 613 4441 μάτων
631 4400 667 4412 -
684 4388 824 4442 nosputuv
848 4371 915 4424 ced.

455 4477 486 4547 ιι)
521 4475 636 4530 Saniora
666 4472 802 4528 hahentur
833 4474 909 4547 apud
939 4473 1044 4530 Charis.
1069 4476 1090 4532 l.
1119 4496 1143 4530 c.
1178 4480 1206 4550 b)
1234 4481 1350 4550 Aptcta.
1384 4480 1459 4532 Haec
1489 4481 1531 4532 sic
1555 4481 1681 4532 fortassis
1712 4487 1795 4531 eruut
1821 4495 1897 4548 sup·

517 4562 635 4636 pleuda:
654 4566 785 4634 „Aptata
797 4564 865 4616 haec
879 4568 961 4616 etiam
976 4585 993 4616 a
1016 4567 1130 4618 Graecis
1147 4568 1275 4620 dicuntur
1291 4573 1401 4622 nomino
1413 4579 1434 4600 “
1454 4567 1536 4620 Certe
1555 4565 1629 4638 apud
1648 4564 1814 4620 Diomedem
1826 4571 1896 4624 287.

518 4653 548 4706 P.
558 4650 689 4722 legimust
708 4653 852 4722 „Simplex
869 4653 912 4704 vel
929 4656 1028 4714 unica,
1047 4671 1108 4706 eum
1125 4674 1175 4725 per
1193 4675 1284 4708 outnea
1303 4675 1382 4709 casus
1400 4675 1499 4709 nomen
1517 4660 1689 4724 uuybrmiter
1706 4661 1811 4716 currit,
1844 4675 1900 4708 trec

520 4756 636 4814 mquam
663 4745 692 4792 in
710 4741 892 4792 declinatione
920 4745 1058 4802 variotur,
1086 4753 1112 4794 et
1147 4754 1168 4795 tt
1194 4747 1223 4796 ιἰι
1241 4747 1273 4797 iis
1300 4763 1372 4814 quoe
1398 4750 1482 4798 etiem
1505 4763 1522 4796 a
1544 4745 1659 4796 Graecis
1678 4731 1828 4797 ἔπειτα
1850 4746 1898 4794 ἀι·-

428 4847 430 4862 .
520 4837 651 4882 cuntur.“
670 4825 842 4880 Vocabulum
870 4833 982 4881 nomina
1009 4829 1039 4880 iu
1065 4829 1207 4900 sequentis
1235 4830 1257 4900 ς.
1285 4831 1365 4884 initio
1385 4849 1527 4883 recurrens
1553 4828 1665 4884 librario
1688 4831 1783 4882 fucum
1809 4831 1898 4883 fecit.

519 4918 545 4984 e)
564 4912 726 4984 Legeudum
743 4913 931 4970 verisimiliter
948 4920 1053 4979 iuncus,
1073 4915 1149 4988 quod
1167 4915 1331 4970 vocabulum
1349 4920 1491 4972 ianitorem
1507 4919 1662 4987 siguificare
1682 4915 1799 4972 ePaulo
1822 4919 1901 4970 Dia·

520 5018 590 5054 oouo
609 5021 638 5072 p.
658 5008 703 5060 77.
721 5003 755 5056 1..
776 5011 892 5057 constat.
912 5005 942 5076 d)
962 5007 1045 5060 dicus
1062 5037 1098 5048 -
1117 5020 1165 5058 est.
1184 5005 1227 5058 Ita
1245 5005 1317 5060 Cod.
1337 5005 1449 5070 diserte,
1468 5008 1523 5060 uisi
1542 5007 1618 5078 quod
1636 5008 1665 5058 iu
1684 5009 1752 5060 voce
1769 5027 1902 5075 suspen·

520 5090 575 5150 dit,
603 5089 723 5161 quinque
748 5089 842 5145 ultima
867 5088 1000 5148 elementa
1027 5112 1089 5146 com
1114 5092 1270 5150 membrana
1289 5095 1427 5167 perierint.
1447 5093 1560 5148 Meliora
1580 5092 1664 5148 habes
1683 5091 1759 5166 apud
1779 5091 1902 5148 Charis.

519 5181 555 5235 'Id
574 5185 602 5228 ei
621 5181 681 5234 103.
701 5177 732 5230 P.
751 5177 799 5230 cfr.
820 5177 879 5231 Cic.
900 5177 935 5232 de
954 5182 1031 5233 Orat.
1049 5181 1086 5234 11.
1104 5187 1148 5244 69.
