4050 6064
372 535 441 606 486
674 527 869 588 setosus
894 527 941 584 ιιι
964 525 1140 584 contri
1167 529 1316 586 tnrau
1342 529 1525 588 rnsusn.

374 692 443 758 est,
473 675 569 762 quod
597 675 704 740 modo
733 677 874 762 hyphen
898 669 942 759 ’5)
970 696 1036 762 pro
1066 675 1289 742 distinctione
1308 679 1352 760 ¹⁹)
1380 691 1548 764 ponatur,
1576 679 1692 762 gravis
1714 699 1779 765 pro
1796 673 1842 762 ³⁰)

373 781 547 867 superfluo
571 779 750 863 scriptoris
773 777 939 855 arbitrio,
966 790 1131 863 utsupra
1154 778 1285 842 dictum
1308 791 1370 844 ost.
1401 779 1520 844 Restat
1542 781 1649 864 igitur
1669 791 1709 842 ut
1729 801 1777 842 ex
1799 780 1843 844 il-

373 883 416 946 lis
443 881 607 966 legitimis
636 877 772 942 duobus
799 880 874 942 iure
904 880 941 942 in
969 879 1123 944 dictione
1152 877 1286 964 positus
1317 880 1452 944 dicatur
1479 893 1644 946 accentus
1660 873 1714 962 ³¹).
1743 880 1843 944 Scire

372 996 488 1049 autem
519 981 685 1045 debemus
701 974 763 1062 ³²),
794 979 890 1065 quod
919 979 1054 1044 nullum
1085 979 1272 1043 barbarum
1302 998 1430 1044 nomen
1451 979 1508 1046 vel
1531 981 1675 1048 verbum
1699 979 1845 1066 aliquod

372 1085 614 1172 peregrinum,
636 1103 702 1146 nec
719 1075 762 1165 55)
785 1082 980 1146 interiectio
1005 1095 1135 1146 certum
1158 1094 1325 1167 poterunt
1340 1075 1382 1164 55)
1405 1095 1586 1146 accentum
1610 1095 1738 1158 tenere,
1759 1101 1844 1146 naus

374 1188 411 1249 iu
432 1184 622 1250 barbaricis
651 1181 852 1248 nominibus
880 1183 976 1246 nulla
999 1185 1052 1246 su'i
1071 1176 1113 1265 ³⁵)
1136 1183 1286 1258 ratione,
1319 1182 1380 1247 sed
1402 1183 1497 1268 quali
1511 1182 1680 1252 ,volumus
1703 1201 1784 1248 sane
1800 1174 1845 1264 55)

372 1308 447 1366 uon
477 1305 600 1372 aspero
628 1284 845 1370 proferamus
876 1297 1032 1350 accentu.
1063 1282 1199 1350 Graeca
1224 1295 1340 1349 autem
1370 1283 1443 1348 suis
1464 1284 1665 1350 nocentibus
1686 1302 1846 1371 pronun-

376 1385 493 1454 tian'da
515 1409 589 1452 esse
611 1405 795 1450 noscamus
813 1377 869 1468 57).
953 1417 959 1422 -
1225 1459 1232 1472 ⁸

267 1505 294 1550 r.
319 1503 364 1564 ts.
459 1493 512 1556 22.
526 1489 743 1552 Accentunm
757 1495 872 1550 antem
891 1506 994 1573 saepe
1011 1485 1156 1572 dissipat
1166 1486 1280 1570 legem
1291 1479 1336 1570 55)
1347 1485 1403 1551 vel
1418 1485 1608 1562 distinctio,
1621 1497 1662 1550 ιιι
1675 1479 1716 1570 ³⁹)
1732 1485 1749 1517 ⁴
1765 1505 1846 1550 cum

282 1562 355 1611 ⁰⁰'b'
375 1593 500 1658 debeat
511 1584 555 1674 ⁴⁰)
578 1590 647 1654 dici
660 1589 724 1652 sub
735 1589 875 1674 byptsen
893 1581 937 1672 ⁴¹)
960 1588 1200 1652 malesanus
1216 1581 1272 1671 55),
1295 1589 1385 1652 male
1407 1589 1485 1674 quis
1497 1588 1738 1672 distinguendo
1751 1588 1848 1651 dieat

376 1714 540 1782 separans
563 1691 671 1754 male
700 1708 828 1754 sanus
850 1683 911 1775 ⁴³);
933 1689 989 1754 sel
1010 1689 1251 1776 pronunciatio
1269 1681 1333 1773 55),
1356 1701 1395 1752 ut
1417 1709 1498 1753 curn
1520 1688 1636 1754 dicere
1659 1687 1848 1754 debeamus

377 1798 579 1868 latebras,
602 1797 732 1873 legendo
747 1793 944 1871 versumquis
966 1791 1111 1852 dicct-'-
1129 1793 1479 1870 Impuleretserro
1500 1790 1738 1876 Argolicas
1760 1791 1849 1854 ioe-

377 1897 479 1962 dare
501 1894 690 1958 latebras
706 1893 786 1977 ·)-
805 1904 904 1956 acute
920 1893 1139 1978 produceus;
1155 1891 1210 1954 vel
1225 1893 1411 1956 necessitas
1427 1892 1611 1978 separandi
1628 1891 1735 1958 uerba
1751 1893 1849 1956 sinsi-

377 1999 446 2067 lia.
470 2009 504 2060 ιιι
525 2019 595 2058 cum
616 1997 723 2080 dicere
747 1992 933 2056 debeamus
946 1987 991 2078 ⁴⁵)
1014 2012 1127 2079 pone
1143 1983 1200 2075 ⁴⁶),
1221 2006 1260 2056 ut
1281 1993 1495 2078 peneultima
1510 1984 1554 2076 ⁴⁷)
1577 1993 1702 2058 habeat
1723 2013 1851 2058 scocu-

377 2113 464 2176 tum,
487 2094 720 2182 quianullum
741 2093 889 2158 latinum
910 2093 1057 2158 verbum
1075 2086 1119 2177 55)
1142 2107 1193 2158 est
1215 2093 1252 2157 in
1273 2093 1396 2157 ultima
1418 2094 1548 2176 syllaba
1569 2093 1701 2158 babens
1723 2113 1851 2158 scoen-

377 2214 452 2265 tum
468 2191 530 2283 l⁹).
558 2197 763 2262 necessitate
792 2196 887 2260 ducti
917 2216 961 2259 ne
990 2208 1132 2282 putetur
1154 2187 1197 2280 ⁵⁰)
1224 2195 1348 2260 modus
1372 2196 1598 2282 imperativus
1621 2194 1665 2260 ab
1687 2215 1729 2260 eo
1753 2195 1853 2280 quod

379 2314 430 2366 est
453 2319 583 2387 pono,
607 2298 763 2361 dicamus
785 2315 897 2382 pone
916 2287 979 2379 ⁵¹),
1003 2309 1044 2361 ιιι
1064 2296 1265 2362 adverbium
1295 2297 1466 2382 significet
1492 2298 1574 2362 loci.
1603 2295 1671 2360 Vel
1686 2291 1730 2378 ⁵²)
1754 2297 1853 2360 sirni-

378 2403 460 2466 liter
482 2401 585 2484 ergd
602 2393 667 2482 ⁵³),
689 2411 730 2462 ut
750 2397 973 2481 intellegatur
993 2418 1058 2484 pro
1082 2419 1124 2463 ec
1147 2397 1243 2483 quod
1265 2410 1317 2463 est
1338 2419 1484 2475 causa,
1506 2411 1546 2462 ut
1567 2399 1605 2462 in
1626 2396 1787 2482 Vergilio
1807 2388 1853 2480 55)

380 2537 424 2554 -
444 2502 569 2566 illius
593 2518 693 2582 ergo
715 2499 925 2562 ‘Venimus
945 2497 1033 2582 5)-
1055 2499 1092 2564 id
1113 2512 1182 2576 est,
1207 2499 1300 2564 illins
1324 2519 1426 2564 causa
1441 2491 1485 2582 ⁵⁵)
1506 2500 1678 2563 venimus.

465 2605 518 2668 23.
535 2592 736 2686 llypben⁵⁶)
753 2611 805 2662 est
817 2613 911 2674 nota,
929 2621 1017 2684 quae
1034 2601 1103 2666 duo
1112 2601 1220 2666 verba
1236 2597 1280 2683 ⁵⁷)
1290 2602 1404 2687 iungit
1419 2593 1462 2684 55)
1479 2621 1521 2665 ao
1540 2601 1650 2665 nectit
1658 2599 1850 2686 supposita,

382 2723 473 2791 quae
495 2703 634 2766 ducitur
655 2721 676 2764 a
696 2700 936 2786 praecedentis
950 2695 994 2782 59)
1015 2701 1114 2766 verbi
1136 2703 1203 2766 fine
1218 2695 1264 2787 60)
1285 2700 1456 2790 usquead
1477 2701 1616 2767 initium
1632 2719 1852 2786 cousequen-

383 2807 440 2883 tis,
462 2818 503 2869 ut
522 2801 802 2885 iuterea'gloci
821 2795 883 2885 ⁶¹),
916 2821 995 2866 cum
1019 2815 1136 2865 tamen
1156 2823 1239 2868 tusus
1263 2805 1419 2888 exegerit
1433 2797 1488 2886 ⁶¹).
1566 2845 1571 2852 -

426 2991 462 3064 ¹⁸)
489 2987 601 3064 bypben
618 2992 650 3044 P.
669 2992 720 3045 Pss.
738 3022 775 3034 —
791 2987 885 3062 ypbeu
903 2991 935 3043 B.
955 3021 990 3034 -
1006 2986 1095 3060 yphin
1113 2992 1150 3046 A.
1180 2994 1216 3060 ὀ)
1242 3009 1293 3064 pro
1313 2989 1495 3047 distinctione
1514 2993 1546 3046 Β.
1566 2993 1596 3046 Ρ.
1615 2993 1664 3045 Pu.
1683 3022 1718 3033 -
1736 3010 1790 3064 per
1810 2990 1853 3044 di·

490 3079 668 3134 stinctiouetu
693 3077 730 3132 A.
758 3075 796 3150 ¹⁰)
823 3077 910 3146 gravis
929 3095 979 3148 pro
998 3079 1030 3130 Β
1049 3079 1082 3130 Ρ.
1101 3109 1137 3120 -
1154 3078 1242 3148 gravis
1261 3075 1306 3132 hie
1324 3081 1361 3135 A.
1379 3111 1415 3122 -
1438 3079 1525 3149 gravis
1544 3087 1635 3134 sutem
1654 3080 1701 3149 (=
1716 3085 1781 3152 pro)
1800 3081 1851 3133 Pu.

490 3168 529 3238 51)
549 3161 658 3220 duobus
676 3163 736 3218 iure
760 3165 790 3218 in
809 3163 931 3218 dictione
950 3165 1059 3234 positus
1079 3162 1187 3218 dicetur
1204 3175 1335 3220 accentus
1358 3167 1391 3220 Β.
1410 3187 1430 3221 e
1445 3186 1489 3237 pr.
1508 3185 1544 3220 es.
1563 3195 1597 3208 -
1617 3163 1728 3220 duobus
1746 3167 1806 3222 iure
1824 3168 1854 3219 in

492 3251 623 3306 dictionis
650 3253 760 3325 positus
779 3249 887 3305 dicatur
910 3260 1041 3304 occentus
1059 3253 1092 3307 Β.
1111 3271 1146 3306 eu
1163 3271 1217 3306 em.
1232 3272 1274 3325 pr.
1295 3273 1331 3306 m.
1350 3286 1385 3298 -
1409 3253 1468 3307 iure
1488 3251 1597 3306 duobus
1616 3251 1770 3307 indictione
1790 3255 1854 3326 (sie)

492 3339 600 3414 positus
628 3338 736 3394 dicatur
762 3351 858 3394 scutus
876 3338 912 3392 A.
931 3341 962 3392 Ρ.
991 3337 1050 3410 (sed
1075 3347 1205 3392 accentus
1222 3359 1274 3412 pro
1293 3343 1400 3412 sentus)
1427 3327 1462 3386 -“-
1481 3338 1591 3392 duobus
1610 3340 1639 3392 in
1659 3338 1782 3394 dictione
1800 3359 1852 3412 po-

493 3430 555 3482 sitis
579 3430 638 3484 iure
667 3425 776 3484 dicatur
800 3435 929 3480 accentus
947 3428 1000 3480 Pu.
1028 3428 1064 3498 ⁸¹)
1084 3427 1161 3482 Scire
1180 3435 1270 3482 sutoro
1289 3425 1421 3480 debemus
1440 3429 1471 3481 Β.
1491 3429 1522 3482 P.
1541 3424 1747 3504 —Sciendum
1763 3436 1853 3481 sutem

494 3522 546 3574 Pu.
564 3549 600 3560 -
617 3515 695 3573 Scire
713 3513 767 3571 boc
785 3511 917 3568 debemus
934 3514 972 3568 A.
992 3515 1029 3586 ³³)
1048 3529 1101 3568 nee
1118 3516 1150 3566 B.
1168 3543 1204 3556 -
1222 3529 1311 3586 neque
1330 3515 1366 3567 A.
1384 3517 1416 3568 P.
1435 3517 1485 3568 Pu.
1511 3517 1547 3586 55)
1566 3523 1698 3586 poterunt
1715 3515 1747 3570 Β.
1766 3517 1803 3571 A.
1823 3517 1855 3569 Ρ.

494 3639 531 3650 -
548 3606 671 3679 potuerit
688 3608 739 3661 Pu.
760 3607 796 3674 55)
814 3602 888 3656 nulla
905 3603 949 3658 sui
966 3601 1000 3660 B.
1019 3633 1055 3681 “.
1072 3610 1138 3654 aunt
1155 3599 1199 3654 sui
1218 3601 1255 3655 A.
1273 3602 1305 3654 P.
1324 3603 1377 3654 Pu.
1404 3605 1440 3672 ³⁶)
1466 3619 1531 3658 sane
1549 3604 1583 3657 B.
1602 3605 1653 3656 Pu.
1671 3633 1707 3646 -
1723 3601 1805 3674 plne
1823 3607 1854 3658 Ρ,

494 3727 531 3740 -
549 3694 633 3768 plano
650 3695 689 3748 A.
710 3694 747 3762 ³⁷)
766 3709 911 3746 noscemus
930 3693 963 3746 B.
982 3723 1018 3734 —
1036 3689 1228 3762 cognoscimus
1245 3687 1283 3741 A.
1301 3690 1334 3742 P.
1353 3690 1404 3742 Pu.
1424 3689 1460 3761 ⁸⁸)
1480 3689 1650 3743 iocentuusu
1668 3700 1856 3764 autemsaepe

497 3782 617 3854 dissipat
631 3780 722 3852 legens
739 3782 773 3834 Β.
791 3810 828 3821 -
845 3779 918 3851 Seps
937 3787 1103 3834 accentuum
1121 3777 1239 3849 dissipat
1255 3773 1345 3848 legem
1362 3777 1397 3832 A.
1417 3777 1448 3832 P.
1468 3775 1529 3850 (sed
1547 3781 1641 3852 saepe)
1660 3779 1711 3832 Pu.
1731 3783 1767 3852 59)
1783 3788 1816 3832 ut
1823 3779 1856 3834 B.

495 3902 532 3916 ..
548 3868 625 3924 velut
650 3868 686 3922 A.
710 3869 743 3921 P.
767 3869 817 3921 Pu.
838 3868 873 3938 ⁴⁰)
894 3865 995 3920 debeat
1013 3870 1045 3922 B.
1064 3899 1100 3910 -
1119 3864 1204 3920 debet
1220 3866 1256 3921 A.
1276 3868 1308 3922 P.
1327 3869 1377 3920 Pu.
1405 3867 1442 3941 ⁴¹)
1462 3864 1572 3938 bypben
1589 3869 1620 3919 P.
1639 3868 1691 3920 Pu.
1709 3896 1746 3910 —
1762 3866 1857 3940 ypben

496 3952 667 4028 B.-yplsin
684 3955 721 4008 A.
741 3956 777 4022 ⁴¹)
795 3951 967 4024 tusle„ssnus
985 3957 1017 4009 B.
1036 3956 1069 4008 P.
1088 3985 1124 3996 -
1141 3951 1294 4006 malescuns
1313 3956 1363 4009 Pu.
1382 3985 1416 3996 -
1434 3952 1586 4006 melesiuus
1605 3951 1642 4007 A.
1661 3953 1781 4028 l¹)rnale
1796 3955 1856 4028 quis

498 4084 506 4101 .
526 4083 534 4098 .
554 4082 561 4098 .
581 4081 589 4096 .
606 4039 677 4095 male
694 4059 777 4095 sanus
802 4043 835 4096 Β.
854 4042 892 4094 A.
910 4044 961 4096 Pu.
980 4065 1016 4092 =
1033 4043 1065 4096 Ρ.
1090 4042 1127 4112 55)
1145 4042 1338 4112 pronunciatio
1356 4043 1388 4095 Β.
1413 4070 1449 4081 -
1466 4039 1675 4114 pronunciando
1695 4042 1732 4096 A.
1751 4045 1804 4095 Pu.
1822 4073 1858 4084 -

496 4124 699 4206 pronunciandi
717 4131 749 4184 P.
768 4129 803 4201 55)
822 4126 941 4182 lutebrss
961 4166 967 4181 .
988 4165 995 4182 .
1015 4167 1022 4180 .
1043 4167 1051 4182 .
1071 4127 1164 4181 dicere
1184 4126 1332 4182 debeamus
1351 4131 1384 4183 B.
1405 4132 1445 4199 (iss
1462 4147 1555 4202 marg..
1570 4131 1744 4200 semicoctae)
1763 4132 1858 4183 Pe.-

497 4218 617 4273 lstebrss
636 4255 643 4269 .
663 4253 670 4268 .
690 4253 697 4268 .
718 4255 724 4268 .
743 4213 932 4286 srgolicssque
955 4217 1017 4285 (sic)
1038 4223 1143 4268 tentare
1161 4213 1180 4268 l.
1199 4225 1278 4268 acute
1296 4215 1451 4288 procedens
1478 4217 1539 4286 (sic)
1559 4223 1612 4268 etc.
1631 4216 1667 4268 A.
1687 4247 1722 4256 -
1740 4213 1858 4270 latebras

499 4343 507 4360 .
527 4342 535 4358 .
554 4343 562 4357 .
582 4343 589 4358 .
608 4302 727 4372 argolica
746 4303 807 4374 (sie)
827 4302 846 4354 i.
865 4299 1081 4356 lanteultintsm
1099 4301 1256 4374 producens
1274 4311 1328 4354 otc.
1346 4306 1377 4357 Ρ.
1397 4305 1517 4374 ⁴⁶)pone
1536 4303 1566 4355 Β.
1578 4303 1609 4354 P.
1619 4303 1717 4355 Pu.·-
1729 4303 1802 4374 pdne
1820 4305 1858 4357 A.

500 4395 536 4465 ⁴⁷)
555 4387 723 4464 peueultinta
740 4391 775 4445 Β.
792 4417 829 4431 -
847 4388 998 4460 penultima
1015 4387 1120 4460 syllaba
1137 4390 1176 4443 A.
1194 4391 1224 4442 P.
1244 4391 1296 4442 Pu.
1316 4389 1354 4462 55)
1375 4389 1491 4442 lstinusn
1508 4386 1620 4442 verbum
1639 4389 1671 4441 Β.
1691 4391 1742 4442 Pu.
1754 4408 1857 4444 —ser·

499 4477 567 4532 butu
584 4475 700 4532 lstinuus
716 4478 755 4531 A.
774 4477 805 4530 P.
832 4477 867 4546 ⁴⁹)
887 4476 917 4528 iu
935 4475 1031 4529 ultime
1048 4473 1154 4546 syllaba
1171 4472 1275 4528 babens
1302 4484 1445 4530 accentum
1462 4476 1495 4527 B.
1514 4476 1597 4528 -in
1616 4494 1670 4550 quo
1690 4473 1787 4531 ultim
1804 4473 1874 4548 syl-³

500 4565 563 4620 iubs
579 4563 681 4618 habeut
697 4571 839 4620 accentum
857 4561 893 4616 A.
912 4565 945 4616 P.
963 4564 1015 4615 Pu.
1043 4563 1080 4634 55)
1099 4571 1213 4634 putetur
1230 4563 1263 4616 Β.
1282 4593 1318 4604 -
1335 4571 1479 4632 putaretur
1495 4563 1532 4616 A.
1552 4565 1582 4617 P.
1602 4565 1654 4616 Pu.
1680 4565 1715 4634 ⁵¹)
1735 4579 1810 4636 pone
1827 4565 1858 4616 Β.

498 4658 532 4712 P.
550 4657 602 4708 Pu.
620 4683 656 4696 -
673 4653 747 4724 pdne
765 4652 801 4706 A.
822 4653 857 4719 ⁸¹)
877 4647 930 4704 Vel
948 4651 980 4703 B.
998 4649 1037 4712 A.
1055 4651 1151 4702 Pu:
1168 4651 1199 4702 P.
1220 4651 1255 4719 ⁸³)
1276 4651 1339 4720 ergit
1358 4652 1392 4703 Β.
1412 4679 1447 4690 -
1464 4666 1530 4722 ergo
1548 4651 1584 4704 A.
1604 4651 1635 4703 P.
1654 4651 1706 4704 Pu.
1735 4652 1771 4722 55)
1790 4651 1858 4704 Ver-

499 4741 566 4816 gilio
584 4743 616 4796 B.
635 4737 807 4810 -Virgilio
825 4740 862 4792 A.
882 4738 913 4791 P.
932 4738 982 4790 Pu.
1003 4739 1038 4806 55)
1057 4735 1133 4789 illius
1152 4752 1232 4787 causa
1250 4736 1281 4788 B.
1292 4735 1326 4789 A.
1335 4737 1369 4790 P.
1388 4767 1423 4780 -
1442 4753 1521 4789 causa
1541 4735 1615 4790 illius
1633 4738 1663 4790 P.
1686 4739 1723 4811 55)
1743 4735 1860 4809 llypbeu

500 4833 532 4885 P.
551 4831 602 4884 Pu.
620 4859 656 4872 -
673 4823 767 4900 ypisen
785 4828 819 4881 B.
839 4847 857 4878 e
873 4845 915 4895 pr.
935 4843 969 4876 m.
988 4854 1024 4866 -
1041 4821 1129 4894 yplsin
1147 4823 1184 4877 A.
1203 4823 1236 4876 B.
1257 4841 1289 4874 ex
1307 4841 1357 4874 em.
1376 4841 1419 4893 pr.
1438 4843 1473 4878 m.
1494 4825 1531 4897 57)
1550 4822 1632 4880 verbs
1649 4825 1683 4879 B.
1702 4825 1739 4879 A.
1759 4825 1810 4878 Pu.
1825 4845 1860 4876 =

500 4919 531 4972 P.
559 4919 596 4986 55)
620 4915 710 4986 iungit
733 4914 766 4967 Β.
785 4945 820 4954 -
839 4911 982 4982 subiungit
999 4911 1035 4964 A.
1054 4912 1085 4963 Ρ.
1106 4913 1154 4964 Pu.
1180 4911 1216 4980 ⁸⁹)
1235 4907 1426 4982 praecedentis
1445 4911 1481 4968 A.
1499 4913 1531 4964 P.
1550 4913 1655 4965 Pss'-
1673 4910 1859 4982 praecidentis

501 5005 605 5078 (sie)B.
625 5004 661 5074 ⁸⁰)
677 4998 754 5059 verbi
766 5001 818 5052 line
836 5001 869 5054 Β.
889 5030 925 5040 -
939 4998 992 5050 fine
1010 4995 1086 5051 verbi
1105 4998 1141 5052 A.
1161 4995 1192 5051 P.
1212 4999 1262 5051 Pu.
1282 4999 1319 5068 ⁶¹)
1330 4995 1507 5066 interea„looi
1516 4997 1549 5054 B.
1566 5000 1618 5052 Pu.
1633 5029 1669 5040 —
1685 4998 1793 5053 interes
1805 4995 1859 5052 loci

501 5094 539 5146 A.
558 5122 593 5134 -
611 5088 772 5144 iutereslooi
791 5089 823 5143 P.
843 5089 879 5155 ⁶¹)
899 5085 1019 5155 exegerit
1037 5087 1068 5139 P.
1087 5087 1137 5137 Pu.
1155 5114 1192 5126 —
1210 5085 1325 5156 exigerit
1341 5085 1373 5140 B.
1392 5085 1429 5142 A.

451 5183 481 5252 ιι)
505 5180 582 5249 Virg.
601 5179 669 5234 Aen.
689 5176 725 5232 ll.
745 5179 789 5236 55.
809 5177 838 5244 b)
864 5174 940 5245 Virg.
959 5171 1092 5228 Aen.v1.
1111 5175 1173 5230 670.
1193 5187 1215 5223 s.
