4036 6068
582 533 1140 596 cuonransurnon.
1528 536 1596 611 m

129 705 190 752 nna
202 677 249 769 ⁶7)
270 684 345 750 alvo
365 683 569 771 qualitatem
600 685 749 751 activam
772 687 1008 766 declinamur,
1036 685 1242 774 deponentia
1271 685 1408 772 generis
1431 681 1485 748 vel
1508 699 1593 770 quaa

130 787 232 852 litatis
255 805 330 851 atae
352 788 632 874 pronuntiantur.

211 892 287 956 752.
316 889 374 952 De
403 909 560 974 genere
583 891 673 954 sive
695 891 906 976 qualitate
929 891 1141 956 communi
1162 883 1217 975 ⁰⁸).
1242 889 1389 954 Generis
1412 890 1484 953 sive
1507 909 1595 976 qua-

130 991 233 1056 litatis
262 991 458 1054 communis
486 1004 567 1056 sunt
595 989 717 1070 verba,
755 1013 844 1078 quae
872 993 1061 1058 indicativo
1094 993 1166 1056 aive
1199 992 1460 1080 pronuntiative
1487 991 1594 1055 modo

131 1093 295 1178 temporis
316 1093 508 1179 praeeunde
526 1093 599 1158 aive
615 1095 775 1159 instantia
790 1113 835 1158 ex
847 1096 965 1180 prima
982 1113 1133 1182 persona
1153 1093 1290 1158 numeri
1313 1091 1520 1177 singularis*
1539 1092 1592 1155 ·1t·
1604 1089 1703 1200 ¹‘goiff-

131 1194 241 1260 littera
264 1196 509 1272 terminentur,
529 1215 597 1260 nec
617 1199 655 1261 in
670 1198 788 1282 aliquo
811 1198 917 1260 modo
932 1197 976 1261 ad
997 1217 1107 1282 genus
1129 1197 1201 1260 sive
1220 1197 1420 1282 qualitatem
1444 1194 1593 1258 activam
1661 1181 1690 1196 ''

132 1295 365 1374 declinantur,
392 1309 431 1360 ut
452 1309 551 1384 putat
580 1299 793 1364 criminor
813 1319 886 1364 uon
910 1299 1111 1375 crimino;
1141 1311 1269 1363 tueor
1290 1316 1362 1360 non
1386 1307 1503 1371 tueo;
1525 1315 1596 1380 pa·

131 1399 216 1463 tior
234 1418 308 1462 non
329 1399 470 1485 patina
491 1394 745 1484 ulciacorffl)
766 1419 839 1465 nou
861 1400 1027 1466 ulciaco
1050 1404 1112 1485 ⁷⁰);
1141 1401 1286 1487 potior
1307 1416 1379 1462 non
1402 1397 1526 1484 potio
1542 1399 1595 1480 7’).

133 1499 190 1564 Sic
214 1513 250 1564 et
278 1501 346 1566 alia
379 1499 503 1578 verba,
540 1521 629 1587 quaa
662 1502 851 1568 indicativo
885 1503 958 1566 sive
994 1503 1255 1587 pronuntiativo
1293 1499 1398 1564 modo
1431 1499 1598 1586 temporit

131 1603 318 1688 praesentis
349 1603 422 1666 aive
450 1603 609 1668 instantia
638 1625 685 1668 ex
711 1605 824 1692 prima
853 1625 1003 1689 persona
1029 1605 1167 1668 numeri
1195 1603 1378 1688 singularis
1407 1601 1460 1666 Β·
1483 1601 1599 1664 littera

133 1704 375 1782 terminantur,
406 1724 471 1768 nac
498 1705 537 1769 in
565 1705 685 1791 aliquo
715 1708 820 1772 modo
843 1707 886 1770 ad
909 1727 1018 1790 genus
1041 1707 1113 1770 sive
1141 1707 1343 1794 qualitatem
1366 1703 1514 1769 activam
1537 1703 1598 1766 de-

132 1805 319 1883 clinantur,
342 1807 538 1872 communis
560 1809 698 1892 generis
719 1808 775 1873 vel
799 1809 972 1893 qualitatis
997 1827 1071 1872 ease
1093 1807 1374 1894 pronuntiantur.

211 1911 286 1975 753.
310 1907 401 1973 Sane
424 1909 612 1995 quaeritur,
636 1929 705 1994 qua
726 1908 911 1997 disciplina
933 1911 1112 1996 deponens
1133 1908 1278 1973 verbum
1297 1927 1316 1971 a
1334 1909 1511 1972 communi
1527 1908 1599 1973 dis·

132 2022 289 2075 cenatur
320 2012 385 2093 ⁷¹);
428 2029 535 2096 quare
562 2012 631 2078 hoo
658 2031 857 2089 monemus,
889 2013 986 2097 quod
1013 2014 1080 2076 hoc
1109 2011 1145 2074 iu
1168 2012 1262 2078 aonia
1289 2005 1332 2093 ⁷³)
1359 2021 1599 2096 competenter

132 2123 275 2176 tractare
297 2110 495 2178 debeamus.

212 2216 286 2279 tet.
309 2214 370 2277 Ile
392 2231 550 2298 genere
571 2214 661 2280 aive
684 2215 894 2302 qualitate
918 2213 1165 2280 inchoativa
1181 2207 1234 2298 ⁷⁴).
1259 2213 1407 2280 Generis
1422 2213 1494 2278 aive
1510 2221 1636 2300 qua-v.
1652 2221 1704 2271 aa

131 2313 231 2380 litatis
253 2315 471 2381 inchoativae
500 2329 580 2381 aunt
600 2316 724 2394 verba,
755 2337 844 2402 quae
867 2337 887 2380 a
909 2319 1051 2404 propria
1072 2317 1171 2382 verbi
1196 2312 1239 2400 ⁷⁵)
1261 2317 1513 2402 significatione
1535 2315 1598 2380 de·

133 2417 283 2482 tivantur
295 2411 351 2502 ⁷⁶),
374 2429 408 2483 et
429 2419 618 2485 indicativo
641 2419 713 2483 aive
733 2404 996 2505 pronuntiativo
1014 2419 1120 2482 modo
1136 2420 1303 2504 temporis
1319 2420 1509 2505 praesentis
1525 2421 1598 2482 aive

133 2517 285 2584 instantia
315 2541 362 2585 ex
389 2521 503 2607 prima
533 2541 682 2607 persona
713 2522 851 2585 numeri
874 2520 1058 2606 singularis
1081 2518 1197 2584 ·SCO·
1227 2520 1351 2583 litteris
1374 2519 1598 2598 deliniuntur,

132 2631 287 2708 utputa:
311 2619 360 2686 ab
383 2623 556 2698 horreo,
579 2624 806 2699 horresco;
829 2645 849 2686 a
870 2622 1008 2700 valeo,
1031 2622 1226 2697 valesoo;
1254 2643 1274 2684 a
1297 2622 1500 2698 misereo,
1525 2624 1600 2686 mi·

132 2741 308 2788 aeresco.
336 2721 396 2788 Sic
418 2737 453 2788 et
474 2724 543 2788 alia
563 2722 688 2802 verba,
720 2744 808 2810 quae
831 2745 851 2788 a
876 2726 920 2809 ⁷⁷)
942 2725 1086 2811 propria
1108 2721 1206 2790 rerbi
1229 2724 1482 2808 significatione
1505 2724 1600 2789 deri-

133 2837 260 2900 vantur,
282 2837 318 2890 et
339 2825 528 2891 indicativo
547 2827 619 2890 sive
635 2827 897 2912 pronuntiativo
921 2827 1043 2904 modo,
1067 2828 1235 2912 temporis
1250 2828 1442 2912 praesentia
1465 2826 1538 2892 sive
1553 2823 1597 2910 5¹)

132 2925 283 2992 nauum
312 2947 358 2991 ex
383 2930 498 3015 prima
524 2948 674 3015 persona
703 2931 840 2993 numeri
863 2929 1048 3014 singularia
1073 2932 1118 3010 ⁷⁹)
1141 2927 1258 2993 ·SCO·
1280 2928 1403 2992 litteris
1426 2928 1597 2991 deliniun-

132 3039 198 3108 tur,
219 3030 411 3095 inchoativi
424 3025 467 3114 ⁸⁰)
490 3032 628 3116 generis
649 3031 705 3095 vel
720 3026 764 3114 81)
785 3032 961 3117 qualitatis
982 3027 1089 3094 verba
1106 3027 1150 3112 ⁸¹)
1173 3051 1248 3094 esse
1269 3030 1551 3116 pronuntiantur.

207 3136 281 3198 tea.
302 3135 350 3198 At
370 3151 454 3197 vero
469 3152 709 3219 quaecumque
725 3132 831 3198 verba
846 3133 1036 3197 indicativo
1052 3125 1096 3215 ⁸³)
1119 3133 1192 3196 aive
1207 3132 1469 3218 pronuntiativo
1488 3131 1594 3197 modo

132 3234 289 3320 temporit
316 3235 507 3321 praeacutis
537 3235 610 3298 sive
638 3235 797 3300 instantis
828 3255 875 3299 ex
905 3236 1020 3320 prima
1053 3255 1205 3322 persona
1239 3233 1377 3298 numeri
1408 3234 1594 3319 singularia

129 3333 237 3400 ΜΟ·
254 3335 379 3402 litteris
397 3335 619 3414 definiuntur,
642 3350 676 3400 et
698 3359 718 3402 a
739 3339 884 3426 propria
905 3336 1003 3402 verbi
1018 3337 1271 3422 significatione
1289 3327 1332 3418 ⁸⁵)
1355 3335 1505 3400 derivari
1521 3357 1594 3400 non

130 3439 360 3524 reperiuntur,
388 3441 474 3504 haec
495 3459 567 3504 non
596 3441 734 3525 generis
756 3441 829 3505 sive
852 3439 1028 3526 qualitatis
1051 3439 1286 3514 inchoativae,
1316 3437 1377 3502 aed
1399 3439 1453 3502 ani
1476 3439 1592 3502 cuius-

129 3557 193 3622 qne
217 3541 355 3625 generis
382 3541 437 3605 vel
469 3541 643 3628 qualitatis
672 3555 752 3606 aunt
781 3541 1056 3630 pronuntianda,
1093 3554 1134 3604 ut
1163 3552 1263 3626 puta:
1298 3539 1503 3604 aboleaco
1528 3531 1588 3624 ¹⁸⁵),

129 3657 290 3718 cresco,
320 3643 456 3720 diaco,
487 3663 636 3722 nosco,
668 3665 775 3710 caco.
806 3644 865 3710 Sic
888 3657 923 3708 et
944 3644 1012 3709 alia
1033 3641 1155 3719 verba,
1188 3661 1278 3727 quae
1301 3637 1491 3706 indicativo
1514 3643 1588 3707 aive

127 3745 379 3824 pronuntiative
407 3745 513 3811 modo
543 3747 711 3832 temporis
738 3749 929 3834 praesentia
952 3748 1024 3812 sive
1046 3746 1205 3810 instantia
1234 3764 1279 3806 ex
1301 3745 1415 3829 prima
1436 3765 1587 3830 persona

125 3847 254 3910 meri
275 3847 460 3931 singularis
476 3841 520 3931 ⁸⁶)
543 3847 658 3914 ·SCO·
675 3849 800 3914 litteris
817 3849 1039 3928 deliniuntur,
1056 3861 1090 3911 et
1112 3846 1154 3912 ab
1178 3847 1254 3911 aliia
1275 3845 1391 3910 verbis
1413 3847 1584 3932 originem

126 3949 253 4012 naum
274 3968 346 4012 non
368 3951 606 4036 reperiuntur,
629 3953 715 4016 haec
736 3971 809 4016 non
831 3943 1105 4036 inchoativa'⁸⁷),
1129 3949 1190 4014 ted
1212 3948 1266 4013 sui
1289 3949 1456 4035 cuiusque
1479 3969 1584 4035 gene-

123 4049 168 4111 tia
189 4049 243 4114 rei
256 4045 300 4134 ⁸')
323 4051 497 4138 qualitatis
519 4055 800 4140 pronuntiantur.

158 4239 197 4308 θ)
220 4235 255 4290 ad
272 4257 358 4310 ganne
372 4239 405 4293 Β.
425 4241 461 4296 V.
480 4239 569 4294 -ad
587 4259 673 4312 genua
692 4259 772 4294 suurn
789 4243 825 4297 A.
853 4243 889 4312 ⁸⁸)
907 4243 951 4295 De
970 4279 978 4293 .
997 4279 1006 4296 .
1025 4277 1033 4294 .
1053 4278 1062 4295 .
1081 4237 1219 4293 communi
1235 4239 1269 4293 Β.
1281 4239 1316 4293 V.
1336 4239 1461 4293 P.=A.
1487 4242 1525 4314 ⁶⁹)
1540 4241 1582 4294 ul·

220 4327 308 4380 dacor
327 4329 364 4382 V.
383 4327 420 4382 A.
438 4359 474 4370 -
491 4325 597 4382 uleicor
614 4329 647 4384 B.
676 4331 715 4398 θ’)
735 4329 907 4402 patior...
927 4366 934 4382 .
954 4325 1060 4384 ulciaco
1079 4329 1111 4384 B.
1130 4357 1167 4370 -
1192 4325 1338 4385 ulciscor.
1358 4365 1366 4380 .
1386 4365 1419 4380 ..
1446 4331 1522 4400 patio
1543 4332 1580 4384 V.

218 4417 255 4470 A.
281 4417 319 4486 ⁷¹)
346 4417 440 4488 potior
464 4434 520 4469 uon
547 4415 625 4490 potio
643 4417 676 4472 B.
696 4417 733 4472 A.
750 4440 788 4468 =
806 4417 842 4474 V.
868 4420 905 4487 ⁷¹)
924 4414 1098 4470 discernatur
1114 4417 1146 4470 Β.
1167 4416 1203 4471 V.
1223 4416 1254 4469 P.
1275 4447 1308 4457 -
1337 4411 1523 4470 descendatur
1540 4420 1577 4472 A.

218 4507 257 4573 ¹⁵)
275 4501 330 4556 hcc
347 4503 377 4556 in
395 4505 471 4558 aonia
491 4507 528 4562 V.
547 4539 583 4552 -
600 4505 630 4558 iu
648 4507 725 4559 aonia
743 4503 798 4559 lroe
815 4507 851 4559 A.
871 4505 953 4557 -iu
971 4505 1048 4558 aonia
1067 4501 1193 4576 (=hoc)
1212 4503 1244 4556 Β.
1270 4503 1306 4570 ⁷⁴)
1325 4501 1369 4555 Da
1463 4501 1576 4558 inchoa-

218 4591 270 4643 tin
288 4591 320 4646 B.
341 4593 378 4647 V.
396 4594 428 4645 P.
445 4616 484 4644 =
499 4593 537 4649 A.
556 4594 595 4665 ²⁵)
613 4591 690 4646 verbi
709 4595 746 4650 V.
765 4594 800 4647 A.
819 4625 855 4635 -
873 4589 964 4648 verbio
982 4593 1016 4648 B.
1045 4593 1081 4666 ⁷⁸)
1101 4589 1260 4645 derivantur
1277 4591 1314 4646 V.
1333 4589 1370 4644 A.
1389 4620 1427 4633 -
1444 4589 1573 4644 defician-

216 4685 259 4732 lu
274 4681 306 4732 B.
324 4683 422 4734 mendo
438 4687 548 4754 punetr'a
566 4683 698 4736 vocabulo
716 4688 848 4756 iercaitia
865 4683 996 4736 indicato.
1015 4671 1052 4751 ⁷⁷)
1071 4699 1086 4732 a
1103 4681 1136 4732 Β.
1156 4679 1192 4734 V.
1206 4701 1244 4728 =
1256 4676 1293 4730 A.
1313 4678 1349 4747 7⁸)
1367 4676 1425 4730 aive
1444 4678 1480 4733 V.
1494 4677 1573 4730 A.-

215 4783 262 4818 ιιε
283 4769 316 4821 Β.
340 4771 379 4840 ²⁰)
405 4770 511 4822 numeri
528 4767 673 4841 singularia
691 4772 724 4824 B.
745 4772 781 4827 V.
809 4771 840 4825 P.
858 4793 895 4823 =
912 4771 949 4824 A.
974 4771 1010 4840 ιο)
1029 4764 1178 4822 inchoativi
1195 4766 1228 4818 B.
1249 4763 1285 4818 V.
1304 4793 1339 4805 -
1364 4759 1513 4816 inconnivi
1531 4768 1582 4824 A..

214 4855 253 4925 ⁰¹)
268 4853 312 4908 vti
319 4857 353 4910 Β.
373 4857 409 4912 V.
427 4887 465 4900 -·
480 4858 539 4914 vive
556 4861 594 4915 A.
614 4861 652 4930 ⁰')
670 4857 753 4913 verba
770 4860 804 4912 Β.
824 4860 860 4915 V.
879 4861 910 4912 Ρ.
928 4879 965 4908 =
982 4857 1018 4911 A.
1038 4858 1074 4925 ΙΙ)
1087 4851 1237 4906 indicativo
1252 4850 1289 4905 V.
1302 4849 1338 4903 A.
1356 4877 1395 4892 -··
1411 4847 1568 4907 indecativo

213 4941 246 4995 l
269 4945 307 5016 ⁸⁴)
333 4962 348 4996 a
367 4945 479 5017 propria
495 4944 575 5001 verbi
592 4947 794 5020 aiguilicatieue
810 4966 880 5000 -ι
905 4945 1016 5018 propria
1033 4939 1124 4998 verbio
1142 4941 1175 4994 Β.
1194 4971 1229 4982 -
1247 4956 1262 4990 a
1279 4937 1402 5010 propriis
1419 4937 1512 4993 varbie
1530 4941 1567 4994 A.

211 5055 247 5074 -
260 5028 297 5082 ab
312 5029 375 5084 aliia
400 5031 491 5088 verbio
511 5035 547 5090 V.
575 5036 612 5108 15)
630 5033 760 5091 aboluco
777 5037 811 5090 Β.
832 5035 869 5091 V.
887 5035 924 5088 A.
942 5063 978 5076 -
996 5027 1126 5085 adoleeeo
1144 5028 1228 5082 edidit
1248 5027 1290 5081 ct
1310 5027 1380 5080 Mai.
1405 5027 1441 5096 “t
1461 5030 1567 5083 numeri

210 5115 352 5190 *hit
368 5121 402 5176 Β.
420 5122 457 5177 V.
472 5123 504 5176 P.
520 5151 556 5166 -
572 5125 705 5198 temporie
720 5122 874 5199 pauenti·
894 5122 931 5178 A.
960 5123 999 5192 ⁸²)
1016 5115 1170 5174 inchoativa
1187 5115 1220 5172 Β.
1239 5116 1278 5171 V.
1304 5143 1339 5158 -
1357 5113 1512 5170 incohatis·
1529 5119 1565 5170 A.

211 5205 248 5277 ”)
264 5205 310 5262 vai
325 5209 358 5263 B.
375 5209 458 5266 A.-
474 5209 533 5268 eive
551 5211 589 5270 V·
