4036 6068
288 517 292 524 ⁴
408 550 476 622 810
864 547 1421 604 onosrsssssrrsor.

410 695 493 759 ctis
517 696 655 778 imago
674 685 717 778 44)
739 693 819 777 ·)-
843 691 880 759 si
902 715 985 760 vero
1009 715 1030 760 o
1053 695 1097 760 ael
1112 698 1346 761 accusativum
1366 715 1482 760 casum
1501 692 1707 782 proteratur,
1731 691 1797 756 erit
1820 689 1887 752 ad-

409 796 565 862 verbium
586 795 825 873 exclamantis,
843 807 896 860 ut:
920 817 942 862 c
961 791 1003 879 44)
1025 797 1319 862 conditionem
1339 793 1382 880 44)
1404 799 1618 873 miseram
1641 795 1725 859 item
1749 813 1770 858 o
1793 791 1886 855 bel-

392 897 489 960 ·lum
521 918 778 983 magnopere
800 890 844 982 44)
865 899 1252 984 pertimescendum
1275 892 1328 984 4’).
1364 901 1466 964 Nunc
1486 891 1530 983 ⁴¹)
1561 899 1592 964 si
1624 916 1645 961 o
1674 893 1887 980 simpliciter

405 998 619 1084 proteratur,
644 1001 717 1064 -erit
744 1019 958 1086 pronomen,
986 1001 1043 1065 vel
1071 1000 1236 1066 articulus
1266 1002 1418 1066 vocativi
1441 1021 1556 1075 casus,
1584 1012 1624 1064 ut
1646 1019 1666 1062 o
1691 998 1786 1062 iste.
1810 995 1885 1059 Sed

406 1100 493 1185 quid
510 1094 553 1183 44)
582 1101 717 1166 intersit
739 1103 830 1167 inter
850 1123 1047 1190 pronomen
1070 1115 1104 1168 et
1126 1103 1325 1182 articulum,
1350 1105 1387 1168 in
1417 1103 1626 1191 pronomine
1649 1100 1731 1165 satis
1755 1109 1884 1162 tructa-

406 1222 529 1266 vimus.

492 1305 565 1370 ott.
588 1305 660 1368 Va.
685 1303 722 1368 Si
746 1324 824 1368 curn
848 1307 957 1370 animi
972 1295 1015 1392 44)
1038 1305 1165 1372 ellectu
1186 1309 1401 1393 proteratur,
1431 1311 1499 1373 hoc
1521 1319 1572 1372 est
1589 1295 1649 1390 44),
1680 1325 1746 1392 per
1767 1301 1884 1386 suspi-

407 1405 588 1483 rationem,
605 1407 669 1471 erit
684 1407 891 1486 interiectio,
906 1421 951 1472 ert
963 1422 1155 1494 puta-va
1171 1431 1473 1495 quemquamne
1488 1409 1702 1473 homiuem
1719 1399 1764 1488 44)
1780 1405 1821 1467 in
1837 1392 1884 1483 47)

407 1498 655 1591 animum⁴⁸)
683 1509 924 1573 instituere
949 1503 992 1591 44)
1030 1523 1098 1574 aut
1138 1531 1294 1595 parare
1324 1503 1366 1598 ⁵⁰)
1396 1513 1518 1598 'quod
1556 1513 1610 1575 sit
1646 1509 1788 1574 carius
1814 1499 1884 1585 ⁵¹),

408 1629 531 1694 quam
556 1610 649 1694 ipse
672 1622 734 1674 est
756 1611 840 1674 sibi
857 1605 900 1695 5“)
921 1610 1011 1695 4)-
1027 1611 1070 1690 ¹Si
1084 1633 1167 1676 vero
1189 1634 1237 1678 va
1253 1634 1317 1698 pro
1332 1616 1517 1678 vocatione
1535 1609 1882 1697 aliquaprcieratur,

408 1711 473 1774 erit
496 1710 697 1774 adverbium
722 1713 920 1788 irascentis,
944 1726 983 1776 ut
1003 1727 1103 1798 puta:
1126 1736 1176 1780 va
1194 1716 1417 1780 hominum
1440 1715 1720 1800 nequissime.

494 1812 566 1876 678.
592 1811 651 1876 Sic
673 1826 708 1877 et
727 1827 863 1878 ceterae
892 1814 978 1878 aliae
1002 1817 1260 1881 interiectiones
1283 1815 1326 1879 ab
1350 1815 1427 1880 aliis
1454 1815 1611 1902 partibus
1634 1811 1801 1878 orationis
1823 1809 1883 1871 di-

408 1925 629 1990 scernuntur,
661 1915 728 1977 hoo
756 1927 826 1990 est,
855 1928 892 1979 ut
920 1917 1081 2000 quotiens
1107 1909 1149 2000 44)
1173 1919 1325 1980 animum
1348 1939 1412 2003 per
1435 1919 1702 2004 suspirationem
1717 1905 1760 1998 44)
1783 1931 1883 1976 oum-

407 2016 812 2094 movereinveniuntur,
836 2031 919 2081 tunc
943 2039 1023 2082 suae
1046 2019 1226 2105 potestatis
1250 2041 1323 2083 esse
1346 2020 1592 2105 intellegentur
1609 2010 1663 2100 ⁵⁵).

490 2117 544 2180 De
567 2117 1011 2212 interiectioneuquantum
1036 2123 1125 2184 ratio
1149 2120 1331 2206 poscebat,
1355 2123 1589 2186 tractavimus.

490 2219 563 2286 679.
586 2219 650 2282 DE
674 2219 1060 2286 PRAEPOSl'l'lONE
1078 2216 1133 2304 ⁵⁶).
1158 2223 1374 2308 Praepositio
1399 2237 1449 2288 est
1472 2245 1552 2310 pars
1568 2221 1748 2287 orationis.
1772 2217 1884 2282 Prae-

404 2321 596 2405 positiones
624 2332 704 2383 sunt
733 2341 878 2386 numero
908 2324 1163 2408 quinquaginta
1190 2326 1353 2410 quinque.
1390 2325 1447 2389 Ex
1469 2328 1523 2388 his
1546 2322 1697 2388 tributae
1720 2321 1800 2384 sun't
1821 2337 1884 2381 ao-

296 2421 561 2486 e.ss.v.ousativc
589 2422 684 2484 casui
707 2442 853 2486 numero
878 2415 919 2506 ⁵⁷)
943 2421 1167 2508 triginta'⁵⁸);
1191 2426 1342 2490 ablativo
1371 2427 1588 2512 quindecim
1611 2424 1813 2506 *utrisque,
1846 2418 1884 2481 id

312 2494 380 2542 ⁰⁰¹³·
407 2533 459 2584 est
477 2515 536 2603 ⁵⁹ls
568 2523 765 2587 accusativo
794 2537 830 2589 et
859 2523 1010 2590 ablativo
1039 2545 1185 2592 numero
1210 2521 1255 2612 6⁰)
1279 2542 1459 2614 4144444044
1482 2519 1883 2614 4044444444464444144.

406 2641 503 2686 mero
528 2641 590 2686 sex
610 2622 653 2706 4).

491 2723 564 2788 680.
587 2722 943 2811 Praeposi'ticnes
963 2746 1137 2795 numero
1164 2733 1369 2818 triginta,
1400 2753 1507 2818 quae
1538 2729 1794 2797 accusativo
1818 2744 1885 2788 oa-

407 2825 472 2889 sui
502 2823 695 2890 tributae
727 2840 823 2890 sunt
844 2821 907 2912 ⁰²)=
938 2830 989 2893 ad
1011 2832 1179 2895 domum
1205 2827 1266 2919 44),
1290 2835 1404 2921 apud
1427 2835 1629 2912 amicum,
1654 2844 1755 2897 ante
1778 2841 1885 2894 tern-

452 3137 489 3211 '⁷)
507 3138 681 3208 Astyanactis
699 3139 789 3208 imago
810 3141 845 3195 V.
865 3139 902 3194 A.
922 3171 959 3184 -
974 3142 1140 3198 Aelianactis
1159 3145 1263 3216 ismago
1282 3149 1315 3203 B.
1336 3145 1374 3221 44)
1386 3167 1403 3200 o
1423 3148 1459 3202 V.
1479 3147 1514 3201 A.
1533 3169 1570 3196 =
1586 3146 1620 3202 B.
1640 3143 1677 3214 ⁸⁹)
1692 3137 1886 3194 conditionem

516 3223 877 3284 V·1····⁰⁰¹¹dl⁰l⁰¹²⁸m
895 3230 927 3281 B·
943 3229 993 3302 ,44)
1020 3247 1186 3304 mssnopere
1205 3235 1242 3289 V.
1261 3236 1297 3288 A.
1316 3267 1352 3276 —
1369 3252 1467 3305 magno
1487 3241 1615 3306 oportere
1640 3233 1673 3284 Β.
1696 3230 1733 3300 44)
1751 3225 1885 3298 pertime-

516 3311 650 3366 scendum
678 3315 714 3369 V.
734 3313 771 3368 A.
791 3335 826 3368 es
845 3336 894 3368 em.
913 3337 956 3388 pe.
976 3336 1011 3370 m.
1031 3347 1067 3362 ·-
1084 3320 1330 3390 pertimieoendum
1348 3324 1381 3378 B.
1401 3343 1418 3377 a
1435 3342 1477 3394 pr.
1497 3341 1533 3374 m.
1553 3321 1591 3392 4’)
1611 3334 1685 3370 nune
1707 3317 1741 3370 B.
1766 3345 1803 3354 -
1821 3330 1887 3364 uam

518 3401 545 3456 V
547 3439 554 3451 ·
573 3400 609 3453 A.
629 3401 664 3471 44)
685 3399 752 3472 quid
769 3404 803 3456 Β.
824 3404 860 3459 V.
879 3435 915 3445 -
935 3405 999 3477 quia
1017 3405 1052 3458 A.
1073 3398 1110 3478 44)
1129 3409 1212 3460 animi
1230 3411 1261 3462 B.
1274 3411 1309 3464 V.
1320 3412 1355 3462 A.
1374 3441 1409 3450 -
1429 3409 1533 3460 animae
1551 3409 1583 3461 P.
1604 3407 1639 3475 44)
1659 3401 1714 3455 luco
1733 3411 1777 3453 etl
1793 3401 1827 3454 B·
1846 3398 1886 3452 V·

516 3489 548 3542 P.
566 3517 604 3530 ·-
618 3486 652 3542 iel
670 3497 714 3542 est
731 3490 767 3542 A.
787 3491 823 3559 44)
843 3488 981 3543 hominem
1001 3494 1037 3546 V.
1057 3494 1092 3544 A.
1111 3524 1149 3537 -
1166 3491 1275 3548 homine
1294 3499 1326 3550 Β.
1346 3498 1382 3567 47)
1402 3497 1431 3548 ἰιι
1450 3497 1481 3548 Β.
1502 3496 1539 3550 V.
1558 3495 1589 3546 P.
1606 3493 1689 3544 ΞΑ.
1709 3491 1744 3560 44)
1764 3488 1887 3539 mimum

516 3576 549 3629 Β.
569 3607 605 3620 -
623 3575 713 3628 animo
733 3577 770 3632 V.
790 3577 825 3634 A.
847 3579 881 3649 ⁴⁹)
900 3579 1047 3632 instituere
1065 3582 1099 3636 Β.
1119 3583 1157 3637 V.
1175 3584 1208 3636 P.
1226 3613 1263 3626 -
1282 3585 1451 3637 constituere
1470 3584 1506 3636 A.
1527 3583 1564 3654 4ο)
1583 3595 1678 3652 parare
1695 3579 1728 3632 Β.
1749 3576 1782 3633 V
1779 3613 1787 3629 .
1805 3576 1889 3628 P.-

515 3681 583 3736 pare
601 3661 638 3717 A.
666 3664 702 3735 ⁵¹)
728 3664 817 3716 canus
836 3667 874 3720 V.
893 3667 929 3719 A.
956 3660 1055 3720 clarius
1073 3671 1106 3721 B.
1124 3699 1161 3712 -
1180 3672 1216 3742 4’)
1235 3668 1291 3724 sibi
1308 3674 1341 3725 B.
1361 3674 1397 3727 A.
1416 3694 1452 3722 =
1470 3671 1506 3726 V.
1526 3671 1558 3723 P.
1586 3670 1623 3738 ⁵¹)
1650 3666 1779 3738 quotiens
1798 3663 1829 3714 B.
1847 3689 1890 3702 -

518 3752 627 3824 quoties
646 3751 683 3806 V.
703 3753 739 3806 A.
765 3753 802 3824 44)
827 3771 877 3822 pet·
900 3755 1112 3826 suspirationem
1132 3760 1169 3812 V.
1194 3759 1232 3812 Α.
1257 3789 1295 3803 ·-
1317 3757 1634 3830 percussuspiratr'ouem
1657 3755 1689 3805 B.
1720 3754 1756 3822 44)
1777 3746 1891 3802 intelle·

520 3846 618 3909 gantur
638 3837 673 3892 V.
691 3870 726 3878 -
744 3837 934 3907 intelligantur
951 3843 987 3895 A.
1007 3875 1043 3886 -·
1068 3842 1265 3915 intellegantur
1281 3848 1313 3900 B.
1342 3849 1377 3919 44)
1398 3848 1441 3899 De
1459 3843 1665 3918 praepositione
1684 3840 1718 3893 Β.
1737 3837 1770 3892 V
1767 3873 1775 3888 ·
1793 3837 1831 3888 A·
1850 3863 1891 3876 -

520 3925 626 3996 Incipit
644 3923 679 3976 de
697 3927 904 3996 praepositione
926 3929 954 3980 1².
983 3931 1019 4000 ⁵⁷)
1040 3946 1152 3984 numero
1173 3933 1208 3986 V.
1227 3934 1265 3987 A.
1284 3965 1320 3978 —
1337 3953 1450 3988 uomere
1473 3935 1505 3987 Β.
1534 3935 1569 4002 44)
1590 3929 1701 3999 triginta
1721 3925 1757 3982 V·
1776 3954 1814 3966 -
1832 3931 1892 3973 tre·

520 4015 597 4082 ginta
622 4013 658 4066 A.
685 4041 722 4055 -
744 4013 823 4066 XXX
841 4015 873 4067 B.
902 4017 937 4084 ⁵⁹)
956 4014 987 4066 id
1003 4026 1049 4070 etl
1065 4019 1100 4072 B.
1121 4019 1157 4074 V.
1176 4021 1208 4072 P.
1226 4009 1318 4076 ΞΛ.
1346 4023 1382 4092 ⁶⁰)
1409 4039 1521 4074 numero
1549 4019 1642 4076 ΚΑ.
1666 4045 1703 4056 -
1720 4028 1834 4065 nonem
1855 4011 1892 4062 B·

523 4103 561 4171 41)
588 4098 749 4172 loquillases
766 4102 801 4155 Β.
819 4133 855 4143 -
879 4099 1010 4175 loquellis
1029 4105 1065 4160 V.
1088 4136 1120 4148 -
1137 4093 1256 4178 loquelis
1275 4111 1311 4163 A.
1340 4111 1378 4182 4’)
1402 4106 1627 4179 praepositiones
1646 4139 1653 4156 .
1673 4138 1681 4154 .
1700 4135 1736 4154 ..
1766 4095 1895 4152 tributae

523 4195 589 4242 sunt
606 4189 637 4240 Β.
656 4187 694 4243 V.
713 4189 745 4243 P.
765 4211 800 4236 =
817 4190 853 4242 A.
874 4190 909 4258 ⁶³)
929 4187 965 4241 ad
985 4187 1096 4244 domum
1115 4194 1151 4250 V.
1169 4195 1207 4248 A.
1227 4225 1260 4238 -
1280 4192 1315 4246 ad
1333 4195 1451 4248 ιωίοιιυι
1467 4197 1500 4249 Β.

469 4319 500 4389 ι)
526 4314 678 4383 vngues.
697 4313 748 4366 lli.
767 4319 829 4374 489.
853 4315 880 4384 l)
900 4315 1012 4370 Terent.
1030 4316 1149 4390 Adelph.
1168 4319 1190 4371 l.
1212 4325 1236 4378 1.
1264 4321 1290 4388 ε)
1310 4323 1491 4393 Loquillares.
1512 4319 1570 4374 cte.
1590 4313 1715 4370 Lindum.
1734 4307 1773 4362 ad
1792 4311 1897 4380 Pomp.

525 4408 587 4462 393.
611 4407 674 4460 409.
701 4401 777 4454 Inter
802 4405 932 4474 loquillas
957 4413 985 4456 et
1010 4409 1135 4477 loquelas
1162 4405 1310 4478 distinguit
1334 4407 1471 4479 Vergilius
1498 4405 1688 4479 grammaticus
1712 4395 1838 4450 ineditus
1865 4397 1899 4447 in

526 4486 741 4542 membranarum
760 4487 1005 4558 salisburgensium
1019 4491 1173 4548 *lacinioliss
1193 4501 1291 4558 ·„male
1309 4500 1422 4568 quidum
1441 4510 1467 4550 et
1485 4493 1657 4566 lequillas
1682 4495 1711 4542 isa
1738 4489 1902 4538 elocutione

524 4579 649 4650 intellegi
668 4579 780 4638 volunt,
799 4595 859 4629 essm
876 4581 1059 4650 inquiline
1076 4584 1243 4636 destinatius
1261 4599 1325 4636 sant
1343 4591 1424 4656 qussi
1442 4584 1576 4636 vocabule
1593 4579 1747 4650 sitnplieia,
1774 4575 1902 4643 loque·

527 4671 584 4721 lae
601 4677 694 4718 antem
711 4683 761 4734 per
780 4665 822 4716 Ἐ·
841 4677 867 4717 et
885 4685 935 4734 per
952 4686 1035 4720 senam
1054 4671 1095 4721 ·L·
1113 4673 1249 4724 ses-ilatio·
1266 4675 1444 4734 vocabulum,
1470 4689 1543 4743 quse
1561 4670 1598 4721 ad
1615 4667 1812 4738 perfectionem
1822 4679 1904 4730 ·per-

528 4765 619 4809 teneat
638 4755 763 4824 eloqui.'‘
782 4752 812 4820 d)
832 4751 913 4803 Hunc
930 4751 1023 4806 locum
1037 4755 1133 4809 innuit
1149 4759 1299 4830 Pompeius
1317 4764 1371 4818 409
1389 4759 1421 4812 1..
1442 4757 1583 4830 iuquiens:
1612 4752 1750 4816 „Habetis
1769 4767 1817 4800 ess
1843 4750 1903 4816 (sc.

527 4839 762 4919 praepositiones)
789 4843 818 4892 irs
840 4840 954 4894 Probo
979 4843 1046 4895 lene
1070 4859 1261 4914 enumeratasp
1287 4853 1400 4918 triginta
1429 4847 1512 4898 lates
1538 4844 1721 4898 causativas,
1739 4837 1907 4908 quindecim

528 4931 611 4982 lactes
629 4928 780 4989 ablativae,
807 4939 834 4980 et
856 4941 988 5000 quattuor
1013 4931 1097 4984 itales
1115 4951 1285 4996 communes,
1309 4948 1335 4988 et
1352 4947 1454 5006 septem
1479 4934 1562 4986 lssler
1580 4929 1765 5000 loquelares.·‘
1785 4921 1907 4990 largeu-

530 5014 594 5068 dum
615 5030 742 5067 essessa
760 5016 931 5085 loquelares,
952 5035 984 5066 ex
1002 5015 1055 5071 alic
1076 5019 1200 5091 Pompeii
1218 5018 1281 5073 loco
1297 5027 1358 5081 393·
1377 5023 1407 5074 l«.
1420 5022 1487 5074 satis
1507 5026 1634 5091 apparet:
1652 5016 1706 5078 „Si
1723 5026 1817 5064 autem
1835 5023 1911 5061 tasa-
2005 5031 2006 5034 ¹

529 5115 587 5156 tum
605 5105 683 5172 iungi
707 5105 792 5171 possit
819 5105 869 5166 (sc.
889 5105 1069 5174 praepositio)
1097 5127 1146 5162 eree
1163 5113 1249 5180 possit
1264 5105 1420 5184 segregari,
1445 5112 1596 5182 loquelaris
1613 5117 1668 5166 est,
1695 5112 1726 5155 tet
1748 5111 1815 5152 eunt
1831 5100 1913 5150 illae

524 5207 592 5248 ses,
611 5203 676 5248 eon,
696 5188 740 5250 di,
759 5189 815 5249 elis,
833 5207 879 5250 re,
897 5208 943 5251 ss,
963 5203 1039 5245 am.“
1404 5185 1411 5196 ⁶
1583 5184 1588 5193 ’
