4032 6070
411 529 482 598 m
880 525 1048 582 ononi
1087 525 1185 584 sua
1226 525 1417 582 utnon.

501 675 572 740 152.
601 671 704 738 Nunc
733 673 818 736 baeo
848 671 969 736 eadem
992 675 1136 738 uomina
1159 677 1296 760 generis
1320 675 1449 753 omnis,
1473 695 1563 760 qnae
1584 671 1737 740 diximus
1761 675 1798 739 ln
1820 695 1886 762 po·
2001 749 2002 754 ἵ

412 773 515 838 sitivo
544 775 655 859 gradu
682 775 899 839 nominativo
929 795 1011 840 oasn
1039 779 1176 842 numeri
1207 779 1392 864 singularis
1420 777 1501 842 ·1Js·
1529 777 1651 840 litteris
1674 778 1830 856 deliniri,
1855 780 1883 844 ai
2001 775 2002 780 ’

412 875 642 962 superlativus
668 877 796 961 gradus
824 897 870 940 ex
901 899 937 942 se
967 878 1079 944 faeere
1106 894 1269 967 possunt,
1301 883 1387 946 haee
1415 901 1461 944 cx
1488 879 1606 946 dativo
1634 901 1716 944 casu
1744 881 1884 944 numeri
2001 899 2002 916 ¹

412 979 596 1062 singularis
619 979 656 1042 ·1·
679 977 841 1042 ultimum
864 981 1030 1046 omittunt
1052 995 1085 1048 et
1113 985 1149 1048 iu
1172 985 1295 1049 eodem
1318 985 1436 1048 dativo
1464 1003 1545 1048 casu
1568 983 1705 1046 numeri
1727 983 1883 1067 singula-

302 1058 402 1164 ‘12:11'
413 1081 460 1146 ris
482 1079 707 1146 ⁴·1trn1us·²
724 1083 739 1162 )
756 1079 902 1162 syllabas
914 1083 1092 1170 accipiunt
1106 1099 1140 1151 et
1151 1087 1403 1174 superlativum
1422 1087 1568 1171 gradum
1585 1085 1723 1170 generis
1746 1105 1883 1149 maseu-

411 1182 475 1248 lini
498 1184 703 1260 ostendunt‚
726 1195 886 1269 utputas
909 1187 979 1251 hic
1002 1189 1159 1252 ethaeo
1182 1202 1216 1254 et
1239 1191 1481 1264 hocvetna‚
1512 1189 1610 1252 huic
1633 1188 1789 1263 veteri,
1815 1187 1882 1250 bic

411 1286 671 1349 veterrimus
695 1287 807 1350 iacere
829 1285 963 1354 debeat.
1004 1289 1090 1354 Item
1113 1292 1199 1356 haeo
1221 1292 1342 1356 eadem
1365 1291 1555 1378 supradicti
1578 1291 1715 1376 generis
1737 1289 1882 1353 nomina

411 1407 457 1452 ex
479 1387 679 1476 supradicto
702 1409 784 1453 casn
807 1390 1041 1474 supradictam
1063 1392 1213 1458 litteram
1232 1395 1398 1460 omittunt
1421 1407 1454 1458 et
1477 1395 1513 1458 iu
1536 1394 1658 1458 eodem
1682 1393 1884 1479 supradicto

304 1507 332 1554 v.
353 1504 493 1554 tuscaau
516 1490 657 1554 tuma·
680 1490 827 1572 syllabas
851 1493 1028 1579 accipiunt
1059 1507 1093 1558 et
1115 1497 1363 1582 superlativum
1387 1497 1532 1582 gradum
1563 1497 1701 1582 generis
1725 1495 1884 1567 feminini

411 1591 615 1670 ostendunt,
650 1606 689 1656 nt
713 1607 817 1679 puta:
847 1595 913 1658 hie
943 1607 977 1658 et
1005 1599 1108 1662 baec
1137 1611 1170 1661 et
1198 1601 1274 1662 boc
1295 1612 1435 1676 vetus,
1467 1602 1568 1664 hnic
1590 1599 1743 1674 veteri,
1774 1599 1883 1659 haec

411 1695 642 1760 veterrima
666 1695 777 1758 iacere
801 1695 940 1772 debean
965 1711 998 1761 at
1022 1719 1104 1762 vero
1128 1701 1212 1764 haec
1234 1703 1355 1766 cadem
1380 1701 1570 1788 supradicti
1584 1701 1721 1785 generis
1738 1699 1883 1762 nomina

412 1817 457 1860 ex
479 1797 678 1882 supradicto
703 1818 784 1860 casu
806 1799 1038 1884 supradictam
1062 1801 1211 1866 litteram
1236 1806 1402 1868 omittunt
1424 1818 1459 1868 et
1479 1808 1521 1887 ²¹)
1554 1807 1591 1868 in
1613 1803 1735 1867 eodem
1760 1819 1883 1886 snpra-

411 1898 506 1962 dicto
530 1919 612 1963 casu
635 1899 820 1963 ·RlMUM·
837 1901 880 1982 ¹²)
903 1901 1051 1982 syllabas
1068 1905 1250 1992 accipiunt
1273 1920 1307 1970 et
1329 1907 1577 1992 superlativum
1607 1905 1752 1990 gradum
1776 1922 1884 1987 gene-

412 2001 459 2064 ris
481 2003 596 2064 neutri
616 2002 815 2076 ostendunt,
839 2015 876 2066 ut
898 2017 1000 2088 puta:
1026 2007 1096 2070 hic
1119 2021 1153 2070 et
1175 2005 1277 2072 haec
1300 2021 1334 2074 ct
1357 2013 1433 2074 hoc
1455 2022 1591 2085 vetus,
1616 2007 1714 2071 huic
1736 2004 1883 2077 veteri.

411 2105 491 2168 hoc
514 2105 792 2168 veterrimum
815 2103 929 2168 iacere
951 2107 1075 2172 debeat
1092 2103 1144 2192 ²³).

500 2209 571 2272 15³.
599 2207 702 2270 Nune
732 2207 925 2290 quaeritur.
957 2229 1025 2293 qua
1048 2210 1090 2274 de
1114 2231 1217 2276 causa
1238 2227 1362 2278 vetus
1391 2216 1427 2279 iu
1450 2233 1577 2299 genere
1598 2223 1724 2274 neutro
1745 2209 1883 2272 numeri

411 2307 554 2392 pluralis
582 2320 725 2382 vetera
754 2322 788 2372 et
817 2329 888 2372 non
917 2313 1082 2376 veteria
1114 2314 1232 2392 iaciat;
1262 2318 1327 2380 hac
1349 2309 1391 2400 ἥ)
1421 2317 1463 2381 de
1493 2334 1613 2391 causa,
1649 2315 1816 2398 quoniam
1840 2306 1884 2392 15)

412 2429 651 2494 spuaecumque
675 2409 844 2474 vocabula
866 2425 988 2476 neutra
1010 2415 1226 2480 nominativo
1250 2439 1331 2482 casu
1354 2420 1490 2483 numeri
1513 2416 1697 2501 singularis
1720 2413 1802 2478 ·U8·
1826 2413 1885 2476 lit-

412 2511 493 2574 teris
516 2511 737 2586 definiuntur,
761 2513 846 2576 haec
867 2515 1086 2583 nominativo
1109 2539 1191 2582 casu
1207 2511 1250 2602 ¹⁶)
1272 2523 1409 2586 numeri
1424 2519 1568 2608 pluralis
1593 2519 1643 2582 ·A·
1665 2517 1781 2581 littera
1803 2527 1884 2602 post

411 2624 660 2676 consonantem
684 2613 950 2681 concluduntur.

502 2716 571 2777 tet.
601 2711 691 2778 Saue
722 2716 823 2778 etiam
853 2701 921 2780 hbe
939 2720 981 2799 ²⁷)
1010 2741 1191 2788 monemus
1215 2726 1251 2788 iu
1274 2726 1339 2790 hac
1363 2727 1473 2791 forma
1495 2723 1631 2810 generis
1653 2722 1788 2796 omnia,
1812 2739 1883 2804 qua

412 2816 565 2880 diximus
589 2816 625 2878 in
643 2811 686 2900 Ἰ)
708 2818 860 2902 positivo
884 2821 1004 2904 gradu,
1028 2825 1244 2892 nominativo
1269 2849 1351 2894 casu
1372 2829 1507 2892 numeri
1533 2823 1717 2910 singularia
1738 2823 1885 2886 nomina

414 2916 495 2980 ·US·
518 2915 643 2980 litteris
666 2909 817 2999 debuiri‚
842 2922 937 3005 quod
960 2943 1006 2986 ex
1029 2945 1067 2988 ea
1083 2926 1193 2992 forma
1215 2931 1293 3015 plus
1317 2953 1420 3016 quam
1444 2931 1495 2994 Ill
1519 2930 1607 3004 soni,
1630 2929 1698 2990 boc
1712 2937 1883 3009 estquam

412 3019 478 3084 tria
500 3019 643 3084 uomina
665 3041 738 3084 non
760 3037 906 3107 possunt
928 3026 1087 3091 exhiberi
1107 3032 1160 3111 ¹⁹).

500 3125 569 3186 155.
601 3122 688 3186 ltem
717 3125 752 3188 in
782 3127 847 3188 bac
871 3125 997 3204 forma,
1030 3150 1099 3214 qua
1122 3132 1274 3197 diximus
1297 3135 1434 3219 generis
1457 3133 1571 3197 omnis
1593 3131 1735 3195 uomina
1757 3129 1795 3194 in
1818 3148 1885 3215 po-

412 3223 516 3288 sitivo
535 3223 648 3308 gradu
670 3228 886 3290 nominativo
903 3248 984 3292 casn
1001 3234 1138 3297 numeri
1154 3235 1337 3318 singularis
1362 3235 1443 3300 ·U8·
1466 3235 1590 3299 litteris
1605 3233 1751 3309 definiri,
1777 3251 1887 3317 quae-

402 3325 519 3400 ritur.
550 3345 620 3410 qua
647 3327 692 3391 de
723 3349 825 3392 causa
853 3343 978 3395 vetus
1006 3337 1120 3399 omnis
1147 3339 1284 3421 generis
1316 3359 1389 3402 esse
1418 3339 1568 3413 dicatur3
1599 3339 1662 3400 bac
1693 3335 1736 3398 de
1763 3353 1888 3402 causa.

413 3429 578 3512 qnoniam
597 3449 844 3514 zquaecnmque
867 3433 1037 3498 vocabula
1058 3439 1249 3510 masculina
1263 3443 1478 3505 nominativo
1503 3460 1585 3505 casu
1607 3437 1743 3501 nunteri
1766 3436 1889 3518 singn-

414 3531 495 3594 laris
523 3529 603 3594 ·US·
634 3531 758 3596 litteris
790 3533 1001 3601 deliniuntur
1028 3551 1062 3602 et
1088 3540 1239 3606 ablativo
1270 3563 1350 3606 casu
1380 3544 1517 3606 numeri
1552 3539 1737 3625 singularis
1772 3537 1825 3599 ·F.·
1845 3530 1891 3615 ³⁰)

414 3631 470 3696 vel
498 3631 535 3696 Ἰ·
565 3633 679 3698 littera
708 3635 953 3715 terminantur,
976 3641 1079 3719 haec,
1104 3644 1133 3706 si
1154 3635 1195 3726 3’)
1219 3665 1265 3708 ex
1292 3667 1352 3709 sua
1383 3647 1498 3732 speeie
1528 3641 1697 3708 vocabula
1720 3639 1891 3702 feminina

414 3733 470 3796 vel
491 3747 614 3798 neutra
637 3735 748 3800 iacere
771 3753 916 3822 possunt
933 3735 989 3822 ³²),
1013 3747 1151 3827 generis
1173 3747 1286 3811 omnis
1310 3769 1384 3812 esse
1406 3747 1684 3833 pronuntiantur.
2001 3809 2002 3820 ,

500 3837 554 3900 De
585 3837 695 3900 ior-ma
727 3841 864 3921 generis
894 3845 1024 3919 omnis.
1055 3867 1124 3931 qua
1151 3849 1188 3912 in
1217 3849 1368 3934 positivo
1397 3850 1523 3933 gradu,
1560 3845 1776 3910 noniinativo
1808 3859 1895 3904 casu
2001 3831 2002 3850 ¹

416 3938 552 4000 numeri
576 3938 759 4021 singularis
788 3944 931 4007 nomina
960 3945 1040 4010 ·US·
1063 3949 1186 4016 litteris
1209 3953 1436 4027 definiuntur.
1466 3947 1758 4036 quemadmodum
1784 3963 1895 4007 exse

419 4039 546 4102 l'aoiant
572 4044 828 4126 comparativus
858 4045 913 4109 vel
937 4051 1166 4134 superlativus
1189 4054 1333 4138 gradus,
1364 4073 1523 4118 necnon
1547 4065 1581 4115 et
1597 4043 1639 4134 ³³)
1663 4051 1753 4112 intra
1777 4063 1898 4131 quan-

419 4153 491 4202 tum
515 4161 698 4206 numerum
713 4165 794 4239 esse
817 4149 1051 4233 reperiantur,
1072 4169 1241 4240 quantum
1266 4158 1354 4220 ratio
1377 4154 1544 4242 poscebat
1568 4151 1803 4217 tractavimus.

431 4353 1904 4389 -——-·——-—---.-..-..........-----

463 4501 499 4570 ⁸⁶)
525 4495 660 4553 'RIMUS·
685 4499 738 4552 Hic
763 4505 858 4573 incipit
886 4505 981 4560 eadee
1006 4524 1098 4564 nostes·
1121 4513 1261 4569 Rodiensis
1285 4515 1340 4587 (B).
1369 4520 1405 4584 ¹¹)
1426 4523 1454 4568 ct
1472 4515 1509 4570 V.
1529 4515 1608 4567 P.=
1624 4509 1661 4564 A.
1687 4507 1725 4580 ”)
1745 4501 1907 4558 ullum·

527 4587 564 4643 V·
584 4588 660 4640 P.=
679 4587 817 4642 tultus·
835 4593 873 4647 A.
894 4598 930 4664 ¹³)
951 4597 1053 4649 Totum
1070 4599 1124 4652 tet.
1143 4602 1214 4654 item
1233 4603 1301 4656 baec
1320 4599 1415 4654 cedern
1434 4640 1441 4655 .
1460 4641 1468 4654 .
1489 4639 1496 4654 .
1517 4638 1524 4654 .
1544 4598 1719 4652 veterrimum
1733 4593 1828 4644 facere
1852 4589 1907 4642 sle·

526 4674 607 4739 beat,
626 4677 678 4728 tuli
695 4680 854 4747 compendio
873 4681 980 4736 exbibet
997 4685 1050 4744 B„-
1075 4687 1145 4740 item
1164 4687 1232 4743 bace
1251 4690 1345 4744 eadm
1370 4689 1523 4762 supradicti
1541 4685 1649 4758 generis
1669 4681 1780 4735 uomina
1798 4679 1834 4730 in
1857 4695 1911 4730 su-

526 4759 654 4832 pradicio
682 4779 748 4816 unu
769 4765 945 4836 praedictam
968 4769 1088 4826 litteram
1112 4777 1245 4831 omittunt
1271 4791 1299 4833 et
1325 4777 1435 4832 ‹lilim-
1461 4787 1490 4830 et
1507 4772 1654 4830 ·R1MUM·
1682 4765 1803 4840 syllabas
1827 4766 1914 4817 acci-

528 4851 626 4920 piunt.
645 4851 740 4922 sieque
758 4853 920 4908 femininum
939 4865 967 4910 ct
984 4869 1111 4914 neutrum
1129 4879 1214 4932 geum
1233 4866 1392 4920 ostendunt.
1413 4868 1448 4934 ⁹⁴)
1467 4863 1519 4917 beo
1537 4865 1566 4919 B.
1579 4863 1615 4919 V.
1631 4861 1661 4914 P.
1680 4889 1717 4902 -
1736 4865 1778 4910 oti
1795 4851 1861 4906 ¹¹⁸0
1872 4855 1917 4907 Α·

529 4936 568 5008 ¹⁵)
596 4937 724 5007 qucrdm
748 4941 781 4995 B.
797 4943 833 4996 V.
853 4943 886 4998 P.
903 4967 940 4996 =
957 4948 993 4999 A.
1019 4951 1056 5019 ⁸⁸)
1080 4953 1249 5008 nominativo
1269 4971 1333 5007 casu
1358 4956 1391 5008 B.
1408 4955 1444 5008 V.
1469 4985 1505 4995 —
1522 4949 1720 5005 nominativum
1747 4961 1849 4995 casum
1872 4943 1915 4994 A.

531 5027 567 5086 ¹²)
587 5023 668 5076 etiarn
691 5022 746 5078 boc
765 5028 796 5080 B.
816 5031 852 5084 V.
871 5063 908 5074 -
925 5031 979 5086 boc
997 5035 1079 5089 etiam
1096 5039 1133 5092 A.
1160 5043 1196 5112 ¹⁸)
1215 5043 1245 5094 in
1262 5044 1288 5096 B
1307 5043 1338 5096 V
1337 5067 1389 5094 .=
1403 5042 1439 5096 A.
1465 5045 1500 5114 ¹⁹)
1524 5045 1644 5112 possunt
1662 5031 1788 5088 exhiberi
1810 5033 1857 5088 V.
1874 5031 1917 5084 A.

530 5137 565 5148 -
583 5125 667 5178 poste
694 5110 817 5168 exhiberi
835 5119 872 5172 A.
901 5123 936 5192 ⁸⁹)
956 5121 999 5175 ·Ε·
1017 5125 1050 5180 B.
1067 5125 1103 5182 V.
1121 5127 1151 5180 P.
1169 5159 1204 5170 -
1221 5137 1248 5182 ct
1267 5133 1302 5184 A.
1324 5133 1359 5200 Ἰ)
1379 5131 1403 5184 ai
1423 5131 1458 5184 V.
1476 5131 1513 5185 A.
1532 5159 1566 5171 -
1585 5126 1642 5180 aive
1660 5123 1692 5178 B·
1723 5123 1761 5192 ”i
1780 5125 1921 5192 ΡΘ*ΒΙΙΙΙι

530 5195 562 5246 B.
580 5195 616 5247 A.
638 5225 671 5278 j-
688 5199 798 5268 possint
818 5204 854 5256 V.
875 5209 911 5278 ⁸¹)
933 5217 960 5261 et
979 5211 1010 5263 B.
1029 5213 1069 5266 V.
1087 5237 1124 5265 =
1142 5217 1177 5270 A.
