4042 6070
397 485 444 554 56
755 487 761 499 ··
824 459 866 538 ii.
902 463 1083 540 cnauol
1107 477 1401 540 sacsnoorrs

401 635 570 698 secundae
594 633 836 697 declinationis
859 631 929 696 ·Rl·
954 633 1083 696 faciens
1102 632 1274 715 genetivo,
1299 640 1333 692 et
1352 641 1496 715 quartae
1524 625 1638 694 ·RUs·
1662 632 1763 697 baec
1785 633 1874 702 lau-

400 759 483 816 rus,
500 739 624 801 huius
639 737 762 811 lauri,
780 736 834 799 vel
854 737 1017 813 laurus3
1040 735 1147 799 altera
1162 733 1231 797 duo
1244 731 1483 814 monosyllaba
1497 733 1619 798 tertiae
1630 735 1875 804 declinationis

401 843 459 904 ·1S·
491 843 539 902 cel
561 841 649 900 ntis·
668 840 833 916 facientia
856 841 1015 918 genetivo,
1046 839 1148 902 haec
1177 857 1292 920 grus,
1325 836 1458 920 gruis3
1486 857 1573 915 sus,
1598 830 1764 925 suis⁵');
1787 863 1872 921 rus,

400 943 524 1010 ruris.
548 942 624 1004 Hoc
639 954 754 1004 tamen
772 953 967 1018 teneamus,
991 941 1109 1005 omnia
1131 937 1370 1021 monosyllaba
1382 941 1505 1006 tertiae
1527 963 1601 1008 esse
1617 943 1871 1024 declinationis,

400 1045 555 1131 exceptis
572 1043 707 1108 duobus
731 1045 871 1128 quintae
895 1043 1136 1108 declinationis
1160 1063 1274 1128 spes,
1299 1061 1378 1106 res.

308 1153 382 1212 (nt-l
486 1152 536 1212 45.
561 1145 664 1210 ·8Α5·
688 1133 1311 1238 hac'syllabanpllanotnina*reperi
1326 1144 1518 1210 terminata.

285 1267 389 1326 rusae.
486 1251 537 1316 tit.
562 1249 665 1312 ·SES·
688 1250 753 1312 hac
778 1249 907 1331 syllaba
928 1249 1071 1312 nomina
1100 1248 1196 1310 finita
1216 1267 1340 1330 graeca
1358 1260 1447 1324 sunt,
1471 1247 1711 1314 indifferenter
1731 1273 1873 1340 quoquc

308 1327 384 1386 ‘¹⁹⁸¹'
401 1354 629 1429 declinantur,
653 1365 687 1416 et
703 1353 836 1438 primae
856 1363 935 1414 sunt
965 1351 1225 1427 declinationis,
1264 1348 1372 1413 SAE·
1404 1352 1545 1428 genedea
1571 1365 1605 1416 et
1632 1357 1753 1419 tertiae
1780 1357 1870 1424 ·SIS·

401 1468 440 1519 ut
469 1454 711 1538 Cambyses,
743 1453 990 1537 Cambysae,
1028 1453 1084 1518 vel
1119 1451 1358 1534 Cambysis;
1398 1450 1570 1530 Perses,
1602 1453 1776 1536 Persae,
1814 1463 1871 1525 vel

402 1557 555 1646 Persis.
599 1552 751 1638 Nam⁵¹)
784 1557 879 1642 quod
905 1556 1086 1620 Sallustius
1124 1591 1167 1607 -
1195 1553 1246 1618 ad
1274 1552 1437 1619 bellum
1471 1553 1595 1620 Persi
1631 1560 1872 1626 macedoni-

403 1663 534 1742 cum·)
551 1695 595 1710 ·-
630 1679 703 1722 non
724 1659 990 1722 declinationem
1009 1657 1171 1734 mutavit,
1206 1657 1267 1720 sed
1286 1658 1526 1742 antiquausus
1546 1671 1597 1723 est
1620 1663 1870 1727 consuetudine

402 1763 554 1826 tlativum
578 1763 695 1848 posuit
716 1783 780 1848 pro
803 1762 981 1846 genetivo,
1004 1774 1043 1824 ut
1067 1759 1193 1824 Cicero
1210 1796 1254 1811 -
1269 1759 1496 1845 filiumque
1523 1761 1651 1825 Verri
1666 1761 1700 1845 ⁸)
1722 1801 1766 1815 —
1804 1788 1871 1853 pro

403 1865 573 1941 Verris,
598 1877 632 1926 ct
647 1865 823 1948 Vergilius
841 1901 886 1914 -
907 1864 1075 1927 inmitis
1097 1861 1260 1926 Achilli
1275 1862 1308 1945 ⁶)
1329 1897 1373 1912 -
1393 1882 1459 1947 pro
1480 1861 1680 1928 Achillis.

309 1995 384 2050 (ιω.)
489 1970 539 2032 li.
563 1966 653 2030 ·sls·
677 1967 795 2030 omnia
809 1967 952 2030 nomina
968 1967 1089 2029 tertiae
1103 1978 1182 2028 sunt
1197 1964 1456 2042 declinationis,
1487 1964 1551 2030 ·lS·
1564 1966 1695 2031 faciunt
1708 1971 1870 2052 genetivo

403 2070 469 2132 bic
502 2069 632 2145 ensis,
667 2071 789 2132 huius
816 2069 951 2144 ensis;
977 2070 1165 2153 peregrina
1189 2066 1449 2132 ·ls·ve1·1)1s·
1488 2064 1590 2145 leis,
1635 2068 1782 2148 Isidis,
1814 2074 1874 2136 vel

402 2170 501 2247 lsis;
525 2169 653 2248 basis,
678 2172 800 2234 huius
823 2170 960 2247 basis,
983 2170 1039 2234 vel
1061 2166 1288 2256 basidis‘);
1312 2172 1414 2233 haec
1437 2169 1583 2247 cassis,
1607 2171 1709 2236 huius
1726 2165 1768 2255 ⁵³)
1787 2195 1874 2238 cas-

403 2273 473 2348 sis,
497 2273 553 2336 vel
576 2274 776 2350 cassidis,
801 2275 960 2359 quamvis
974 2273 1152 2356 Vergilius
1166 2271 1324 2336 -haec
1347 2270 1556 2353 cassida‘)
1572 2307 1618 2322 -
1636 2273 1873 2341 declinaverit.

309 2379 383 2434 (wc)
488 2379 538 2440 48.
563 2375 674 2440 ·SOS.
697 2377 761 2438 hac
787 2374 917 2456 syllaba
936 2396 1024 2460 pura
1044 2373 1178 2438 nullum
1194 2393 1323 2438 nomen
1341 2374 1487 2436 latinum
1503 2375 1618 2460 reperi
1634 2379 1873 2456 terminatum,

401 2495 507 2544 unum
526 2497 688 2560 graecum
705 2476 774 2560 legi
796 2477 831 2540 in
855 2475 1018 2540 Sallustio
1040 2477 1210 2540 secundae
1228 2467 1269 2560 ⁵⁴)
1300 2475 1558 2552 declinationis,
1592 2480 1796 2556 discerent
1816 2503 1876 2560 ge-

401 2579 522 2654 netivo,
545 2581 650 2642 haec
674 2577 882 2654 Canticos,
906 2580 1029 2642 huius
1054 2573 1346 2662 Camisi⁵⁵)s);
1370 2591 1483 2642 cetera
1506 2581 1684 2642 ira-SONS·
1701 2583 1757 2662 t),
1781 2584 1872 2646 ‚rm

387 2682 538 2758 vsarriente
556 2681 719 2757 insons,
743 2681 936 2756 insontis,
961 2682 1011 2744 sie
1030 2681 1193 2744 Horatius
1208 2677 1253 2764 ἦ).
1278 2679 1383 2744 Sons
1400 2699 1483 2746 vero
1497 2697 1570 2744 non
1582 2680 1662 2764 legi.
1686 2680 1874 2748 Sallustius

400 2803 545 2844 numero
561 2780 689 2867 plurali
710 2782 1175 2868 utrumque-insontis,
1199 2783 1312 2847 sicut
1342 2781 1520 2863 eontis‘)
1541 2818 1586 2834 -
1606 2783 1661 2847 De
1684 2783 1737 2847 ·N·
1763 2797 1799 2848 et
1822 2785 1872 2850 ·8·

401 2883 505 2947 docui
524 2885 799 2970 frequentissime
819 2885 1022 2949 terminatis.

309 3021 383 3075 (tot.)
486 2990 536 3055 tc.
560 2985 668 3050 ·SUS·
691 2989 833 3051 nomina
864 2988 929 3050 hac
951 2983 1083 3068 syllaba
1098 2988 1282 3052 terminata
1304 2987 1447 3073 propria
1470 2998 1560 3063 suut,
1584 2987 1640 3050 vel
1659 2987 1746 3052 aliut
1761 3009 1873 3073 genus

402 3109 446 3152 ex
462 3110 498 3152 se
517 3089 687 3165 facientia,
712 3089 882 3152 secundae
903 3100 983 3151 sunt
1001 3089 1261 3166 declinationis,
1291 3088 1355 3153 ·Sl·
1378 3090 1508 3153 faciunt
1531 3091 1693 3174 genetivo
1722 3091 1872 3168 Nisus,

399 3191 511 3267 Nisi,
535 3192 716 3277 proprium
736 3204 770 3254 et
787 3191 1021 3276 participium.
1049 3191 1269 3277 Appellativa
1288 3211 1393 3268 vero,
1421 3193 1450 3256 si
1471 3211 1542 3254 non
1560 3193 1692 3255 faciunt
1714 3191 1810 3256 alind
1826 3213 1874 3256 ex

370 3319 372 3323 ’
400 3313 436 3356 se
457 3313 583 3376 genus,
608 3307 749 3378 quartae
767 3305 846 3356 sunt
872 3293 1131 3371 declinationis,
1163 3293 1272 3358 ·SUS·
1295 3293 1422 3357 facient
1444 3296 1624 3378 genetivo,
1655 3296 1725 3357 hic
1748 3313 1871 3359 occa-

400 3415 482 3472 sus,
506 3396 630 3459 huius
654 3415 839 3460 occasus.
861 3395 951 3458 Nam
974 3396 1168 3482 plausus,
1194 3398 1222 3460 si
1236 3397 1280 3460 sit
1298 3395 1538 3480 participium,
1569 3397 1690 3459 huius
1712 3396 1871 3482 plausi,

399 3498 428 3560 si
441 3517 571 3561 nomen
587 3498 835 3584 appellativum
859 3517 931 3561 non
953 3497 1081 3562 faciens
1100 3499 1185 3563 aliut
1201 3519 1244 3562 ex
1259 3521 1295 3563 se
1316 3517 1435 3582 genus,
1459 3497 1584 3561 huius
1606 3497 1800 3583 plausus;
1824 3499 1872 3561 si-

398 3613 456 3664 cut
486 3602 606 3665 nisus
631 3594 672 3683 56)
703 3600 926 3686 participium
955 3602 1060 3677 nisi,
1092 3600 1339 3686 appellativum
1361 3601 1463 3663 unius
1482 3602 1640 3684 generis,
1670 3602 1792 3663 nisus
1813 3594 1871 3680 ⁵⁷).

397 3701 584 3786 Excipitur
602 3723 711 3765 unum
734 3701 1032 3783 monosyllabum,
1056 3701 1120 3765 ds·
1145 3702 1274 3766 faciens
1296 3704 1469 3785 genetivo,
1493 3723 1583 3778 sus,
1608 3704 1710 3778 suis,
1735 3701 1871 3764 ratione

397 3804 735 3886 rnonosyllaborum,
760 3805 803 3866 de
825 3825 893 3888 qua
913 3803 1192 3887 frequentissime
1213 3805 1366 3867 tractavi.

305 3925 380 3978 (ω.)
482 3911 533 3969 50.
565 3906 673 3970 ·TAS·
711 3905 829 3969 omnia
852 3907 995 3970 nomina
1016 3907 1082 3968 hac
1102 3904 1233 3987 syllaba
1254 3906 1350 3968 finita
1367 3903 1488 3968 tertiae
1514 3918 1594 3969 sunt
1613 3903 1871 3980 declinationis,

399 4003 493 4067 uls·
518 4005 835 4092 faciuntgenetivo,
859 4007 1055 4083 facultas,
1080 4006 1315 4084 facultatis,
1339 4019 1373 4072 et
1387 4007 1499 4094 siqua
1513 4007 1606 4072 talia.
1635 4007 1723 4070 Hoc
1744 4006 1873 4091 naph-

438 4327 476 4397 ι’)
502 4343 566 4392 sus,
588 4329 645 4381 suis
666 4329 733 4383 Ccd.
761 4330 839 4384 Haec
860 4333 940 4384 verba
965 4349 1037 4403 quae
1058 4335 1087 4385 in
1107 4331 1244 4402 parallelo
1260 4329 1464 4384 Catleolieorrtm
1485 4330 1568 4384 Probi
1581 4331 1643 4384 laco
1661 4326 1874 4382 conlabentem

501 4418 529 4469 in
549 4417 615 4470 coa.
627 4439 645 4470 a
661 4423 750 4486 prima
766 4437 850 4471 manu
867 4419 944 4472 obelo
961 4419 1094 4494 transfixa
1110 4431 1175 4472 runt
1189 4431 1216 4471 et
1232 4437 1341 4470 ommno
1356 4419 1474 4471 delenda
1490 4419 1623 4472 videntur.
1644 4417 1681 4489 ς’)
1698 4434 1760 4468 narn
1782 4412 1872 4479 -gvel

500 4506 568 4558 Cocl.
585 4507 664 4558 male.
678 4506 739 4560 Nos
755 4527 847 4559 veram
861 4509 1004 4560 lectionem
1018 4527 1032 4560 e
1051 4508 1140 4559 Proto
1154 4509 1328 4559 restituimus.
1349 4495 1388 4577 ⁵¹)
1407 4502 1487 4558 huius
1499 4502 1600 4558 -bue
1619 4507 1686 4559 cod.
1716 4495 1752 4572 ⁵⁴)
1769 4519 1871 4554 secun-

500 4590 550 4644 dae
565 4627 599 4637 -—
613 4592 766 4646 ssccnudae
787 4595 853 4648 cod.
875 4596 910 4666 ⁵⁵)
929 4592 998 4646 hacc
1008 4594 1131 4646 Caminos
1141 4590 1223 4645 huius
1238 4593 1340 4646 Camisi
1355 4624 1390 4635 -
1407 4589 1475 4644 haec
1493 4589 1693 4656 amisos,liuius
1711 4591 1788 4642 amisi
1800 4590 1868 4643 eoa.

498 4673 535 4753 ⁸⁶)
555 4684 632 4734 nisus
647 4714 680 4724 -
697 4683 772 4735 uisus
792 4684 860 4736 eod.
888 4685 926 4754 ⁵7)
945 4683 1023 4734 nisus
1045 4683 1111 4734 Cad.
1124 4701 1158 4734 ea·
1171 4701 1221 4734 em.
1236 4701 1278 4754 pr.
1297 4700 1333 4735 m.
1352 4699 1423 4752 quae
1444 4684 1562 4751 primam
1581 4681 1657 4731 nisus
1676 4681 1833 4748 scripserat.

433 4799 464 4864 a)
480 4797 591 4852 Sallmt.
603 4802 622 4854 1.
634 4805 659 4858 6.
675 4821 702 4872 p.
717 4807 778 4860 213.
799 4799 874 4856 Gerl.
892 4803 919 4872 l)
929 4800 1036 4853 Lacum
1046 4799 1075 4851 in
1085 4799 1220 4854 Cicerone
1229 4799 1330 4854 frastra
1341 4797 1533 4872 quaesivimus.
1554 4798 1579 4868 a)
1598 4797 1675 4868 Virg.
1693 4795 1868 4866 Aenglssfl.

494 4885 525 4952 d)
544 4885 731 4938 Monstrosum
758 4891 908 4956 genitivum
937 4889 1039 4942 bacidis
1064 4904 1145 4941 uerno
1169 4889 1247 4943 novit
1271 4895 1381 4959 practer
1397 4883 1517 4939 Probum
1532 4895 1708 4940 etnostrnm.
1736 4885 1762 4954 e)
1790 4884 1867 4954 Virg.

494 4971 562 5022 nen.
589 4972 637 5026 ΧῙ.
662 4977 722 5030 775.
752 4975 808 5028 cn.
838 4977 922 5029 Prisc.
949 4975 997 5029 Vl.
1026 4981 1069 5040 l‘l,
1094 4981 1137 5038 66.
1163 4977 1207 5048 s)
1233 4973 1345 5030 Sallust.
1371 4972 1443 5026 ssiat.
1467 4973 1565 5026 insert.
1592 4979 1635 5032 49.
1661 4991 1689 5042 p.
1708 4977 1773 5030 att.
1794 4969 1871 5026 Geel.

495 5057 528 5127 g)
562 5067 591 5112 in
611 5060 719 5112 Son's·
738 5063 935 5129 ·T1.5¹·fieient
962 5064 1062 5120 Haece
1080 5066 1236 5118 coniectura
1254 5063 1380 5114 restituta
1397 5059 1518 5114 fuerunt.
1534 5059 1593 5114 cfr.
1610 5055 1696 5114 Probi
1709 5055 1790 5112 Catia.
1808 5057 1827 5116 l.
1845 5075 1869 5108 c.

493 5144 626 5212 aynan.
647 5145 763 5200 emam.
782 5147 817 5200 11.
841 5157 881 5207 tu.
901 5157 945 5210 ae.
975 5152 1060 5207 sena.
1081 5153 1103 5207 1.
1129 5155 1155 5214 e,
1181 5157 1224 5208 co.
1252 5151 1274 5219 a
1293 5147 1405 5204 sallust.
1426 5145 1486 5202 cae
1507 5151 1552 5207 te.
