4022 6068
413 525 566 582 INOERTI
584 527 780 584 axel-:um
797 525 1022 584 Anounnttrl
1042 527 1287 584 omnsrrct.
1525 531 1595 602 m

138 671 1594 760 temproferebantunetnumerabanturetdebonisdicebaturvixitdieetotdema-

138 777 352 842 lisduravit
364 777 455 840 dies
472 788 546 841 tot.
561 777 957 858 Haeceratconsuetudo
968 773 1593 864 ¹⁷)·).-Dedecetdeiormat²“)⁶).

201 882 256 944 ⁴5.
282 876 368 958 Gry
375 879 477 963 phes
491 883 533 960 ²⁹)
553 879 716 944 animalia
735 880 905 965 quaedam
923 879 959 941 in
973 878 1200 964 hyperboreis
1214 874 1259 961 ³⁰)
1279 879 1466 958 montibus,
1493 884 1591 945 omni

136 999 270 1064 corpore
298 978 429 1054 leones,
457 992 595 1064 praeter
621 1001 660 1046 os
690 982 786 1067 quod
808 979 937 1049 babent
958 981 1094 1066 aquilae
1123 981 1195 1046 eive
1224 982 1412 1068 accipitris,
1443 995 1478 1047 et
1497 984 1593 1069 quod

136 1083 285 1169 pinnatae
300 1075 343 1164 ³¹)
366 1093 446 1144 sunt
460 1083 503 1164 ²).

205 1183 258 1250 46.
281 1179 479 1247 *cannae
500 1181 646 1270 Apuliae
661 1186 757 1248 vicus
772 1183 930 1267 est⁴).-
952 1183 1206 1250 Proventum
1222 1177 1262 1263 ³¹)
1287 1184 1496 1261 mercedem,
1520 1185 1591 1248 bu·
1615 1195 1687 1250 cote.

135 1299 215 1351 enm
237 1285 399 1350 Lucanus
421 1285 506 1350 dicit
523 1281 565 1370 ³³)
586 1321 632 1338 -
652 1299 828 1352 tantone
844 1280 886 1368 34)
909 1287 1173 1352 Provenrum
1188 1287 1233 1370 ¹).
1248 1322 1290 1336 --
1319 1286 1401 1351 Vix
1422 1288 1532 1352 tanti
1549 1323 1590 1334 —-

136 1389 184 1452 rix
202 1387 305 1466 utile,
327 1387 490 1452 Lucanus
512 1387 654 1471 dicier).

206 1493 259 1556 tr.
290 1487 449 1570 Cyrna,
481 1488 625 1556 Corsica
639 1492 684 1572 ι).
705 1525 747 1538 -
774 1489 920 1566 Anser,
949 1501 1054 1576 poeta
1084 1489 1166 1568 brit,
1199 1491 1261 1576 qni
1290 1489 1444 1555 Antonio
1472 1489 1591 1554 laudes

137 1579 417 1672 ¹scribebat⁴).-
447 1588 492 1654 Si
519 1591 682 1656 valeam
712 1593 948 1656 scribsisse
985 1612 1089 1657 nemo
1122 1592 1226 1670 dicit,
1263 1591 1394 1658 aed'si
1427 1591 1592 1656 valeam

136 1691 332 1768 scribere,
367 1703 403 1756 et
434 1693 664 1756 meminere
698 1714 770 1759 non
801 1693 1044 1759 meminisse
1068 1694 1171 1775 ”).--
1207 1694 1374 1769 Insani,
1410 1692 1593 1777 magni⁴)‚

138 1797 214 1860 aient
233 1831 278 1844 -
299 1796 493 1860 insanam
515 1808 652 1859 vatem
675 1793 713 1875 ²).

209 1899 262 1964 te.
290 1896 564 1982 Depositum,
596 1897 943 1974 conmendationem‚
973 1896 1135 1962 Lucanus
1163 1931 1207 1946 -
1233 1897 1480 1983 depositum
1511 1897 1594 1962 for-

138 2012 227 2074 tuna
241 1999 289 2081 ⁸¹).
306 2033 351 2048 -
371 1997 559 2082 Legibus
582 1999 731 2062 sevi-
753 1998 848 2062 fatali
871 2001 1004 2062 ratione
1027 1998 1186 2064 Lucanus
1208 2001 1252 2082 ³).

209 2103 262 2170 49.
290 2100 415 2164 Latine
445 2099 639 2179 Camilla,
663 2121 786 2186 graece
816 2105 981 2184 suppetens
999 2103 1043 2184 ⁰).
1066 2137 1107 2150 -
1135 2101 1362 2165 Accusativus
1391 2100 1534 2186 pluralis
1557 2101 1593 2164 in

138 2201 203 2267 ·bS·
218 2198 263 2286 35)
278 2203 399 2266 exiens
413 2223 550 2289 semper
562 2205 687 2288 longus
702 2217 754 2268 est
765 2205 807 2286 Ρ).
819 2240 864 2252 -
884 2202 1103 2266 Verbenas
1115 2195 1168 2282 ³⁶),
1192 2222 1307 2266 rorem
1323 2203 1497 2272 marinum
1510 2205 1593 2286 ⁹)-

137 2301 330 2381 Perrexit,
354 2299 567 2390 evocavit³⁷)
586 2310 681 2390 Γ).-
704 2307 798 2378 lnter
820 2304 992 2369 uvidum
1017 2317 1051 2369 et
1072 2299 1346 2386 humidum³⁸)
1369 2305 1436 2368 boc
1451 2306 1594 2368 interest

138 2406 275 2470 nvidus
298 2419 350 2470 est
364 2408 425 2492 qui
439 2408 645 2474 intrinsecus
658 2399 700 2492 39)
724 2407 1013 2472 hebet·bumores
1027 2399 1088 2490 40);
1112 2407 1305 2470 humidus
1329 2407 1389 2491 qui
1403 2427 1423 2475 ι
1439 2397 1590 2489 Γοιίι,4“),

137 2509 226 2572 unde
236 2510 342 2574 etiam
354 2529 434 2572 uva
450 2511 542 2576 dicte
557 2511 600 2574 ab
616 2531 669 2587 eo,
694 2510 789 2596 quod
804 2511 1011 2572 intrinsecus
1027 2507 1152 2572 habeat
1171 2509 1354 2573 humorem
1377 2509 1483 2572 musti
1497 2511 1540 2590 ⁸).
1550 2545 1595 2558 --
1705 2587 1712 2598 .

140 2608 257 2676 Biano
268 2631 286 2674 ι
298 2607 344 2693 141)
359 2631 462 2696 quem
478 2611 563 2676 dicit
581 2612 759 2697 Vergilius
776 2613 813 2676 in
828 2611 1004 2678 Bucolicis
1019 2645 1065 2660 ·-
1078 2609 1236 2694 incipit
1258 2629 1480 2694 apparere,
1502 2609 1594 2674 Bia-

139 2713 242 2776 noris
272 2705 318 2795 43)
334 2747 380 2762 -
401 2712 544 2778 Ocnus
567 2714 763 2791 dicebatur,
786 2715 844 2778 bio
866 2716 960 2778 enim
974 2725 1026 2776 est
1048 2711 1109 2797 qui
1132 2711 1288 2776 condidit
1302 2710 1482 2774 Mantuam
1498 2715 1539 2794 ‘).
1553 2747 1596 2762 -

141 2809 277 2876 Gallus
298 2827 403 2900 poeta
432 2815 497 2880 fnit
526 2817 694 2903 optimus,
724 2817 781 2880 bic
801 2808 844 2898 ⁴⁴)
866 2815 1071 2901 imperatori
1091 2806 1135 2896 ⁴⁵)
1159 2833 1275 2878 comes
1299 2813 1363 2876 brit
1384 2813 1534 2901 Aegypti
1548 2817 1594 2896 ¹¹),

138 2927 244 2996 postea
265 2917 394 2980 amavit
415 2919 633 2982 meretricem
657 2919 830 3002 quandam
853 2919 995 2980 nominc
1020 2914 1207 2995 Cytherida
1225 2907 1274 2998 ¹⁶),
1299 2935 1402 2998 quam
1418 2915 1595 3002 Vergilius

140 3013 297 3096 Lycorida
320 3016 421 3094 dicit,
446 3020 535 3084 hanc
558 3021 661 3085 etiam
685 3020 771 3084 dicit
793 3020 976 3085 Volumnii
992 3010 1034 3098 ⁴⁷)
1059 3016 1238 3080 cuiusdam
1260 3015 1420 3082 libertam
1440 3019 1482 3097 ⁹).

177 3189 207 3252 ¹⁷)
232 3184 404 3238 consuetodo
430 3195 617 3240 —consueto
639 3188 706 3241 ced
732 3187 767 3256 ¹⁸)
788 3185 976 3242 deformat-
995 3181 1131 3235 desumet
1151 3185 1220 3236 Cod.
1239 3189 1274 3252 ¹⁹)
1296 3179 1422 3254 Grypbee
1440 3216 1477 3226 -
1494 3202 1593 3255 grypes

234 3273 300 3325 ced.
321 3275 359 3344 ³⁰)
378 3269 558 3344 hyperboreis
575 3305 612 3346 .-
627 3261 790 3344 yperbcre'ie
811 3275 879 3328 cod.
902 3273 938 3346 ³¹)
956 3273 1088 3344 primates
1109 3271 1175 3324 ced.
1195 3291 1229 3324 ex
1247 3291 1296 3324 em.
1315 3291 1356 3343 pr.
1376 3291 1428 3334 m..
1446 3271 1520 3344 quere
1536 3275 1595 3343 pri-

231 3379 303 3412 mum
322 3361 462 3432 pinnatam
497 3368 653 3432 scripserat.
673 3365 709 3432 ¹²)
726 3371 891 3433 proventum
907 3369 1123 3432 -provectum
1143 3359 1211 3412 Cod.
1230 3363 1271 3411 r'te
1285 3371 1312 3411 et
1326 3377 1391 3412 mor
1404 3363 1535 3430 teste.¹¹)
1552 3357 1594 3412 di·

232 3447 271 3500 cit
294 3477 333 3490 -
357 3447 384 3500 d.
415 3450 482 3502 Cod.
503 3452 544 3503 ite
572 3461 598 3502 et
614 3452 787 3512 montusca.
815 3451 852 3519 Η)
871 3457 984 3502 tentone
1001 3477 1037 3488 -
1055 3454 1152 3500 tanton
1172 3445 1240 3499 Cori.
1265 3447 1302 3516 ¹⁵)
1322 3446 1384 3500 ms·
1401 3441 1504 3500 -has
1524 3449 1592 3502 Cori.

233 3537 270 3608 ¹⁸)
287 3531 422 3589 verbeces
439 3567 475 3578 -
492 3551 622 3590 vervenae
643 3537 710 3591 cod.
731 3538 769 3609 ⁸⁷)
789 3535 912 3592 evocavit
928 3567 965 3580 -
983 3531 1111 3590 evocabit
1130 3535 1197 3588 Oed-
1218 3533 1253 3605 ¹⁸)
1272 3530 1593 3598 humidum-umidum

234 3621 301 3676 Ged-
320 3633 347 3675 et
363 3641 428 3676 mcx
443 3626 519 3693 infra
536 3621 657 3678 umidus.
685 3625 720 3697 ⁵⁹)
739 3623 906 3678 intrinsecus
923 3655 961 3666 —
976 3625 1149 3677 intrensecus
1177 3621 1245 3674 ced.
1264 3627 1303 3674 rie
1319 3635 1345 3674 et
1357 3624 1454 3694 paullo
1468 3627 1592 3692 irfirr'ne.

234 3708 270 3782 ⁴⁰)
294 3705 423 3761 bonores
441 3739 478 3753 -
494 3727 603 3764 umores
631 3713 698 3765 cod.
726 3725 754 3766 et
771 3732 835 3767 mox
852 3729 983 3766 umorem.
1009 3713 1047 3784 ⁴¹)
1066 3711 1134 3763 foris
1152 3739 1186 3750 -
1204 3708 1278 3762 fores
1299 3711 1366 3763 ced.
1386 3711 1422 3780 ⁴¹)
1441 3710 1541 3764 Bienor
1558 3741 1593 3754 -

231 3795 325 3850 tirum
344 3796 414 3850 cod.
433 3797 471 3868 ⁴³)
490 3797 613 3850 Bianoris
630 3829 667 3842 -·
684 3800 789 3854 vienori
809 3801 875 3853 ced.
896 3801 931 3870 ⁴⁴)
950 3795 997 3850 bic
1014 3825 1049 3840 -
1066 3795 1109 3850 bie
1130 3798 1198 3851 ced.
1217 3798 1256 3869 ι3)
1273 3798 1433 3868 imperatori
1450 3827 1487 3840 —
1505 3799 1592 3870 impe·

233 3889 320 3936 ratore
341 3885 408 3938 ced.
427 3885 466 3956 ⁴⁸)
485 3883 636 3956 Cytheride
653 3919 690 3929 -
708 3883 850 3957 cytheride
871 3888 938 3941 ced.
958 3888 994 3954 ⁴⁷)
1013 3883 1155 3940 Volumnii
1171 3913 1208 3928 -
1225 3883 1328 3940 volumi
1349 3885 1415 3938 Cod.

183 3969 208 4038 e)
230 3967 323 4025 Sobel.
342 3970 379 4023 ad
396 3971 492 4028 floret.
512 3973 600 4027 cerm.
621 3975 643 4028 1.
661 3980 706 4038 ³6.
725 3981 767 4034 10.
787 3974 837 4028 cfr.
857 3991 955 4029 οοιιιιιι.
983 3973 1068 4045 Cruq.
1087 3970 1168 4024 adh.
1186 3971 1206 4027 l.
1228 3981 1256 4025 et
1274 3971 1344 4031 Plin.
1364 3971 1398 4026 Η.
1416 3971 1451 4026 Ν.
1470 3973 1533 4025 vn.
1549 3981 1591 4034 dl.

234 4059 260 4130 b)
285 4055 379 4116 sehet
404 4058 439 4111 ed
458 4061 551 4114 Horat.
580 4063 669 4116 Csrrn.
688 4063 711 4116 1.
730 4068 775 4124 38.
799 4069 827 4122 7.
852 4063 902 4115 cfr.
929 4079 1026 4115 comm.
1047 4060 1130 4134 Cruq.
1149 4057 1186 4111 ed
1204 4057 1231 4112 b.
1250 4059 1269 4113 Ι.
1297 4065 1323 4132 e)
1342 4058 1436 4116 sehet
1461 4059 1498 4112 ed
1515 4062 1591 4133 Vis-g.

233 4143 327 4217 Eelog.
347 4147 423 4202 vm.
441 4154 486 4206 27.
507 4151 553 4201 cfr.
573 4149 650 4206 Serv.
669 4147 836 4220 adnm)
856 4147 952 4204 Schcl.
971 4147 1247 4209 udLucen.11.116.
1274 4153 1300 4219 e)
1320 4144 1413 4202 schol.
1433 4146 1469 4201 ed
1490 4147 1590 4202 Lucan.

234 4231 267 4286 11.
285 4237 330 4292 60,
350 4251 373 4286 ι.
389 4239 432 4304 s)
456 4233 551 4295 schol.
571 4235 607 4288 ed
625 4239 729 4293 Lucan.
755 4239 790 4291 11.
810 4243 854 4297 62.
879 4239 911 4311 5)
930 4233 1024 4292 Schol.
1034 4235 1070 4288 ed
1097 4235 1173 4306 Virg.
1193 4232 1288 4308 Eclog.
1315 4235 1427 4296 1x.3o.
1447 4237 1495 4288 cfr.
1516 4236 1591 4291 Serv.

232 4319 265 4372 ad
283 4319 311 4375 b.
330 4319 349 4374 Ι.
369 4321 397 4392 It)
417 4320 511 4377 schol.
531 4323 567 4376 ad
584 4325 660 4396 Virg.
679 4325 774 4398 Eclog.
800 4313 849 4379 lx'.
860 4331 905 4384 36.
925 4325 974 4378 cfr.
994 4323 1071 4382 Serv.
1090 4332 1119 4377 et
1136 4324 1232 4393 Hcyne
1251 4323 1287 4376 ad
1305 4321 1332 4376 h.
1350 4321 1369 4377 l.
1400 4329 1423 4394 i)
1444 4321 1537 4378 schel.
1557 4325 1593 4376 ad

233 4407 306 4480 Virg.
332 4407 428 4480 Eclog.
454 4411 505 4464 lx.
524 4417 568 4471 38.
594 4411 643 4465 cfr.
662 4413 739 4468 Serv.
759 4413 795 4466 ad
812 4412 868 4467 h.l.
888 4413 1017 4467 Ceterum
1036 4431 1088 4484 pro
1108 4431 1140 4465 ec
1159 4409 1236 4484 quod
1254 4413 1349 4483 inepte
1369 4410 1440 4466 cod.
1459 4427 1485 4465 er
1500 4419 1593 4466 memi-

231 4513 293 4549 nere
320 4516 377 4550 non
400 4505 551 4552 meminisse
557 4539 568 4563 ,
591 4497 738 4571 legendnm
763 4499 886 4556 videtur:
911 4503 960 4557 ced
976 4505 1126 4554 meminisse
1148 4518 1203 4552 ιιοιι
1225 4505 1377 4553 meminere.
1396 4501 1426 4571 Ιι)
1444 4497 1538 4552 sehet.
1557 4497 1592 4551 ad

232 4581 305 4654 Virg.
329 4583 427 4656 Eciop.
446 4587 495 4640 1x.
513 4593 557 4647 43.
578 4587 627 4640 cfr.
646 4589 723 4644 Sere.
743 4575 824 4643 sd'b.
843 4588 863 4644 l.
891 4589 1009 4664 ovirp.
1027 4591 1095 4642 ben.
1113 4587 1165 4640 111.
1184 4591 1257 4672 443.Ι
1274 4592 1311 4656 m)
1330 4581 1470 4641 Sebobed
1488 4585 1591 4639 Luem,

230 4667 327 4730 ¹172
347 4674 378 4745 ιι)
398 4670 491 4729 selsel.
510 4673 546 4727 ed
564 4675 668 4730 Lucro.
686 4678 723 4730 11.
741 4683 785 4738 82
804 4679 832 4750 o)
852 4677 947 4734 Sebol.
967 4675 1002 4730 ed
1019 4677 1096 4746 virg.
1115 4672 1211 4744 Eclcg.
1230 4675 1306 4726 vul.
1325 4679 1370 4733 77.
1388 4677 1432 4732 78.
1452 4672 1501 4724 cfr.
1515 4672 1591 4727 Serv.

230 4755 265 4808 ad
282 4755 308 4812 Ιι.
328 4757 346 4812 Ι.
367 4759 442 4832 epnd
460 4779 540 4834 quem
558 4781 610 4835 pro
628 4765 698 4820 beer
720 4768 838 4820 Camilla
854 4765 1000 4838 perperam
1018 4763 1085 4818 baec
1101 4763 1249 4833 Amarylla
1267 4759 1375 4830 legitur.
1394 4762 1425 4832 p)
1444 4755 1537 4816 Schol.
1557 4761 1593 4814 ad

230 4843 303 4916 virg.
323 4845 419 4919 Eclog.
440 4849 516 4902 vlu.
535 4857 580 4910 65.
600 4855 629 4925 q)
648 4851 742 4909 Sobel.
763 4835 797 4918 ed
816 4852 930 4924 viret
952 4871 977 4906 c.
997 4853 1046 4904 cfr.
1065 4851 1141 4906 serv.
1164 4849 1200 4902 ed
1218 4847 1246 4902 b.
1264 4847 1284 4902 l.
1303 4851 1328 4920 r)
1347 4846 1442 4904 Schol.
1462 4845 1497 4900 ad
1515 4850 1591 4921 Virg.

229 4931 408 5004 nelopvlu.
425 4938 617 4996 officiosae.
637 4940 673 4993 ed
689 4939 716 4996 Ιι.
736 4941 754 4995 1.
772 4946 798 5015 r)
817 4939 911 4998 sehet.
930 4939 965 4993 ad
984 4941 1060 5009 virg.
1080 4927 1175 5008 Eclo‘g.
1190 4937 1225 4990 Χ.
1244 4943 1288 4996 20.
1308 4938 1358 4990 cfr.
1377 4935 1453 4991 Serv.
1472 4934 1508 4988 ed
1526 4933 1553 4990 b.
1572 4937 1591 4992 l.

231 5023 251 5092 t)
275 5020 368 5077 schol.
395 5022 431 5076 ad
456 5025 532 5096 Virg.
557 5025 653 5098 Eolog.
679 5029 730 5084 lx.
755 5035 798 5089 60.
826 5034 874 5084 cfr.
893 5029 969 5085 Serv.
990 5026 1025 5080 ad
1044 5025 1071 5080 b.
1091 5025 1109 5080 l.
1138 5027 1168 5089 ιι)
1187 5026 1319 5099 Aegypti,
1334 5022 1397 5095 lego
1421 5032 1525 5094 primus
1539 5029 1603 5080 Ae·.

230 5117 306 5180 meti
331 5115 494 5181 preelectus.
514 5111 579 5168 vict.
607 5115 682 5172 Serv.
702 5116 737 5169 ιιΙ
755 5119 832 5190 Virg.
861 5116 956 5187 Eolog.
976 5117 1011 5170 X.
1030 5115 1155 5187 inscript.
1183 5119 1210 5185 ν)
1231 5110 1326 5168 schol.
1346 5111 1381 5165 erl
1397 5113 1475 5186 *Vir-g.
1496 5113 1592 5184 Eclcg.

232 5195 262 5248 Χ.
281 5197 406 5270 inscript
428 5201 475 5253 cfr.
496 5201 622 5270 Sermd,
635 5201 661 5262 b.
681 5205 701 5260 l.
1313 5277 1350 5336 Η
