4022 6068
401 539 468 610 Μ
649 532 844 590 excultum
862 533 885 588 E
903 531 1097 589 ΜΔΟΒΟΒῙΟ
1116 531 1168 591 DE
1186 529 1290 604 vent,
1310 529 1445 590 Gnate.
1463 531 1514 587 ΕΤ
1532 531 1613 586 Lar.

401 685 465 746 hae
487 681 628 766 iucipit;
652 689 730 744 ·ltA·
753 681 864 746 finalis
888 692 938 746 est
955 683 997 764 ⁴).
1020 679 1151 746 Necte
1174 693 1312 745 moveat
1332 669 1419 759 olla,
1451 679 1547 766 qnod
1569 679 1777 762 disyllabum
1799 691 1867 757 est,

399 804 478 846 nam
503 789 723 864 παρακείμενος
744 783 906 859 hebetum
930 785 997 846 hoc
1012 785 1104 846 enim
1121 784 1410 869 multiplicatione
1425 797 1627 868 corruptum
1644 776 1688 865 ⁵¹)
1709 783 1868 857 doeetnr;
1895 789 1896 793 ’

399 907 478 950 nam
502 899 639 972 praeter
654 888 722 950 hoc
743 886 876 950 nullum
892 885 1082 971 perlectum
1107 898 1242 972 tempus
1265 885 1309 950 ab
1333 875 1399 950 Ul·
1421 887 1642 972 diphthongo
1662 877 1705 968 ⁵³)
1728 886 1869 973 incipit;

397 989 499 1052 huius
515 987 611 1052 verbi
626 991 726 1072 origo
740 1003 792 1053 est
806 993 880 1051 atto
894 1001 928 1052 et
949 990 1076 1052 mutari
1099 994 1165 1049 ·E1·
1189 989 1225 1050 in
1248 997 1315 1052 ·01·
1338 989 1431 1052 salva
1454 999 1488 1052 et
1510 989 1713 1074 incorrupta
1734 988 1867 1052 ratione

397 1111 469 1155 non
492 1091 612 1156 habuit
626 1091 676 1173 ⁸);
700 1091 780 1154 inde
802 1094 896 1154 tlbm
918 1089 1037 1154 debuit
1059 1109 1133 1154 esse
1155 1091 1344 1175 praeterito
1367 1089 1521 1176 perlecto
1539 1091 1583 1174 ³).

288 1206 389 1255 nous.
487 1198 535 1259 12.
560 1192 676 1256 *Item
691 1192 723 1276 ⁴)
748 1195 799 1258 lll
821 1204 902 1255 sunt
924 1191 1068 1256 omnino
1091 1190 1258 1273 syllabae,
1289 1213 1377 1278 quae
1400 1194 1436 1255 in
1459 1193 1592 1278 graecis
1613 1191 1729 1256 verbis
1752 1191 1868 1255 futuro

398 1296 548 1381 tempori
562 1298 749 1360 terminum
763 1294 904 1372 iaciunt,
928 1307 986 1358 ant
999 1297 1091 1359 enim
1106 1295 1142 1358 in
1159 1300 1243 1357 ·ΣΩ·
1258 1295 1341 1373 exit,
1357 1296 1466 1360 autin
1479 1299 1568 1374 ·ΞΩ·,
1592 1307 1651 1374 aut
1668 1297 1704 1358 in
1717 1300 1803 1356 um·
1813 1287 1868 1376 ⁵⁴),

398 1411 437 1462 ul
452 1402 486 1483 ⁶)
509 1403 661 1478 λαλήσω,
684 1405 810 1482 πράξω,
833 1403 944 1483 γράψω
961 1392 1015 1477 ⁵⁵).

487 1503 534 1566 13.
560 1502 645 1564 ltem
654 1498 692 1582 s)
717 1520 820 1564 omne
842 1521 1005 1586 praesens
1029 1513 1165 1586 tempus
1188 1499 1281 1586 apud
1298 1497 1452 1590 Gcaecos
1474 1501 1577 1563 inul-
1591 1499 1751 1563 desinens
1774 1499 1869 1564 modi

400 1603 598 1679 indicativi,
629 1604 767 1688 generis
800 1605 919 1680 activi,
947 1602 1046 1666 verbi
1073 1603 1325 1689 perispomeni,
1355 1603 1384 1665 si
1407 1602 1578 1665 secundae
1614 1603 1869 1687 coniugationis

282 1751 292 1769 ,
404 1706 458 1781 sit,
483 1705 623 1768 adhibet
645 1706 704 1768 fini
728 1725 790 1769 suo
814 1713 916 1767 ·MAl·
940 1705 1105 1786 syllabam
1129 1717 1163 1768 et
1185 1705 1267 1768 iacit
1289 1704 1331 1767 de
1355 1725 1390 1768 se
1412 1705 1605 1789 passivum
1627 1712 1709 1786 βοῶ,
1728 1713 1868 1787 pompam

400 1815 490 1887 τιμῶ,
513 1815 657 1887 τιμῶμαι.
681 1807 825 1872 sivero
848 1809 892 1872 sit
905 1809 1039 1893 primae
1055 1806 1109 1870 vel
1128 1809 1261 1884 tertiae,
1285 1819 1336 1873 ut·
1359 1809 1396 1872 in
1419 1813 1497 1871 ὈΨ
1520 1817 1665 1884 mutuo,
1689 1819 1723 1872 et
1744 1827 1868 1892 accep·

399 1920 434 1970 ta
451 1901 491 1988 ⁵⁶)
515 1909 676 1975 similiter
697 1915 811 1988 ·MA1·‚
834 1911 1007 1996 passivum
1023 1897 1116 1974 creat
1131 1917 1228 1992 φιλῶ,
1251 1919 1418 1992 φιλοῦμαις
1437 1918 1559 1989 ppoecs,
1581 1919 1759 1992 pposot'spm.
1785 1911 1868 1973 Per-

400 2013 626 2076 mutationem
643 2024 758 2076 autem
774 2017 827 2074 nil·
843 2014 879 2076 in
896 2019 973 2078 ·0r·
988 2011 1032 2076 de
1046 2013 1271 2077 circumflexo
1287 2025 1434 2078 accentu
1446 2014 1483 2096 ὅ)
1506 2013 1673 2078 indicium
1688 2026 1739 2079 est
1750 2010 1786 2098 ὁ)
1789 2060 1867 2078 .....

595 2251 660 2316 DE
682 2249 969 2352 DEEECTIVIS
991 2250 1162 2316 VERBIS
1185 2251 1278 2316 VEL
1296 2249 1610 2319 DICTlONIBUS
1631 2251 1670 2338 ἱ).
1780 2246 1788 2254 '

488 2407 536 2469 ll.
550 2406 637 2469 Tam
655 2408 747 2492 apud
763 2406 928 2484 Graecos,
953 2427 1057 2493 quam
1072 2407 1165 2493 apud
1180 2407 1324 2472 Latinos
1337 2408 1455 2495 aliqua
1470 2407 1576 2474 verba
1586 2409 1624 2470 in
1637 2407 1869 2472 declinatione

400 2502 622 2589 delicinnss).
651 2510 704 2573 De
734 2511 787 2573 his
819 2507 1033 2574 Graecorum
1060 2505 1103 2593 ⁵7)
1135 2510 1200 2573 ista
1230 2510 1384 2574 delinitio
1408 2523 1461 2575 est
1479 2509 1524 2594 ‘);
1555 2510 1605 2574 111
1634 2511 1727 2574 enim
1755 2511 1869 2574 modis

399 2606 520 2670 dicunt
542 2611 680 2672 evenire
704 2610 893 2688 delectum,
925 2595 983 2674 aut
1010 2611 1188 2676 intellectu
1211 2612 1393 2696 exigente,
1422 2625 1480 2676 ant
1502 2613 1626 2678 litteris
1648 2631 1721 2676 non
1742 2631 1871 2676 conve-

399 2707 585 2788 nientibus,
610 2724 668 2774 aut
690 2733 754 2776 usu
777 2714 972 2778 desistente.
995 2713 1052 2775 Ex
1074 2715 1127 2778 his
1149 2715 1185 2776 in
1208 2715 1345 2780 duobus
1368 2715 1543 2801 prioribus
1566 2715 1679 2779 modis
1701 2716 1870 2778 servimus

400 2811 607 2890 necessitati,
631 2813 668 2876 in
691 2816 792 2880 tertio
816 2816 1029 2880 reverentiae
1050 2818 1229 2910 vetustatis
1252 2817 1479 2905 obsequimur
1492 2821 1538 2904 ¹¹).
1566 2819 1635 2882 Per
1655 2815 1870 2881 intellectum

443 3097 480 3167 ὅ’)
506 3106 667 3170 comptum
692 3100 761 3153 ced.
786 3120 820 3154 ex
844 3121 893 3154 ena.
909 3121 952 3172 pr.
972 3120 1018 3165 nt„
1036 3093 1109 3175 quas
1131 3107 1252 3174 primum
1267 3113 1445 3178 ccrrnnplutn
1469 3110 1625 3178 scripserat.
1652 3105 1688 3175 ⁵¹)
1708 3105 1767 3158 ·01·
1788 3101 1872 3176 diph-

507 3183 610 3256 thongo
634 3219 671 3228 -
695 3189 763 3242 ot·
783 3177 899 3260 dypto-u'
916 3193 985 3246 Cod.
1011 3194 1047 3262 μ)
1067 3198 1107 3260 bu
1124 3223 1161 3232 -
1179 3212 1221 3266 χω
1241 3195 1309 3246 cod.
1339 3194 1374 3261 ⁵⁵)
1394 3193 1490 3271 γράψω
1508 3225 1544 3236 -
1561 3212 1659 3274 spapu
1680 3193 1747 3246 Cael.
1768 3194 1806 3264 ⁵⁶)
1825 3210 1872 3244 ac-

507 3282 586 3344 cepta
608 3275 676 3329 Caci.
697 3296 730 3331 ex
748 3296 799 3331 em.
817 3297 860 3350 pr.
877 3297 928 3344 m.,
946 3299 1019 3353 quas
1035 3283 1153 3352 primum
1173 3290 1272 3351 coepta
1294 3286 1448 3353 scripserat.
1468 3281 1504 3354 ⁵⁷)
1529 3281 1697 3336 Graecorum
1719 3313 1755 3322 —
1773 3299 1872 3352 greco-

507 3377 566 3411 rum
588 3363 656 3416 col.

444 3502 482 3570 α)
504 3517 610 3555 necesse
636 3515 675 3555 est
693 3509 764 3557 enim
783 3542 791 3560 .
811 3543 818 3558 .
838 3543 845 3558 .
866 3545 873 3558 .
892 3525 925 3561 stat
941 3507 1043 3582 finalis
1068 3521 1108 3561 est
1125 3537 1162 3550 ··-
1179 3505 1319 3571 „Necesse
1336 3520 1376 3562 est
1400 3513 1486 3571 enim,
1505 3521 1536 3563 ut
1553 3512 1642 3583 prima
1659 3510 1769 3581 syllaba
1788 3511 1872 3580 decli·

506 3595 626 3643 nationis
650 3595 686 3643 sit
710 3605 741 3644 ut
766 3584 810 3646 ht:
836 3595 957 3646 secunda
983 3599 1106 3668 originis,
1136 3609 1166 3648 ut
1184 3588 1231 3649 hu:
1259 3600 1340 3649 tertia
1367 3609 1395 3650 ut
1410 3597 1532 3671 finalis,
1558 3608 1623 3651 sta.“
1647 3593 1772 3650 Macrob.
1801 3594 1871 3652 edit.

506 3677 534 3746 b)
553 3696 607 3730 non
625 3677 730 3731 habuit.
749 3679 821 3733 Nola
841 3680 1039 3736 Graeciamutn.
1058 3683 1084 3751 c)
1103 3681 1206 3736 Tolum
1224 3680 1298 3735 bunc
1314 3680 1406 3737 locum
1424 3683 1487 3738 Nes
1504 3697 1531 3738 te
1549 3697 1675 3740 moueat.
1692 3724 1700 3739 .
1720 3723 1728 3736 .
1747 3722 1756 3741 .
1776 3687 1872 3738 debuit

506 3784 563 3818 esse
587 3772 736 3837 praeterito
761 3771 897 3837 perfeeto,
924 3766 1007 3838 longe
1025 3766 1105 3822 aliter
1122 3769 1151 3822 in
1170 3769 1293 3824 Macrob.
1322 3769 1390 3828 edit.
1409 3770 1541 3842 legimus:
1567 3775 1665 3846 ‚sErgo
1684 3775 1874 3854 stupnutt'pssns

506 3859 524 3904 i.
544 3873 567 3906 e.
586 3859 739 3923 pefictum
765 3861 853 3908 minus
879 3859 1020 3927 trhyllabc
1044 3876 1099 3909 non
1118 3863 1269 3921 inuenitur,
1294 3873 1406 3932 excepto
1425 3850 1494 3927 alda,
1511 3863 1587 3933 quod
1605 3861 1767 3932 bissllahum
1787 3874 1828 3914 est
1848 3873 1876 3914 ct

505 3945 699 4016 nopasatppsos.
725 3941 786 3998 Neo
811 3949 923 4007 mirum,
942 3963 1003 3996 cum
1020 3945 1072 3997 hoc
1091 3947 1200 3999 uerbum
1219 3951 1248 3998 in
1273 3949 1364 4000 multis
1382 3952 1496 4021 regulae
1513 3954 1628 4002 resistat
1657 3948 1775 4004 Natum
1794 3967 1875 4002 nant·

506 4046 560 4097 que
584 4033 750 4098 perfectum,
771 4031 963 4099 lavassemus,
983 4034 1018 4083 ab
1037 4033 1098 4084 ·01·
1122 4033 1292 4106 diphthongo
1315 4035 1444 4088 inchoare
1468 4043 1595 4108 reperies.
1613 4038 1682 4090 Item
1700 4055 1762 4090 cum
1780 4043 1876 4108 prima

508 4117 582 4168 uerbi
605 4123 703 4184 positio
730 4118 784 4172 ·E1·
810 4119 978 4192 diphthongo
1002 4121 1128 4184 inchoat,
1154 4127 1181 4176 in
1201 4123 1278 4174 nullo
1297 4135 1417 4191 tempore
1435 4137 1564 4178 mutatur.
1583 4125 1673 4177 Huius
1691 4127 1764 4178 uerbi
1783 4131 1876 4197 origo,

507 4207 524 4254 i.
551 4222 573 4254 e.
597 4197 673 4266 sidu,
704 4213 818 4260 nautavit
836 4208 891 4260 ut·
918 4214 947 4261 in
966 4207 1015 4261 ·01
1057 4213 1170 4282 Quoties
1186 4215 1340 4280 perfeetum
1363 4231 1380 4263 a
1398 4212 1482 4284 longa
1507 4219 1596 4265 oritur
1613 4231 1719 4266 necesse
1736 4226 1778 4266 est
1794 4219 1876 4284 plus-

506 4294 739 4362 quantperfiotum
757 4295 791 4347 ab
811 4297 905 4348 eadem
922 4315 1029 4366 semper
1047 4302 1173 4368 incipere,
1193 4299 1268 4370 quod
1285 4298 1336 4351 hoa
1355 4300 1463 4352 uerbum
1482 4303 1610 4372 negligit,
1631 4321 1694 4354 nant
1711 4303 1878 4374 plusquam·

505 4382 657 4450 perfectum
677 4377 749 4434 aidus
768 4397 823 4448 est,
849 4403 911 4437 cum
928 4389 1079 4454 penscctum
1098 4374 1157 4440 olda
1174 4393 1241 4440 εἰν*
1266 4387 1396 4439 Ceterum
1413 4383 1510 4439 lacuna
1529 4407 1610 4460 quarn
1630 4389 1659 4440 in
1678 4399 1774 4442 nostro
1795 4398 1877 4444 textu

504 4469 617 4539 punctis
643 4466 837 4534 indicavimus,
866 4489 899 4523 ex
917 4467 959 4524 his
979 4474 1020 4525 sic
1039 4473 1143 4544 poterit
1161 4471 1280 4544 expleri:
1308 4477 1447 4547 „Quoties
1463 4479 1614 4546 pefictum
1632 4497 1649 4530 a
1668 4479 1753 4550 longa
1773 4483 1879 4542 oritur,

504 4575 611 4611 necesse
630 4571 668 4610 est
685 4560 980 4630 plusquamperfectum
999 4563 1034 4613 ab
1053 4563 1147 4614 eadem
1164 4581 1269 4633 semper
1284 4567 1418 4634 incipere‚·
1436 4557 1594 4618 indesidem
1612 4566 1703 4618 debuit
1721 4583 1780 4618 esse
1790 4585 1881 4636 pree-

507 4651 586 4698 terito
611 4649 899 4717 plusquamperficta,
924 4667 987 4702 eum
1005 4662 1097 4703 tamen
1114 4655 1149 4703 sit
1168 4643 1282 4706 albata-‘¹
1307 4653 1338 4721 d)
1364 4653 1433 4705 Item
1450 4675 1488 4702 =
1505 4650 1628 4706 Maenob.
1649 4651 1715 4710 edit.
1741 4657 1768 4721 e)
1788 4667 1881 4708 ut:

505 4731 629 4786 Macrob.
649 4732 717 4786 edit.
735 4738 776 4801 s)
802 4735 871 4786 Item
887 4758 925 4786 =
942 4735 1065 4794 Macrob.
1092 4736 1159 4792 edit.
1186 4743 1218 4811 g)
1238 4753 1352 4792 accentu
1369 4771 1405 4780 -
1424 4753 1538 4794 accentu
1564 4750 1641 4798 nasei
1658 4739 1781 4794 Macrob.
1803 4741 1880 4796 edil.

507 4818 536 4888 h)
555 4821 608 4871 llic
627 4819 700 4892 apud
719 4838 771 4874 not
790 4831 949 4894 excerptum
972 4821 1160 4895 abrumpitur,
1184 4825 1260 4898 quod
1279 4825 1387 4896 longius
1406 4828 1435 4879 in
1454 4826 1578 4881 Macrob.
1598 4827 1665 4886 edit.
1685 4831 1879 4882 continuatur.

506 4907 527 4974 ι’)
547 4909 588 4958 uel
606 4911 768 4962 dictionibus
783 4933 820 4960 =
837 4908 961 4964 Macrob.
982 4910 1049 4966 edit.
1065 4915 1092 4980 l)
1108 4917 1189 4968 uerba
1207 4920 1235 4969 in
1249 4917 1432 4968 declinatione
1446 4917 1576 4989 deficiunt
1589 4949 1624 4958 -
1642 4918 1772 4992 deficiunt
1791 4921 1884 4973 verba

506 4997 534 5044 in
554 4993 734 5050 declinatione
752 4997 875 5052 Macrob.
896 4997 964 5052 edit.
983 5002 1004 5071 l)
1024 5003 1068 5054 De
1083 5002 1125 5055 his
1146 5005 1315 5058 Graecorum
1333 5010 1386 5057 ista
1404 5004 1528 5078 difinitio
1546 5018 1585 5059 est
1603 5029 1639 5056 =
1657 5001 1781 5058 Macrob.
1806 5006 1884 5062 edit.

506 5081 546 5151 ns)
573 5082 617 5132 1⁵21
642 5083 683 5135 his
697 5122 705 5137 .
720 5122 726 5136 .
741 5121 773 5138 ..
801 5088 975 5160 obsequimur
992 5119 1029 5131 -
1051 5091 1086 5144 Its
1109 5096 1205 5162 primis
1230 5094 1336 5148 duobus
1362 5097 1532 5157 neaenttau',
1558 5097 1587 5148 ln
1605 5099 1686 5148 lertio
1704 5102 1887 5150 reuerentiae

457 5223 458 5226 ,
507 5169 679 5239 obsequimur
697 5178 838 5229 uetustatis
856 5174 978 5230 Macrob.
1000 5173 1068 5232 edit.
