<?xml version="1.0" encoding="UTF-8"?>
<!DOCTYPE html PUBLIC "-//W3C//DTD XHTML 1.0 Transitional//EN"
    "http://www.w3.org/TR/xhtml1/DTD/xhtml1-transitional.dtd">
<html xmlns="http://www.w3.org/1999/xhtml" xml:lang="en" lang="en">
 <head>
  <title>
</title>
<meta http-equiv="Content-Type" content="text/html;charset=utf-8" />
  <meta name='ocr-system' content='tesseract 3.04.00' />
  <meta name='ocr-capabilities' content='ocr_page ocr_carea ocr_par ocr_line ocrx_word'/>
</head>
<body>
  <div class='ocr_page' id='page_1' title='image "./analectagrammat00eichgoog_0237.png"; bbox 0 0 4022 6068; ppageno 0'>
   <div class='ocr_carea' id='block_1_1' title="bbox 402 523 1578 608">
    <p class='ocr_par' dir='ltr' id='par_1_1' title="bbox 402 523 1578 608">
     <span class='ocr_line' id='line_1_1' title="bbox 402 523 1578 608; baseline -0.009 -18"><span class='ocrx_word' id='word_1_1' title='bbox 402 539 473 608; x_wconf 73' lang='lat'><strong>208</strong></span> <span class='ocrx_word' id='word_1_2' title='bbox 695 527 850 588; x_wconf 72' lang='lat' dir='ltr'><strong>lucter!</strong></span> <span class='ocrx_word' id='word_1_3' title='bbox 867 525 1069 582; x_wconf 69' lang='lat' dir='ltr'><strong>exeruerit</strong></span> <span class='ocrx_word' id='word_1_4' title='bbox 1085 523 1311 582; x_wconf 64' lang='lat' dir='ltr'><strong>secuuntur!</strong></span> <span class='ocrx_word' id='word_1_5' title='bbox 1331 523 1578 582; x_wconf 69' lang='lat' dir='ltr'>GRAMMATICI.</span> 
     </span>
    </p>
   </div>
   <div class='ocr_carea' id='block_1_2' title="bbox 294 673 1881 3012">
    <p class='ocr_par' dir='ltr' id='par_1_2' title="bbox 404 673 1881 964">
     <span class='ocr_line' id='line_1_2' title="bbox 490 673 1881 762; baseline -0.003 -14"><span class='ocrx_word' id='word_1_6' title='bbox 490 682 541 748; x_wconf 98' lang='grc'><strong>32.</strong></span> <span class='ocrx_word' id='word_1_7' title='bbox 572 677 751 744; x_wconf 78' lang='lat' dir='ltr'><strong>Pharum</strong></span> <span class='ocrx_word' id='word_1_8' title='bbox 782 693 909 761; x_wconf 82' lang='lat' dir='ltr'><strong>genere</strong></span> <span class='ocrx_word' id='word_1_9' title='bbox 939 673 1108 738; x_wconf 78' lang='lat' dir='ltr'><strong>feminino</strong></span> <span class='ocrx_word' id='word_1_10' title='bbox 1139 673 1287 739; x_wconf 83' lang='lat' dir='ltr'><strong>dicimus</strong></span> <span class='ocrx_word' id='word_1_11' title='bbox 1309 674 1351 757; x_wconf 87' lang='grc'><strong>·).</strong></span> <span class='ocrx_word' id='word_1_12' title='bbox 1378 709 1422 726; x_wconf 89' lang='lat'><strong>·-·</strong></span> <span class='ocrx_word' id='word_1_13' title='bbox 1467 674 1570 762; x_wconf 81' lang='lat' dir='ltr'><strong>Apis</strong></span> <span class='ocrx_word' id='word_1_14' title='bbox 1603 689 1722 742; x_wconf 78' lang='lat' dir='ltr'><strong>taum</strong></span> <span class='ocrx_word' id='word_1_15' title='bbox 1750 678 1881 744; x_wconf 87' lang='lat' dir='ltr'><strong>dicitur</strong></span> 
     </span>
     <span class='ocr_line' id='line_1_3' title="bbox 405 776 1880 870; baseline -0.001 -22"><span class='ocrx_word' id='word_1_16' title='bbox 405 783 497 870; x_wconf 85' lang='lat' dir='ltr'><strong>spud</strong></span> <span class='ocrx_word' id='word_1_17' title='bbox 523 781 733 866; x_wconf 79' lang='lat' dir='ltr'><strong>Aegyptios,</strong></span> <span class='ocrx_word' id='word_1_18' title='bbox 763 781 824 864; x_wconf 90' lang='lat' dir='ltr'><strong>qui</strong></span> <span class='ocrx_word' id='word_1_19' title='bbox 851 779 889 842; x_wconf 90' lang='lat' dir='ltr'><strong>in</strong></span> <span class='ocrx_word' id='word_1_20' title='bbox 917 790 1060 864; x_wconf 77' lang='lat' dir='ltr'>pectore</span> <span class='ocrx_word' id='word_1_21' title='bbox 1086 776 1204 841; x_wconf 88' lang='lat' dir='ltr'><strong>lunam</strong></span> <span class='ocrx_word' id='word_1_22' title='bbox 1233 776 1347 842; x_wconf 84' lang='lat' dir='ltr'><strong>albam</strong></span> <span class='ocrx_word' id='word_1_23' title='bbox 1377 776 1497 854; x_wconf 86' lang='lat' dir='ltr'><strong>habet,</strong></span> <span class='ocrx_word' id='word_1_24' title='bbox 1527 800 1617 865; x_wconf 89' lang='lat' dir='ltr'><strong>qnae</strong></span> <span class='ocrx_word' id='word_1_25' title='bbox 1638 779 1803 846; x_wconf 84' lang='lat' dir='ltr'><strong>adversus</strong></span> <span class='ocrx_word' id='word_1_26' title='bbox 1829 781 1880 846; x_wconf 92' lang='lat' dir='ltr'><strong>lu·</strong></span> 
     </span>
     <span class='ocr_line' id='line_1_4' title="bbox 404 880 1002 964; baseline -0.003 -16"><span class='ocrx_word' id='word_1_27' title='bbox 404 905 483 950; x_wconf 90' lang='lat' dir='ltr'><strong>nam</strong></span> <span class='ocrx_word' id='word_1_28' title='bbox 507 897 541 948; x_wconf 92' lang='lat' dir='ltr'><strong>et</strong></span> <span class='ocrx_word' id='word_1_29' title='bbox 564 883 688 948; x_wconf 89' lang='lat' dir='ltr'><strong>crescit</strong></span> <span class='ocrx_word' id='word_1_30' title='bbox 710 893 745 946; x_wconf 90' lang='lat' dir='ltr'><strong>et</strong></span> <span class='ocrx_word' id='word_1_31' title='bbox 767 881 937 948; x_wconf 80' lang='lat' dir='ltr'><strong>decrescit</strong></span> <span class='ocrx_word' id='word_1_32' title='bbox 955 880 1002 964; x_wconf 73' lang='lat'><strong>⁴).</strong></span> 
     </span>
    </p>

    <p class='ocr_par' dir='ltr' id='par_1_3' title="bbox 294 983 1879 1276">
     <span class='ocr_line' id='line_1_5' title="bbox 294 983 1879 1071; baseline 0.001 -22"><span class='ocrx_word' id='word_1_33' title='bbox 294 1000 393 1060; x_wconf 58' lang='lat' dir='ltr'><strong>reses.</strong></span> <span class='ocrx_word' id='word_1_34' title='bbox 490 990 540 1053; x_wconf 89' lang='grc'><strong>33.</strong></span> <span class='ocrx_word' id='word_1_35' title='bbox 570 985 838 1071; x_wconf 81' lang='lat' dir='ltr'><strong>*Imperatores</strong></span> <span class='ocrx_word' id='word_1_36' title='bbox 868 985 929 1070; x_wconf 91' lang='lat' dir='ltr'><strong>qui</strong></span> <span class='ocrx_word' id='word_1_37' title='bbox 956 985 1129 1060; x_wconf 83' lang='lat' dir='ltr'><strong>vicerant,</strong></span> <span class='ocrx_word' id='word_1_38' title='bbox 1160 984 1303 1048; x_wconf 88' lang='lat' dir='ltr'><strong>honeris</strong></span> <span class='ocrx_word' id='word_1_39' title='bbox 1333 984 1444 1070; x_wconf 75' lang='lat' dir='ltr'><strong>gratia</strong></span> <span class='ocrx_word' id='word_1_40' title='bbox 1471 996 1505 1048; x_wconf 90' lang='lat' dir='ltr'><strong>et</strong></span> <span class='ocrx_word' id='word_1_41' title='bbox 1526 985 1675 1070; x_wconf 81' lang='lat' dir='ltr'><strong>praemii</strong></span> <span class='ocrx_word' id='word_1_42' title='bbox 1697 983 1879 1050; x_wconf 75' lang='lat' dir='ltr'><strong>tibicinem</strong></span> 
     </span>
     <span class='ocr_line' id='line_1_6' title="bbox 309 1056 1879 1176; baseline 0 -22"><span class='ocrx_word' id='word_1_43' title='bbox 309 1056 380 1107; x_wconf 61' lang='lat'>‘⁰¹³’</span> <span class='ocrx_word' id='word_1_44' title='bbox 404 1087 623 1176; x_wconf 82' lang='lat' dir='ltr'><strong>accipiebant</strong></span> <span class='ocrx_word' id='word_1_45' title='bbox 644 1081 699 1170; x_wconf 83' lang='lat'><strong>¹⁸),</strong></span> <span class='ocrx_word' id='word_1_46' title='bbox 730 1087 909 1152; x_wconf 89' lang='lat' dir='ltr'><strong>candelam</strong></span> <span class='ocrx_word' id='word_1_47' title='bbox 939 1099 973 1150; x_wconf 88' lang='lat' dir='ltr'><strong>et</strong></span> <span class='ocrx_word' id='word_1_48' title='bbox 1001 1086 1120 1150; x_wconf 89' lang='lat' dir='ltr'><strong>sellam</strong></span> <span class='ocrx_word' id='word_1_49' title='bbox 1149 1087 1324 1164; x_wconf 83' lang='lat' dir='ltr'><strong>curulem;</strong></span> <span class='ocrx_word' id='word_1_50' title='bbox 1359 1087 1487 1151; x_wconf 79' lang='lat' dir='ltr'><strong>milites</strong></span> <span class='ocrx_word' id='word_1_51' title='bbox 1515 1088 1560 1152; x_wconf 91' lang='lat' dir='ltr'><strong>ad</strong></span> <span class='ocrx_word' id='word_1_52' title='bbox 1586 1089 1742 1154; x_wconf 88' lang='lat' dir='ltr'><strong>colonias</strong></span> <span class='ocrx_word' id='word_1_53' title='bbox 1771 1089 1879 1154; x_wconf 87' lang='lat' dir='ltr'><strong>duce-</strong></span> 
     </span>
     <span class='ocr_line' id='line_1_7' title="bbox 403 1180 1742 1276; baseline -0.011 -18"><span class='ocrx_word' id='word_1_54' title='bbox 403 1193 549 1269; x_wconf 81' lang='lat' dir='ltr'><strong>bantur,</strong></span> <span class='ocrx_word' id='word_1_55' title='bbox 574 1203 608 1254; x_wconf 87' lang='lat' dir='ltr'><strong>et</strong></span> <span class='ocrx_word' id='word_1_56' title='bbox 630 1191 805 1254; x_wconf 89' lang='lat' dir='ltr'><strong>territoria</strong></span> <span class='ocrx_word' id='word_1_57' title='bbox 826 1189 1054 1276; x_wconf 85' lang='lat' dir='ltr'><strong>accipiebant.</strong></span> <span class='ocrx_word' id='word_1_58' title='bbox 1737 1180 1742 1214; x_wconf 82' lang='lat'><em>³</em></span> 
     </span>
    </p>

    <p class='ocr_par' dir='ltr' id='par_1_4' title="bbox 488 1291 1876 1378">
     <span class='ocr_line' id='line_1_8' title="bbox 488 1291 1876 1378; baseline -0.001 -20"><span class='ocrx_word' id='word_1_59' title='bbox 488 1298 540 1360; x_wconf 90' lang='grc'><strong>34.</strong></span> <span class='ocrx_word' id='word_1_60' title='bbox 563 1293 991 1360; x_wconf 86' lang='lat' dir='ltr'><strong>Metatoresdemuum</strong></span> <span class='ocrx_word' id='word_1_61' title='bbox 1013 1291 1196 1368; x_wconf 87' lang='lat' dir='ltr'><strong>dicuntur,</strong></span> <span class='ocrx_word' id='word_1_62' title='bbox 1225 1291 1634 1356; x_wconf 81' lang='lat' dir='ltr'><strong>mensores-immenti</strong></span> <span class='ocrx_word' id='word_1_63' title='bbox 1664 1303 1698 1356; x_wconf 89' lang='lat' dir='ltr'><strong>et</strong></span> <span class='ocrx_word' id='word_1_64' title='bbox 1726 1291 1876 1378; x_wconf 77' lang='lat' dir='ltr'><strong>tragum.</strong></span> 
     </span>
    </p>

    <p class='ocr_par' dir='ltr' id='par_1_5' title="bbox 489 1394 1513 1481">
     <span class='ocr_line' id='line_1_9' title="bbox 489 1394 1513 1481; baseline -0.004 -19"><span class='ocrx_word' id='word_1_65' title='bbox 489 1400 540 1462; x_wconf 90' lang='lat'><strong>35.</strong></span> <span class='ocrx_word' id='word_1_66' title='bbox 564 1397 658 1459; x_wconf 89' lang='lat' dir='ltr'><strong>Haec</strong></span> <span class='ocrx_word' id='word_1_67' title='bbox 681 1415 900 1481; x_wconf 81' lang='lat' dir='ltr'><strong>conpages</strong></span> <span class='ocrx_word' id='word_1_68' title='bbox 924 1395 1067 1468; x_wconf 91' lang='lat' dir='ltr'><strong>dicitur,</strong></span> <span class='ocrx_word' id='word_1_69' title='bbox 1092 1412 1163 1456; x_wconf 90' lang='lat' dir='ltr'><strong>non</strong></span> <span class='ocrx_word' id='word_1_70' title='bbox 1186 1394 1273 1457; x_wconf 91' lang='lat' dir='ltr'><strong>haec</strong></span> <span class='ocrx_word' id='word_1_71' title='bbox 1296 1413 1455 1480; x_wconf 76' lang='lat' dir='ltr'><strong>conpago</strong></span> <span class='ocrx_word' id='word_1_72' title='bbox 1471 1396 1513 1477; x_wconf 77' lang='lat'><strong>‘).</strong></span> 
     </span>
    </p>

    <p class='ocr_par' dir='ltr' id='par_1_6' title="bbox 403 1492 1876 1788">
     <span class='ocr_line' id='line_1_10' title="bbox 489 1492 1876 1582; baseline -0.002 -18"><span class='ocrx_word' id='word_1_73' title='bbox 489 1500 540 1564; x_wconf 84' lang='grc'><strong>36.</strong></span> <span class='ocrx_word' id='word_1_74' title='bbox 567 1496 714 1582; x_wconf 75' lang='lat' dir='ltr'><strong>Antiqui</strong></span> <span class='ocrx_word' id='word_1_75' title='bbox 742 1497 964 1562; x_wconf 87' lang='lat' dir='ltr'><strong>declinabant</strong></span> <span class='ocrx_word' id='word_1_76' title='bbox 990 1494 1119 1574; x_wconf 89' lang='lat' dir='ltr'><strong>velle,</strong></span> <span class='ocrx_word' id='word_1_77' title='bbox 1147 1495 1282 1572; x_wconf 85' lang='lat' dir='ltr'><strong>vulsi,</strong></span> <span class='ocrx_word' id='word_1_78' title='bbox 1313 1497 1417 1560; x_wconf 92' lang='lat' dir='ltr'><strong>modo</strong></span> <span class='ocrx_word' id='word_1_79' title='bbox 1447 1515 1551 1560; x_wconf 88' lang='lat' dir='ltr'><strong>nemo</strong></span> <span class='ocrx_word' id='word_1_80' title='bbox 1574 1492 1660 1562; x_wconf 90' lang='lat' dir='ltr'><strong>dicit</strong></span> <span class='ocrx_word' id='word_1_81' title='bbox 1675 1493 1718 1574; x_wconf 68' lang='lat'><strong>⁴).</strong></span> <span class='ocrx_word' id='word_1_82' title='bbox 1739 1533 1783 1546; x_wconf 90' lang='lat'><em>-</em></span> <span class='ocrx_word' id='word_1_83' title='bbox 1807 1497 1876 1561; x_wconf 68' lang='lat' dir='ltr'><strong>Se</strong></span> 
     </span>
     <span class='ocr_line' id='line_1_11' title="bbox 403 1598 1875 1682; baseline -0.001 -18"><span class='ocrx_word' id='word_1_84' title='bbox 403 1603 594 1665; x_wconf 87' lang='lat' dir='ltr'><strong>minecns</strong></span> <span class='ocrx_word' id='word_1_85' title='bbox 622 1600 815 1664; x_wconf 87' lang='lat' dir='ltr'><strong>declinatur</strong></span> <span class='ocrx_word' id='word_1_86' title='bbox 844 1613 878 1664; x_wconf 90' lang='lat' dir='ltr'><strong>et</strong></span> <span class='ocrx_word' id='word_1_87' title='bbox 905 1599 954 1663; x_wconf 91' lang='lat' dir='ltr'><strong>ab</strong></span> <span class='ocrx_word' id='word_1_88' title='bbox 982 1601 1061 1662; x_wconf 90' lang='lat' dir='ltr'><strong>hoc</strong></span> <span class='ocrx_word' id='word_1_89' title='bbox 1085 1603 1126 1682; x_wconf 79' lang='lat'><strong>¹⁹)</strong></span> <span class='ocrx_word' id='word_1_90' title='bbox 1159 1598 1387 1674; x_wconf 89' lang='lat' dir='ltr'><strong>seminece,</strong></span> <span class='ocrx_word' id='word_1_91' title='bbox 1422 1599 1486 1662; x_wconf 90' lang='lat' dir='ltr'><strong>his</strong></span> <span class='ocrx_word' id='word_1_92' title='bbox 1517 1599 1808 1679; x_wconf 84' lang='lat' dir='ltr'><strong>seminecis&#39;).</strong></span> <span class='ocrx_word' id='word_1_93' title='bbox 1835 1637 1875 1648; x_wconf 94' lang='lat'><strong>—-</strong></span> 
     </span>
     <span class='ocr_line' id='line_1_12' title="bbox 403 1698 1763 1788; baseline -0.003 -20"><span class='ocrx_word' id='word_1_94' title='bbox 403 1703 558 1768; x_wconf 83' lang='lat' dir='ltr'><strong>Sensus</strong></span> <span class='ocrx_word' id='word_1_95' title='bbox 580 1722 729 1779; x_wconf 89' lang='lat' dir='ltr'><strong>nomen,</strong></span> <span class='ocrx_word' id='word_1_96' title='bbox 753 1723 875 1766; x_wconf 90' lang='lat' dir='ltr'><strong>sensa</strong></span> <span class='ocrx_word' id='word_1_97' title='bbox 896 1700 1177 1788; x_wconf 79' lang='lat' dir='ltr'><strong>participialiter,</strong></span> <span class='ocrx_word' id='word_1_98' title='bbox 1201 1703 1290 1766; x_wconf 90' lang='lat' dir='ltr'><strong>sicut</strong></span> <span class='ocrx_word' id='word_1_99' title='bbox 1313 1700 1433 1764; x_wconf 90' lang='lat' dir='ltr'><strong>sibus</strong></span> <span class='ocrx_word' id='word_1_100' title='bbox 1456 1714 1490 1764; x_wconf 87' lang='lat' dir='ltr'><strong>et</strong></span> <span class='ocrx_word' id='word_1_101' title='bbox 1512 1698 1704 1782; x_wconf 83' lang='lat' dir='ltr'><strong>sibiIas).</strong></span> <span class='ocrx_word' id='word_1_102' title='bbox 1720 1739 1763 1750; x_wconf 93' lang='lat'><em>-</em></span> 
     </span>
    </p>

    <p class='ocr_par' dir='ltr' id='par_1_7' title="bbox 487 1804 1339 1888">
     <span class='ocr_line' id='line_1_13' title="bbox 487 1804 1339 1888; baseline -0.004 -17"><span class='ocrx_word' id='word_1_103' title='bbox 487 1809 539 1871; x_wconf 80' lang='grc'><strong>37.</strong></span> <span class='ocrx_word' id='word_1_104' title='bbox 561 1804 824 1883; x_wconf 87' lang='lat' dir='ltr'><strong>Deductum,</strong></span> <span class='ocrx_word' id='word_1_105' title='bbox 847 1817 950 1869; x_wconf 88' lang='lat' dir='ltr'><strong>tenue</strong></span> <span class='ocrx_word' id='word_1_106' title='bbox 973 1815 1057 1888; x_wconf 89' lang='lat' dir='ltr'><strong>aput</strong></span> <span class='ocrx_word' id='word_1_107' title='bbox 1078 1805 1273 1888; x_wconf 80' lang='lat' dir='ltr'><strong>Vergilium</strong></span> <span class='ocrx_word' id='word_1_108' title='bbox 1292 1805 1339 1886; x_wconf 81' lang='grc'><strong>1).</strong></span> 
     </span>
    </p>

    <p class='ocr_par' dir='ltr' id='par_1_8' title="bbox 402 1903 1875 2085">
     <span class='ocr_line' id='line_1_14' title="bbox 487 1903 1875 1990; baseline -0.003 -18"><span class='ocrx_word' id='word_1_109' title='bbox 487 1911 539 1972; x_wconf 90' lang='grc'><strong>38.</strong></span> <span class='ocrx_word' id='word_1_110' title='bbox 562 1907 748 1982; x_wconf 84' lang='lat' dir='ltr'><strong>Vindex,</strong></span> <span class='ocrx_word' id='word_1_111' title='bbox 777 1907 827 1970; x_wconf 90' lang='lat' dir='ltr'><strong>sic</strong></span> <span class='ocrx_word' id='word_1_112' title='bbox 855 1906 998 1969; x_wconf 87' lang='lat' dir='ltr'><strong>nomine</strong></span> <span class='ocrx_word' id='word_1_113' title='bbox 1021 1905 1085 1969; x_wconf 87' lang='lat' dir='ltr'><strong>luit</strong></span> <span class='ocrx_word' id='word_1_114' title='bbox 1114 1907 1174 1990; x_wconf 91' lang='lat' dir='ltr'><strong>qui</strong></span> <span class='ocrx_word' id='word_1_115' title='bbox 1197 1907 1374 1970; x_wconf 90' lang='lat' dir='ltr'><strong>Neronem</strong></span> <span class='ocrx_word' id='word_1_116' title='bbox 1397 1903 1536 1970; x_wconf 89' lang='lat' dir='ltr'><strong>occidit.</strong></span> <span class='ocrx_word' id='word_1_117' title='bbox 1553 1941 1595 1954; x_wconf 89' lang='lat'><strong>—·</strong></span> <span class='ocrx_word' id='word_1_118' title='bbox 1625 1903 1772 1989; x_wconf 84' lang='lat' dir='ltr'><strong>Rapti,</strong></span> <span class='ocrx_word' id='word_1_119' title='bbox 1796 1925 1875 1969; x_wconf 88' lang='lat' dir='ltr'><strong>cur-</strong></span> 
     </span>
     <span class='ocr_line' id='line_1_15' title="bbox 402 2007 1020 2085; baseline -0.002 -12"><span class='ocrx_word' id='word_1_120' title='bbox 402 2009 466 2073; x_wconf 87' lang='lat' dir='ltr'><strong>sim</strong></span> <span class='ocrx_word' id='word_1_121' title='bbox 491 2009 581 2074; x_wconf 82' lang='lat' dir='ltr'><strong>lacti.</strong></span> <span class='ocrx_word' id='word_1_122' title='bbox 595 2046 639 2058; x_wconf 89' lang='lat'><em>-</em></span> <span class='ocrx_word' id='word_1_123' title='bbox 659 2007 865 2085; x_wconf 80' lang='lat' dir='ltr'><strong>Defende,</strong></span> <span class='ocrx_word' id='word_1_124' title='bbox 890 2009 1020 2072; x_wconf 89' lang='lat' dir='ltr'><strong>munio.</strong></span> 
     </span>
    </p>

    <p class='ocr_par' dir='ltr' id='par_1_9' title="bbox 399 2105 1874 2705">
     <span class='ocr_line' id='line_1_16' title="bbox 487 2105 1874 2197; baseline -0.004 -21"><span class='ocrx_word' id='word_1_125' title='bbox 487 2113 537 2180; x_wconf 84' lang='grc'><strong>39.</strong></span> <span class='ocrx_word' id='word_1_126' title='bbox 565 2110 743 2197; x_wconf 87' lang='lat' dir='ltr'><strong>Dapem,</strong></span> <span class='ocrx_word' id='word_1_127' title='bbox 773 2110 995 2194; x_wconf 84' lang='lat' dir='ltr'><strong>singulariter</strong></span> <span class='ocrx_word' id='word_1_128' title='bbox 1021 2129 1093 2174; x_wconf 86' lang='lat' dir='ltr'><strong>nen</strong></span> <span class='ocrx_word' id='word_1_129' title='bbox 1125 2109 1289 2186; x_wconf 91' lang='lat' dir='ltr'><strong>dicimus,</strong></span> <span class='ocrx_word' id='word_1_130' title='bbox 1321 2109 1382 2174; x_wconf 91' lang='lat' dir='ltr'><strong>sed</strong></span> <span class='ocrx_word' id='word_1_131' title='bbox 1408 2109 1590 2195; x_wconf 87' lang='lat' dir='ltr'><strong>pluraliter</strong></span> <span class='ocrx_word' id='word_1_132' title='bbox 1618 2105 1810 2191; x_wconf 67' lang='lat' dir='ltr'><strong>tantumt).</strong></span> <span class='ocrx_word' id='word_1_133' title='bbox 1834 2145 1874 2156; x_wconf 92' lang='lat'><em>-</em></span> 
     </span>
     <span class='ocr_line' id='line_1_17' title="bbox 402 2199 1874 2298; baseline -0.002 -22"><span class='ocrx_word' id='word_1_134' title='bbox 402 2213 619 2296; x_wconf 84' lang='lat' dir='ltr'><strong>Quiritem</strong></span> <span class='ocrx_word' id='word_1_135' title='bbox 643 2233 715 2278; x_wconf 89' lang='lat' dir='ltr'><strong>uon</strong></span> <span class='ocrx_word' id='word_1_136' title='bbox 738 2213 902 2290; x_wconf 89' lang='lat' dir='ltr'><strong>dicimus,</strong></span> <span class='ocrx_word' id='word_1_137' title='bbox 932 2213 993 2277; x_wconf 91' lang='lat' dir='ltr'><strong>sed</strong></span> <span class='ocrx_word' id='word_1_138' title='bbox 1021 2233 1167 2276; x_wconf 86' lang='lat' dir='ltr'><strong>numero</strong></span> <span class='ocrx_word' id='word_1_139' title='bbox 1191 2199 1318 2298; x_wconf 85' lang='lat' dir='ltr'><strong>plurali</strong></span> <span class='ocrx_word' id='word_1_140' title='bbox 1340 2223 1492 2284; x_wconf 86' lang='lat' dir='ltr'><strong>tantum,</strong></span> <span class='ocrx_word' id='word_1_141' title='bbox 1524 2223 1677 2274; x_wconf 91' lang='lat' dir='ltr'><strong>ceterum</strong></span> <span class='ocrx_word' id='word_1_142' title='bbox 1701 2213 1729 2274; x_wconf 91' lang='lat' dir='ltr'><strong>si</strong></span> <span class='ocrx_word' id='word_1_143' title='bbox 1753 2209 1874 2274; x_wconf 89' lang='lat' dir='ltr'><strong>volue-</strong></span> 
     </span>
     <span class='ocr_line' id='line_1_18' title="bbox 401 2311 1873 2400; baseline -0.003 -22"><span class='ocrx_word' id='word_1_144' title='bbox 401 2316 447 2378; x_wconf 89' lang='lat' dir='ltr'><strong>ris</strong></span> <span class='ocrx_word' id='word_1_145' title='bbox 471 2314 582 2379; x_wconf 84' lang='lat' dir='ltr'><strong>lacere</strong></span> <span class='ocrx_word' id='word_1_146' title='bbox 612 2317 866 2380; x_wconf 87' lang='lat' dir='ltr'><strong>nominativum</strong></span> <span class='ocrx_word' id='word_1_147' title='bbox 889 2315 1117 2400; x_wconf 85' lang='lat' dir='ltr'><strong>singularem,</strong></span> <span class='ocrx_word' id='word_1_148' title='bbox 1148 2315 1213 2378; x_wconf 90' lang='lat' dir='ltr'><strong>erit</strong></span> <span class='ocrx_word' id='word_1_149' title='bbox 1235 2316 1293 2380; x_wconf 91' lang='lat' dir='ltr'><strong>hic</strong></span> <span class='ocrx_word' id='word_1_150' title='bbox 1324 2313 1515 2400; x_wconf 85' lang='lat' dir='ltr'><strong>Quiritis</strong></span> <span class='ocrx_word' id='word_1_151' title='bbox 1537 2314 1576 2396; x_wconf 81' lang='grc'><strong>”).</strong></span> <span class='ocrx_word' id='word_1_152' title='bbox 1592 2351 1634 2360; x_wconf 88' lang='grc'><strong>-</strong></span> <span class='ocrx_word' id='word_1_153' title='bbox 1659 2311 1710 2376; x_wconf 78' lang='lat' dir='ltr'><strong>Ab</strong></span> <span class='ocrx_word' id='word_1_154' title='bbox 1732 2313 1813 2375; x_wconf 87' lang='lat' dir='ltr'><strong>bac</strong></span> <span class='ocrx_word' id='word_1_155' title='bbox 1832 2313 1873 2392; x_wconf 87' lang='lat'><strong>”)</strong></span> 
     </span>
     <span class='ocr_line' id='line_1_19' title="bbox 399 2414 1873 2500; baseline -0.001 -22"><span class='ocrx_word' id='word_1_156' title='bbox 399 2416 523 2480; x_wconf 88' lang='lat' dir='ltr'><strong>lauru</strong></span> <span class='ocrx_word' id='word_1_157' title='bbox 544 2437 616 2480; x_wconf 90' lang='lat' dir='ltr'><strong>uon</strong></span> <span class='ocrx_word' id='word_1_158' title='bbox 639 2418 803 2492; x_wconf 87' lang='lat' dir='ltr'><strong>dicimus,</strong></span> <span class='ocrx_word' id='word_1_159' title='bbox 834 2417 895 2480; x_wconf 87' lang='lat' dir='ltr'><strong>sed</strong></span> <span class='ocrx_word' id='word_1_160' title='bbox 917 2417 960 2481; x_wconf 87' lang='lat' dir='ltr'><strong>ab</strong></span> <span class='ocrx_word' id='word_1_161' title='bbox 992 2419 1068 2482; x_wconf 89' lang='lat' dir='ltr'><strong>hac</strong></span> <span class='ocrx_word' id='word_1_162' title='bbox 1097 2415 1340 2500; x_wconf 74' lang='lat' dir='ltr'><strong>lauro¹).-</strong></span> <span class='ocrx_word' id='word_1_163' title='bbox 1369 2417 1644 2492; x_wconf 85' lang='lat' dir='ltr'><strong>Tesserarum</strong></span> <span class='ocrx_word' id='word_1_164' title='bbox 1674 2425 1760 2499; x_wconf 85' lang='lat' dir='ltr'><strong>aput</strong></span> <span class='ocrx_word' id='word_1_165' title='bbox 1782 2414 1873 2477; x_wconf 88' lang='lat' dir='ltr'><strong>anti·</strong></span> 
     </span>
     <span class='ocr_line' id='line_1_20' title="bbox 401 2515 1872 2602; baseline -0.001 -22"><span class='ocrx_word' id='word_1_166' title='bbox 401 2537 489 2602; x_wconf 90' lang='lat' dir='ltr'><strong>qnos</strong></span> <span class='ocrx_word' id='word_1_167' title='bbox 519 2529 617 2580; x_wconf 90' lang='lat' dir='ltr'><strong>erant</strong></span> <span class='ocrx_word' id='word_1_168' title='bbox 640 2521 681 2598; x_wconf 75' lang='lat'><strong>²²)</strong></span> <span class='ocrx_word' id='word_1_169' title='bbox 709 2520 805 2582; x_wconf 90' lang='lat' dir='ltr'><strong>varia</strong></span> <span class='ocrx_word' id='word_1_170' title='bbox 835 2520 994 2595; x_wconf 89' lang='lat' dir='ltr'><strong>nomina,</strong></span> <span class='ocrx_word' id='word_1_171' title='bbox 1027 2520 1221 2584; x_wconf 84' lang='lat' dir='ltr'><strong>vulturis</strong></span> <span class='ocrx_word' id='word_1_172' title='bbox 1242 2521 1304 2602; x_wconf 78' lang='lat'><strong>⁹²),</strong></span> <span class='ocrx_word' id='word_1_173' title='bbox 1339 2517 1545 2590; x_wconf 91' lang='lat' dir='ltr'><strong>caniculi,</strong></span> <span class='ocrx_word' id='word_1_174' title='bbox 1579 2517 1779 2588; x_wconf 86' lang='lat' dir='ltr'><strong>Veneris,</strong></span> <span class='ocrx_word' id='word_1_175' title='bbox 1813 2515 1872 2579; x_wconf 85' lang='lat' dir='ltr'><strong>sed</strong></span> 
     </span>
     <span class='ocr_line' id='line_1_21' title="bbox 401 2617 1077 2705; baseline 0.003 -22"><span class='ocrx_word' id='word_1_176' title='bbox 401 2632 517 2683; x_wconf 91' lang='lat' dir='ltr'><strong>tamen</strong></span> <span class='ocrx_word' id='word_1_177' title='bbox 539 2617 725 2682; x_wconf 87' lang='lat' dir='ltr'><strong>Veneris</strong></span> <span class='ocrx_word' id='word_1_178' title='bbox 749 2631 847 2682; x_wconf 87' lang='lat' dir='ltr'><strong>erant</strong></span> <span class='ocrx_word' id='word_1_179' title='bbox 865 2621 1016 2705; x_wconf 91' lang='lat' dir='ltr'><strong>optimae</strong></span> <span class='ocrx_word' id='word_1_180' title='bbox 1036 2620 1077 2705; x_wconf 82' lang='lat'><strong>‘).</strong></span> 
     </span>
    </p>

    <p class='ocr_par' dir='ltr' id='par_1_10' title="bbox 485 2707 1307 2808">
     <span class='ocr_line' id='line_1_22' title="bbox 485 2707 1307 2808; baseline 0.001 -23"><span class='ocrx_word' id='word_1_181' title='bbox 485 2724 537 2785; x_wconf 86' lang='lat' dir='ltr'><strong>se.</strong></span> <span class='ocrx_word' id='word_1_182' title='bbox 562 2719 790 2784; x_wconf 87' lang='lat' dir='ltr'><strong>Canusium</strong></span> <span class='ocrx_word' id='word_1_183' title='bbox 814 2721 983 2807; x_wconf 91' lang='lat' dir='ltr'><strong>oppidum</strong></span> <span class='ocrx_word' id='word_1_184' title='bbox 1008 2736 1058 2787; x_wconf 89' lang='lat' dir='ltr'><strong>est</strong></span> <span class='ocrx_word' id='word_1_185' title='bbox 1079 2722 1224 2808; x_wconf 82' lang='lat' dir='ltr'><strong>Apuliae</strong></span> <span class='ocrx_word' id='word_1_186' title='bbox 1242 2707 1307 2806; x_wconf 67' lang='lat'><strong>¹⁸5).¹</strong></span> 
     </span>
    </p>

    <p class='ocr_par' dir='ltr' id='par_1_11' title="bbox 401 2817 1873 3012">
     <span class='ocr_line' id='line_1_23' title="bbox 486 2817 1872 2908; baseline -0.002 -22"><span class='ocrx_word' id='word_1_187' title='bbox 486 2825 537 2887; x_wconf 91' lang='grc'><strong>41.</strong></span> <span class='ocrx_word' id='word_1_188' title='bbox 566 2821 804 2905; x_wconf 90' lang='lat' dir='ltr'><strong>Berenyees</strong></span> <span class='ocrx_word' id='word_1_189' title='bbox 824 2817 867 2906; x_wconf 84' lang='lat'><strong>²³)</strong></span> <span class='ocrx_word' id='word_1_190' title='bbox 890 2843 1019 2887; x_wconf 92' lang='lat' dir='ltr'><strong>nomen</strong></span> <span class='ocrx_word' id='word_1_191' title='bbox 1042 2824 1171 2888; x_wconf 90' lang='lat' dir='ltr'><strong>sororis</strong></span> <span class='ocrx_word' id='word_1_192' title='bbox 1194 2837 1246 2888; x_wconf 91' lang='lat' dir='ltr'><strong>est</strong></span> <span class='ocrx_word' id='word_1_193' title='bbox 1268 2822 1523 2899; x_wconf 88' lang='lat' dir='ltr'><strong>Ptolemaei,</strong></span> <span class='ocrx_word' id='word_1_194' title='bbox 1547 2833 1652 2908; x_wconf 89' lang='lat' dir='ltr'><strong>quam</strong></span> <span class='ocrx_word' id='word_1_195' title='bbox 1676 2823 1816 2894; x_wconf 85' lang='lat' dir='ltr'><strong>amavit,</strong></span> <span class='ocrx_word' id='word_1_196' title='bbox 1841 2833 1872 2884; x_wconf 93' lang='lat' dir='ltr'><strong>et</strong></span> 
     </span>
     <span class='ocr_line' id='line_1_24' title="bbox 401 2923 1873 3012; baseline -0.003 -24"><span class='ocrx_word' id='word_1_197' title='bbox 401 2923 496 2988; x_wconf 87' lang='lat' dir='ltr'><strong>dedit</strong></span> <span class='ocrx_word' id='word_1_198' title='bbox 519 2923 550 2986; x_wconf 89' lang='lat' dir='ltr'><strong>ei</strong></span> <span class='ocrx_word' id='word_1_199' title='bbox 573 2925 744 3008; x_wconf 81' lang='lat' dir='ltr'><strong>optImum</strong></span> <span class='ocrx_word' id='word_1_200' title='bbox 768 2926 933 2990; x_wconf 87' lang='lat' dir='ltr'><strong>annulum</strong></span> <span class='ocrx_word' id='word_1_201' title='bbox 958 2946 1037 2991; x_wconf 91' lang='lat' dir='ltr'><strong>cum</strong></span> <span class='ocrx_word' id='word_1_202' title='bbox 1059 2945 1197 3010; x_wconf 82' lang='lat' dir='ltr'><strong>gemma</strong></span> <span class='ocrx_word' id='word_1_203' title='bbox 1225 2926 1388 3012; x_wconf 90' lang='lat' dir='ltr'><strong>pretiosa,</strong></span> <span class='ocrx_word' id='word_1_204' title='bbox 1422 2925 1549 2990; x_wconf 81' lang='lat' dir='ltr'><strong>exinde</strong></span> <span class='ocrx_word' id='word_1_205' title='bbox 1576 2925 1750 3010; x_wconf 89' lang='lat' dir='ltr'><strong>pretiosae</strong></span> <span class='ocrx_word' id='word_1_206' title='bbox 1773 2943 1873 3006; x_wconf 81' lang='lat' dir='ltr'><strong>gem-</strong></span> 
     </span>
    </p>
   </div>
   <div class='ocr_carea' id='block_1_3' title="bbox 398 3019 1874 3724">
    <p class='ocr_par' dir='ltr' id='par_1_12' title="bbox 399 3019 1128 3114">
     <span class='ocr_line' id='line_1_25' title="bbox 399 3019 1128 3114; baseline 0.007 -26"><span class='ocrx_word' id='word_1_207' title='bbox 399 3047 475 3090; x_wconf 91' lang='lat' dir='ltr'><strong>mae</strong></span> <span class='ocrx_word' id='word_1_208' title='bbox 497 3025 729 3107; x_wconf 87' lang='lat' dir='ltr'><strong>Berenyeis</strong></span> <span class='ocrx_word' id='word_1_209' title='bbox 742 3019 784 3110; x_wconf 66' lang='lat'><strong>²⁴)</strong></span> <span class='ocrx_word' id='word_1_210' title='bbox 808 3028 1073 3114; x_wconf 83' lang='lat' dir='ltr'><strong>appellabantur</strong></span> <span class='ocrx_word' id='word_1_211' title='bbox 1088 3029 1128 3110; x_wconf 78' lang='lat'><strong>⁸).</strong></span> 
     </span>
    </p>

    <p class='ocr_par' dir='ltr' id='par_1_13' title="bbox 399 3127 1874 3315">
     <span class='ocr_line' id='line_1_26' title="bbox 484 3127 1874 3216; baseline -0.003 -23"><span class='ocrx_word' id='word_1_212' title='bbox 484 3131 536 3193; x_wconf 87' lang='grc'><strong>42.</strong></span> <span class='ocrx_word' id='word_1_213' title='bbox 569 3127 652 3192; x_wconf 81' lang='lat' dir='ltr'><strong>Cea</strong></span> <span class='ocrx_word' id='word_1_214' title='bbox 682 3128 794 3194; x_wconf 89' lang='lat' dir='ltr'><strong>insula</strong></span> <span class='ocrx_word' id='word_1_215' title='bbox 824 3143 875 3194; x_wconf 91' lang='lat' dir='ltr'><strong>est</strong></span> <span class='ocrx_word' id='word_1_216' title='bbox 903 3132 1016 3216; x_wconf 86' lang='lat' dir='ltr'><strong>patria</strong></span> <span class='ocrx_word' id='word_1_217' title='bbox 1046 3129 1396 3214; x_wconf 48' lang='lat' dir='ltr'><strong>Simonidisfqui</strong></span> <span class='ocrx_word' id='word_1_218' title='bbox 1418 3130 1597 3192; x_wconf 86' lang='lat' dir='ltr'><strong>neniarum</strong></span> <span class='ocrx_word' id='word_1_219' title='bbox 1627 3139 1781 3190; x_wconf 89' lang='lat' dir='ltr'><strong>metrum·</strong></span> <span class='ocrx_word' id='word_1_220' title='bbox 1801 3128 1874 3212; x_wconf 91' lang='lat' dir='ltr'><strong>pri-</strong></span> 
     </span>
     <span class='ocr_line' id='line_1_27' title="bbox 399 3229 695 3315; baseline 0.007 -23"><span class='ocrx_word' id='word_1_221' title='bbox 399 3251 474 3294; x_wconf 87' lang='lat' dir='ltr'><strong>mus</strong></span> <span class='ocrx_word' id='word_1_222' title='bbox 497 3229 635 3315; x_wconf 90' lang='lat' dir='ltr'><strong>scripsit</strong></span> <span class='ocrx_word' id='word_1_223' title='bbox 651 3231 695 3312; x_wconf 86' lang='lat'><strong>⁰).</strong></span> 
     </span>
    </p>

    <p class='ocr_par' dir='ltr' id='par_1_14' title="bbox 398 3331 1874 3516">
     <span class='ocr_line' id='line_1_28' title="bbox 484 3331 1874 3420; baseline -0.004 -22"><span class='ocrx_word' id='word_1_224' title='bbox 484 3335 535 3398; x_wconf 88' lang='grc'><strong>43.</strong></span> <span class='ocrx_word' id='word_1_225' title='bbox 567 3331 764 3396; x_wconf 81' lang='lat' dir='ltr'><strong>Perfidus</strong></span> <span class='ocrx_word' id='word_1_226' title='bbox 794 3346 845 3398; x_wconf 88' lang='lat' dir='ltr'><strong>est</strong></span> <span class='ocrx_word' id='word_1_227' title='bbox 874 3335 935 3419; x_wconf 90' lang='lat' dir='ltr'><strong>qui</strong></span> <span class='ocrx_word' id='word_1_228' title='bbox 965 3335 1067 3400; x_wconf 86' lang='lat' dir='ltr'><strong>fidem</strong></span> <span class='ocrx_word' id='word_1_229' title='bbox 1096 3332 1223 3420; x_wconf 76' lang='lat' dir='ltr'><strong>frangit</strong></span> <span class='ocrx_word' id='word_1_230' title='bbox 1254 3332 1482 3418; x_wconf 89' lang='lat' dir='ltr'><strong>aliquotiens,</strong></span> <span class='ocrx_word' id='word_1_231' title='bbox 1514 3331 1782 3419; x_wconf 79' lang='lat' dir='ltr'><strong>perfidiosus</strong></span> <span class='ocrx_word' id='word_1_232' title='bbox 1813 3332 1874 3414; x_wconf 91' lang='lat' dir='ltr'><strong>qui</strong></span> 
     </span>
     <span class='ocr_line' id='line_1_29' title="bbox 398 3435 805 3516; baseline 0 -18"><span class='ocrx_word' id='word_1_233' title='bbox 398 3435 542 3498; x_wconf 90' lang='lat' dir='ltr'><strong>omnino</strong></span> <span class='ocrx_word' id='word_1_234' title='bbox 565 3447 660 3498; x_wconf 91' lang='lat' dir='ltr'><strong>caret</strong></span> <span class='ocrx_word' id='word_1_235' title='bbox 681 3435 747 3498; x_wconf 89' lang='lat' dir='ltr'><strong>fide</strong></span> <span class='ocrx_word' id='word_1_236' title='bbox 762 3435 805 3516; x_wconf 83' lang='grc'><strong>1).</strong></span> 
     </span>
    </p>

    <p class='ocr_par' dir='ltr' id='par_1_15' title="bbox 398 3536 1872 3724">
     <span class='ocr_line' id='line_1_30' title="bbox 484 3536 1872 3622; baseline -0.005 -19"><span class='ocrx_word' id='word_1_237' title='bbox 484 3541 534 3603; x_wconf 92' lang='grc'><strong>44.</strong></span> <span class='ocrx_word' id='word_1_238' title='bbox 564 3538 668 3622; x_wconf 78' lang='lat' dir='ltr'><strong>Apud</strong></span> <span class='ocrx_word' id='word_1_239' title='bbox 695 3537 857 3621; x_wconf 89' lang='lat' dir='ltr'><strong>antiquos</strong></span> <span class='ocrx_word' id='word_1_240' title='bbox 886 3558 1050 3602; x_wconf 90' lang='lat' dir='ltr'><strong>numerus</strong></span> <span class='ocrx_word' id='word_1_241' title='bbox 1082 3539 1173 3601; x_wconf 88' lang='lat' dir='ltr'><strong>vitae</strong></span> <span class='ocrx_word' id='word_1_242' title='bbox 1204 3538 1338 3602; x_wconf 89' lang='lat' dir='ltr'><strong>dierum</strong></span> <span class='ocrx_word' id='word_1_243' title='bbox 1369 3549 1403 3602; x_wconf 93' lang='lat' dir='ltr'><strong>et</strong></span> <span class='ocrx_word' id='word_1_244' title='bbox 1431 3537 1578 3622; x_wconf 88' lang='lat' dir='ltr'><strong>qualitas</strong></span> <span class='ocrx_word' id='word_1_245' title='bbox 1606 3536 1872 3610; x_wconf 88' lang='lat' dir='ltr'><strong>numerabatur,</strong></span> 
     </span>
     <span class='ocr_line' id='line_1_31' title="bbox 398 3633 1872 3724; baseline -0.005 -20"><span class='ocrx_word' id='word_1_246' title='bbox 398 3652 431 3704; x_wconf 89' lang='lat' dir='ltr'><strong>et</strong></span> <span class='ocrx_word' id='word_1_247' title='bbox 452 3639 537 3704; x_wconf 88' lang='lat' dir='ltr'><strong>boni</strong></span> <span class='ocrx_word' id='word_1_248' title='bbox 560 3639 633 3704; x_wconf 90' lang='lat' dir='ltr'><strong>dies</strong></span> <span class='ocrx_word' id='word_1_249' title='bbox 656 3638 744 3702; x_wconf 89' lang='lat' dir='ltr'><strong>albis</strong></span> <span class='ocrx_word' id='word_1_250' title='bbox 768 3639 909 3703; x_wconf 86' lang='lat' dir='ltr'><strong>calculis</strong></span> <span class='ocrx_word' id='word_1_251' title='bbox 933 3639 1158 3723; x_wconf 85' lang='lat' dir='ltr'><strong>signabantur</strong></span> <span class='ocrx_word' id='word_1_252' title='bbox 1172 3634 1226 3720; x_wconf 83' lang='lat'><strong>²⁵),</strong></span> <span class='ocrx_word' id='word_1_253' title='bbox 1251 3639 1331 3703; x_wconf 92' lang='lat' dir='ltr'><strong>mali</strong></span> <span class='ocrx_word' id='word_1_254' title='bbox 1347 3633 1390 3720; x_wconf 72' lang='lat'><strong>²⁰)</strong></span> <span class='ocrx_word' id='word_1_255' title='bbox 1413 3641 1535 3724; x_wconf 84' lang='lat' dir='ltr'><strong>nigris,</strong></span> <span class='ocrx_word' id='word_1_256' title='bbox 1558 3639 1661 3703; x_wconf 89' lang='lat' dir='ltr'><strong>etiam</strong></span> <span class='ocrx_word' id='word_1_257' title='bbox 1678 3649 1759 3724; x_wconf 87' lang='lat' dir='ltr'><strong>post</strong></span> <span class='ocrx_word' id='word_1_258' title='bbox 1776 3657 1872 3700; x_wconf 90' lang='lat' dir='ltr'><strong>mor-</strong></span> 
     </span>
    </p>
   </div>
   <div class='ocr_carea' id='block_1_4' title="bbox 443 3993 1877 4422">
    <p class='ocr_par' dir='ltr' id='par_1_16' title="bbox 443 3993 1877 4422">
     <span class='ocr_line' id='line_1_32' title="bbox 443 3993 1875 4072; baseline 0.001 -21"><span class='ocrx_word' id='word_1_259' title='bbox 443 4002 476 4067; x_wconf 85' lang='lat'><strong>&#39;&#39;)</strong></span> <span class='ocrx_word' id='word_1_260' title='bbox 503 3993 730 4070; x_wconf 80' lang='lat' dir='ltr'><strong>accipiebant-</strong></span> <span class='ocrx_word' id='word_1_261' title='bbox 749 3997 838 4068; x_wconf 78' lang='lat' dir='ltr'><strong>accipi</strong></span> <span class='ocrx_word' id='word_1_262' title='bbox 860 3999 927 4052; x_wconf 74' lang='lat' dir='ltr'><strong>cod.</strong></span> <span class='ocrx_word' id='word_1_263' title='bbox 954 4005 993 4052; x_wconf 81' lang='lat' dir='ltr'><strong>its</strong></span> <span class='ocrx_word' id='word_1_264' title='bbox 1012 4012 1039 4052; x_wconf 85' lang='lat' dir='ltr'><strong>et</strong></span> <span class='ocrx_word' id='word_1_265' title='bbox 1056 4018 1119 4052; x_wconf 73' lang='lat' dir='ltr'><strong>mee</strong></span> <span class='ocrx_word' id='word_1_266' title='bbox 1138 4003 1221 4067; x_wconf 80' lang='lat' dir='ltr'><strong>infra.</strong></span> <span class='ocrx_word' id='word_1_267' title='bbox 1252 3997 1367 4070; x_wconf 69' lang='grc' dir='ltr'><strong>Ι1)3οιι,</strong></span> <span class='ocrx_word' id='word_1_268' title='bbox 1388 4001 1499 4054; x_wconf 76' lang='lat' dir='ltr'><strong>Codex</strong></span> <span class='ocrx_word' id='word_1_269' title='bbox 1520 4021 1569 4054; x_wconf 83' lang='lat' dir='ltr'><strong>em.</strong></span> <span class='ocrx_word' id='word_1_270' title='bbox 1593 4020 1634 4071; x_wconf 79' lang='lat' dir='ltr'><strong>pr.</strong></span> <span class='ocrx_word' id='word_1_271' title='bbox 1656 4019 1703 4062; x_wconf 78' lang='lat' dir='ltr'><strong>m,</strong></span> <span class='ocrx_word' id='word_1_272' title='bbox 1721 4018 1797 4072; x_wconf 80' lang='lat' dir='ltr'><strong>quae</strong></span> <span class='ocrx_word' id='word_1_273' title='bbox 1812 4005 1875 4071; x_wconf 72' lang='grc' dir='ltr'><strong>μη·-</strong></span> 
     </span>
     <span class='ocr_line' id='line_1_33' title="bbox 502 4081 1874 4159; baseline 0.002 -21"><span class='ocrx_word' id='word_1_274' title='bbox 502 4105 575 4138; x_wconf 88' lang='lat' dir='ltr'><strong>mssm</strong></span> <span class='ocrx_word' id='word_1_275' title='bbox 594 4102 628 4138; x_wconf 90' lang='lat' dir='ltr'><strong>ec</strong></span> <span class='ocrx_word' id='word_1_276' title='bbox 645 4089 800 4156; x_wconf 78' lang='lat' dir='ltr'><strong>scripserat.</strong></span> <span class='ocrx_word' id='word_1_277' title='bbox 830 4086 865 4157; x_wconf 74' lang='lat'><strong>¹⁰)</strong></span> <span class='ocrx_word' id='word_1_278' title='bbox 884 4081 935 4138; x_wconf 86' lang='lat' dir='ltr'><strong>bsc</strong></span> <span class='ocrx_word' id='word_1_279' title='bbox 953 4120 988 4128; x_wconf 90' lang='lat'><em>-</em></span> <span class='ocrx_word' id='word_1_280' title='bbox 1006 4105 1038 4138; x_wconf 80' lang='lat' dir='ltr'><strong>ae</strong></span> <span class='ocrx_word' id='word_1_281' title='bbox 1059 4087 1126 4140; x_wconf 74' lang='lat' dir='ltr'><strong>cod.</strong></span> <span class='ocrx_word' id='word_1_282' title='bbox 1155 4089 1189 4159; x_wconf 83' lang='lat'><strong>¹¹)</strong></span> <span class='ocrx_word' id='word_1_283' title='bbox 1209 4096 1286 4140; x_wconf 88' lang='lat' dir='ltr'><strong>ersnt</strong></span> <span class='ocrx_word' id='word_1_284' title='bbox 1303 4119 1338 4130; x_wconf 92' lang='lat'><em>-</em></span> <span class='ocrx_word' id='word_1_285' title='bbox 1357 4105 1420 4140; x_wconf 85' lang='lat' dir='ltr'><strong>erun</strong></span> <span class='ocrx_word' id='word_1_286' title='bbox 1449 4091 1517 4144; x_wconf 78' lang='lat' dir='ltr'><strong>cod.</strong></span> <span class='ocrx_word' id='word_1_287' title='bbox 1543 4091 1578 4158; x_wconf 84' lang='grc'><strong>”)</strong></span> <span class='ocrx_word' id='word_1_288' title='bbox 1604 4085 1718 4141; x_wconf 75' lang='lat' dir='ltr'><strong>vulturis</strong></span> <span class='ocrx_word' id='word_1_289' title='bbox 1746 4089 1815 4140; x_wconf 76' lang='lat' dir='ltr'><strong>cod.</strong></span> <span class='ocrx_word' id='word_1_290' title='bbox 1834 4107 1874 4141; x_wconf 75' lang='lat' dir='ltr'><strong>e:</strong></span> 
     </span>
     <span class='ocr_line' id='line_1_34' title="bbox 502 4171 1876 4248; baseline 0.001 -21"><span class='ocrx_word' id='word_1_291' title='bbox 502 4193 553 4228; x_wconf 86' lang='lat' dir='ltr'><strong>em.</strong></span> <span class='ocrx_word' id='word_1_292' title='bbox 567 4193 609 4246; x_wconf 82' lang='lat' dir='ltr'><strong>pr.</strong></span> <span class='ocrx_word' id='word_1_293' title='bbox 628 4193 675 4236; x_wconf 73' lang='lat' dir='ltr'><strong>m„</strong></span> <span class='ocrx_word' id='word_1_294' title='bbox 694 4192 766 4245; x_wconf 81' lang='lat' dir='ltr'><strong>quae</strong></span> <span class='ocrx_word' id='word_1_295' title='bbox 778 4179 896 4242; x_wconf 79' lang='lat' dir='ltr'><strong>psu&#39;mum</strong></span> <span class='ocrx_word' id='word_1_296' title='bbox 912 4171 1034 4228; x_wconf 76' lang='lat' dir='ltr'><strong>vultures</strong></span> <span class='ocrx_word' id='word_1_297' title='bbox 1052 4180 1205 4247; x_wconf 78' lang='lat' dir='ltr'><strong>scripserat.</strong></span> <span class='ocrx_word' id='word_1_298' title='bbox 1226 4177 1261 4246; x_wconf 81' lang='lat'><strong>¹³)</strong></span> <span class='ocrx_word' id='word_1_299' title='bbox 1280 4175 1434 4246; x_wconf 82' lang='lat' dir='ltr'><strong>Bereuyces</strong></span> <span class='ocrx_word' id='word_1_300' title='bbox 1453 4207 1487 4218; x_wconf 92' lang='lat'><em>-</em></span> <span class='ocrx_word' id='word_1_301' title='bbox 1506 4193 1659 4245; x_wconf 78' lang='lat' dir='ltr'><strong>veneuyces</strong></span> <span class='ocrx_word' id='word_1_302' title='bbox 1682 4175 1749 4238; x_wconf 65' lang='lat' dir='ltr'><strong>Cori.</strong></span> <span class='ocrx_word' id='word_1_303' title='bbox 1771 4176 1876 4248; x_wconf 80' lang='lat' dir='ltr'><strong>’⁴)Be-</strong></span> 
     </span>
     <span class='ocr_line' id='line_1_35' title="bbox 504 4257 1877 4336; baseline 0.002 -23"><span class='ocrx_word' id='word_1_304' title='bbox 504 4261 611 4332; x_wconf 86' lang='lat' dir='ltr'><strong>renycis</strong></span> <span class='ocrx_word' id='word_1_305' title='bbox 629 4293 664 4302; x_wconf 84' lang='lat'>-</span> <span class='ocrx_word' id='word_1_306' title='bbox 682 4257 809 4332; x_wconf 75' lang='lat' dir='ltr'><strong>bernycis</strong></span> <span class='ocrx_word' id='word_1_307' title='bbox 831 4262 897 4314; x_wconf 84' lang='lat' dir='ltr'><strong>Ced.</strong></span> <span class='ocrx_word' id='word_1_308' title='bbox 916 4263 951 4334; x_wconf 73' lang='lat'><strong>³⁵)</strong></span> <span class='ocrx_word' id='word_1_309' title='bbox 971 4258 1148 4331; x_wconf 78' lang='lat' dir='ltr'><strong>signabantur</strong></span> <span class='ocrx_word' id='word_1_310' title='bbox 1165 4296 1200 4305; x_wconf 91' lang='lat'>-</span> <span class='ocrx_word' id='word_1_311' title='bbox 1218 4259 1326 4336; x_wconf 82' lang='lat' dir='ltr'><strong>sorbub.</strong></span> <span class='ocrx_word' id='word_1_312' title='bbox 1347 4265 1376 4332; x_wconf 83' lang='grc' dir='ltr'><strong>(ι’.</strong></span> <span class='ocrx_word' id='word_1_313' title='bbox 1394 4283 1417 4318; x_wconf 85' lang='lat' dir='ltr'><strong>e.</strong></span> <span class='ocrx_word' id='word_1_314' title='bbox 1435 4261 1639 4334; x_wconf 86' lang='lat' dir='ltr'><strong>scribebantur)</strong></span> <span class='ocrx_word' id='word_1_315' title='bbox 1655 4264 1723 4318; x_wconf 76' lang='lat' dir='ltr'><strong>coe.</strong></span> <span class='ocrx_word' id='word_1_316' title='bbox 1738 4283 1756 4315; x_wconf 80' lang='lat' dir='ltr'><strong>ts</strong></span> <span class='ocrx_word' id='word_1_317' title='bbox 1773 4283 1816 4333; x_wconf 86' lang='lat' dir='ltr'><strong>pr.</strong></span> <span class='ocrx_word' id='word_1_318' title='bbox 1833 4283 1877 4316; x_wconf 82' lang='lat' dir='ltr'><strong>ns.</strong></span> 
     </span>
     <span class='ocr_line' id='line_1_36' title="bbox 501 4346 1333 4422; baseline -0.002 -18"><span class='ocrx_word' id='word_1_319' title='bbox 501 4351 549 4404; x_wconf 82' lang='lat' dir='ltr'><strong>sed</strong></span> <span class='ocrx_word' id='word_1_320' title='bbox 563 4346 723 4420; x_wconf 76' lang='lat' dir='ltr'><strong>signabatur</strong></span> <span class='ocrx_word' id='word_1_321' title='bbox 741 4368 775 4402; x_wconf 76' lang='lat' dir='ltr'><strong>se</strong></span> <span class='ocrx_word' id='word_1_322' title='bbox 790 4369 840 4402; x_wconf 90' lang='lat' dir='ltr'><strong>em.</strong></span> <span class='ocrx_word' id='word_1_323' title='bbox 852 4370 894 4421; x_wconf 83' lang='lat' dir='ltr'><strong>pr.</strong></span> <span class='ocrx_word' id='word_1_324' title='bbox 910 4369 944 4404; x_wconf 90' lang='lat' dir='ltr'><strong>m.</strong></span> <span class='ocrx_word' id='word_1_325' title='bbox 965 4351 1003 4422; x_wconf 78' lang='lat'><strong>²⁸)</strong></span> <span class='ocrx_word' id='word_1_326' title='bbox 1023 4349 1088 4402; x_wconf 87' lang='lat' dir='ltr'><strong>mali</strong></span> <span class='ocrx_word' id='word_1_327' title='bbox 1106 4383 1141 4394; x_wconf 87' lang='lat'><em>-</em></span> <span class='ocrx_word' id='word_1_328' title='bbox 1159 4347 1245 4404; x_wconf 80' lang='lat' dir='ltr'><strong>melus</strong></span> <span class='ocrx_word' id='word_1_329' title='bbox 1267 4351 1333 4405; x_wconf 80' lang='lat' dir='ltr'><strong>Ced.</strong></span> 
     </span>
    </p>
   </div>
   <div class='ocr_carea' id='block_1_5' title="bbox 436 4487 1884 5092">
    <p class='ocr_par' dir='ltr' id='par_1_17' title="bbox 436 4487 1884 5092">
     <span class='ocr_line' id='line_1_37' title="bbox 436 4487 1876 4564; baseline 0 -20"><span class='ocrx_word' id='word_1_330' title='bbox 436 4491 468 4563; x_wconf 78' lang='grc' dir='ltr'><strong>ι)</strong></span> <span class='ocrx_word' id='word_1_331' title='bbox 496 4487 591 4546; x_wconf 84' lang='lat' dir='ltr'><strong>Sobel.</strong></span> <span class='ocrx_word' id='word_1_332' title='bbox 617 4487 654 4542; x_wconf 84' lang='lat' dir='ltr'><strong>td</strong></span> <span class='ocrx_word' id='word_1_333' title='bbox 676 4489 779 4542; x_wconf 81' lang='lat' dir='ltr'><strong>Lucan.</strong></span> <span class='ocrx_word' id='word_1_334' title='bbox 806 4488 883 4543; x_wconf 88' lang='lat' dir='ltr'><strong>VIII.</strong></span> <span class='ocrx_word' id='word_1_335' title='bbox 903 4493 964 4550; x_wconf 75' lang='grc'><strong>514.</strong></span> <span class='ocrx_word' id='word_1_336' title='bbox 990 4492 1020 4563; x_wconf 81' lang='grc'><strong>3)</strong></span> <span class='ocrx_word' id='word_1_337' title='bbox 1038 4489 1132 4546; x_wconf 84' lang='lat' dir='ltr'><strong>Sobel.</strong></span> <span class='ocrx_word' id='word_1_338' title='bbox 1153 4491 1188 4544; x_wconf 82' lang='lat' dir='ltr'><strong>sd</strong></span> <span class='ocrx_word' id='word_1_339' title='bbox 1206 4491 1309 4544; x_wconf 75' lang='lat' dir='ltr'><strong>Lucan.</strong></span> <span class='ocrx_word' id='word_1_340' title='bbox 1329 4491 1405 4546; x_wconf 91' lang='lat' dir='ltr'><strong>VIII.</strong></span> <span class='ocrx_word' id='word_1_341' title='bbox 1424 4496 1487 4552; x_wconf 80' lang='grc'><strong>479.</strong></span> <span class='ocrx_word' id='word_1_342' title='bbox 1512 4497 1538 4564; x_wconf 88' lang='lat' dir='ltr'><strong>c)</strong></span> <span class='ocrx_word' id='word_1_343' title='bbox 1558 4491 1653 4547; x_wconf 80' lang='lat' dir='ltr'><strong>Sobel.</strong></span> <span class='ocrx_word' id='word_1_344' title='bbox 1672 4489 1708 4543; x_wconf 87' lang='lat' dir='ltr'><strong>sd</strong></span> <span class='ocrx_word' id='word_1_345' title='bbox 1727 4493 1797 4546; x_wconf 74' lang='lat' dir='ltr'><strong>Aen.</strong></span> <span class='ocrx_word' id='word_1_346' title='bbox 1819 4491 1876 4544; x_wconf 83' lang='lat' dir='ltr'><strong>vl.</strong></span> 
     </span>
     <span class='ocr_line' id='line_1_38' title="bbox 499 4575 1879 4654; baseline 0.003 -24"><span class='ocrx_word' id='word_1_347' title='bbox 499 4585 562 4640; x_wconf 73' lang='grc'><strong>455.</strong></span> <span class='ocrx_word' id='word_1_348' title='bbox 587 4579 616 4650; x_wconf 86' lang='lat' dir='ltr'><strong>d)</strong></span> <span class='ocrx_word' id='word_1_349' title='bbox 636 4575 729 4634; x_wconf 82' lang='lat' dir='ltr'><strong>Sobel.</strong></span> <span class='ocrx_word' id='word_1_350' title='bbox 750 4575 786 4629; x_wconf 86' lang='lat' dir='ltr'><strong>sd</strong></span> <span class='ocrx_word' id='word_1_351' title='bbox 803 4582 870 4630; x_wconf 78' lang='lat' dir='ltr'><strong>Aen.</strong></span> <span class='ocrx_word' id='word_1_352' title='bbox 890 4577 924 4630; x_wconf 89' lang='lat' dir='ltr'><strong>V.</strong></span> <span class='ocrx_word' id='word_1_353' title='bbox 943 4583 1004 4637; x_wconf 86' lang='grc'><strong>270.</strong></span> <span class='ocrx_word' id='word_1_354' title='bbox 1025 4582 1179 4652; x_wconf 76' lang='lat' dir='ltr'><strong>(revulsus).</strong></span> <span class='ocrx_word' id='word_1_355' title='bbox 1207 4582 1235 4653; x_wconf 89' lang='lat' dir='ltr'><strong>e)</strong></span> <span class='ocrx_word' id='word_1_356' title='bbox 1254 4577 1348 4635; x_wconf 87' lang='lat' dir='ltr'><strong>Schol.</strong></span> <span class='ocrx_word' id='word_1_357' title='bbox 1375 4577 1410 4654; x_wconf 78' lang='lat' dir='ltr'><strong>sd</strong></span> <span class='ocrx_word' id='word_1_358' title='bbox 1435 4581 1502 4632; x_wconf 78' lang='lat' dir='ltr'><strong>Aen.</strong></span> <span class='ocrx_word' id='word_1_359' title='bbox 1525 4581 1559 4634; x_wconf 90' lang='lat' dir='ltr'><strong>V.</strong></span> <span class='ocrx_word' id='word_1_360' title='bbox 1584 4583 1646 4638; x_wconf 78' lang='grc'><strong>275.</strong></span> <span class='ocrx_word' id='word_1_361' title='bbox 1674 4582 1879 4652; x_wconf 80' lang='lat' dir='ltr'><strong>(seminecem).</strong></span> 
     </span>
     <span class='ocr_line' id='line_1_39' title="bbox 489 4663 1879 4740; baseline 0.001 -18"><span class='ocrx_word' id='word_1_362' title='bbox 489 4669 530 4740; x_wconf 85' lang='lat' dir='ltr'><strong>s)</strong></span> <span class='ocrx_word' id='word_1_363' title='bbox 549 4669 651 4722; x_wconf 83' lang='lat' dir='ltr'><strong>Sensus</strong></span> <span class='ocrx_word' id='word_1_364' title='bbox 667 4699 702 4710; x_wconf 92' lang='lat'><em>-</em></span> <span class='ocrx_word' id='word_1_365' title='bbox 716 4669 809 4732; x_wconf 79' lang='lat' dir='ltr'><strong>sibs&#39;Ie3</strong></span> <span class='ocrx_word' id='word_1_366' title='bbox 835 4667 874 4720; x_wconf 87' lang='lat' dir='ltr'><strong>its</strong></span> <span class='ocrx_word' id='word_1_367' title='bbox 900 4663 1004 4720; x_wconf 84' lang='lat' dir='ltr'><strong>diserte</strong></span> <span class='ocrx_word' id='word_1_368' title='bbox 1031 4665 1102 4723; x_wconf 89' lang='lat' dir='ltr'><strong>Ced.</strong></span> <span class='ocrx_word' id='word_1_369' title='bbox 1129 4667 1180 4722; x_wconf 84' lang='lat' dir='ltr'><strong>Est</strong></span> <span class='ocrx_word' id='word_1_370' title='bbox 1197 4666 1291 4724; x_wconf 86' lang='lat' dir='ltr'><strong>Sobel.</strong></span> <span class='ocrx_word' id='word_1_371' title='bbox 1311 4665 1347 4719; x_wconf 83' lang='lat' dir='ltr'><strong>ad</strong></span> <span class='ocrx_word' id='word_1_372' title='bbox 1371 4669 1438 4720; x_wconf 79' lang='lat' dir='ltr'><strong>Aen.</strong></span> <span class='ocrx_word' id='word_1_373' title='bbox 1457 4668 1491 4721; x_wconf 91' lang='lat' dir='ltr'><strong>V.</strong></span> <span class='ocrx_word' id='word_1_374' title='bbox 1511 4673 1572 4726; x_wconf 85' lang='grc'><strong>277.</strong></span> <span class='ocrx_word' id='word_1_375' title='bbox 1593 4671 1684 4738; x_wconf 75' lang='lat' dir='ltr'><strong>(sibile</strong></span> <span class='ocrx_word' id='word_1_376' title='bbox 1708 4671 1795 4740; x_wconf 79' lang='lat' dir='ltr'><strong>celle)</strong></span> <span class='ocrx_word' id='word_1_377' title='bbox 1817 4670 1879 4724; x_wconf 71' lang='lat' dir='ltr'><strong>cfr.</strong></span> 
     </span>
     <span class='ocr_line' id='line_1_40' title="bbox 499 4751 1879 4828; baseline 0.001 -18"><span class='ocrx_word' id='word_1_378' title='bbox 499 4755 576 4811; x_wconf 77' lang='lat' dir='ltr'><strong>Fert.</strong></span> <span class='ocrx_word' id='word_1_379' title='bbox 594 4774 617 4809; x_wconf 88' lang='lat' dir='ltr'><strong>s.</strong></span> <span class='ocrx_word' id='word_1_380' title='bbox 637 4773 662 4809; x_wconf 85' lang='lat' dir='ltr'><strong>r.</strong></span> <span class='ocrx_word' id='word_1_381' title='bbox 681 4757 763 4810; x_wconf 72' lang='lat' dir='ltr'><strong>sibus.</strong></span> <span class='ocrx_word' id='word_1_382' title='bbox 781 4755 899 4827; x_wconf 58' lang='grc' dir='ltr'><strong>6))’115Ι</strong></span> <span class='ocrx_word' id='word_1_383' title='bbox 919 4753 1014 4826; x_wconf 70' lang='lat' dir='ltr'><strong>Eclog.</strong></span> <span class='ocrx_word' id='word_1_384' title='bbox 1034 4751 1083 4810; x_wconf 87' lang='lat' dir='ltr'><strong>Vl.</strong></span> <span class='ocrx_word' id='word_1_385' title='bbox 1102 4761 1127 4815; x_wconf 83' lang='lat'><strong>5.</strong></span> <span class='ocrx_word' id='word_1_386' title='bbox 1146 4758 1176 4826; x_wconf 84' lang='grc'><strong>3)</strong></span> <span class='ocrx_word' id='word_1_387' title='bbox 1186 4755 1281 4813; x_wconf 85' lang='lat' dir='ltr'><strong>Sobel.</strong></span> <span class='ocrx_word' id='word_1_388' title='bbox 1301 4755 1336 4809; x_wconf 85' lang='lat' dir='ltr'><strong>td</strong></span> <span class='ocrx_word' id='word_1_389' title='bbox 1355 4757 1449 4810; x_wconf 78' lang='lat' dir='ltr'><strong>Horti.</strong></span> <span class='ocrx_word' id='word_1_390' title='bbox 1470 4757 1559 4810; x_wconf 83' lang='lat' dir='ltr'><strong>Canu.</strong></span> <span class='ocrx_word' id='word_1_391' title='bbox 1578 4757 1614 4810; x_wconf 88' lang='lat'><strong>11.</strong></span> <span class='ocrx_word' id='word_1_392' title='bbox 1634 4762 1661 4819; x_wconf 86' lang='lat'><strong>7,</strong></span> <span class='ocrx_word' id='word_1_393' title='bbox 1673 4763 1716 4814; x_wconf 88' lang='grc'><strong>17.</strong></span> <span class='ocrx_word' id='word_1_394' title='bbox 1735 4755 1879 4828; x_wconf 76' lang='grc' dir='ltr'><strong>ἰ)813οΙ.</strong></span> 
     </span>
     <span class='ocr_line' id='line_1_41' title="bbox 500 4841 1879 4918; baseline 0.004 -24"><span class='ocrx_word' id='word_1_395' title='bbox 500 4841 536 4894; x_wconf 85' lang='lat' dir='ltr'><strong>sd</strong></span> <span class='ocrx_word' id='word_1_396' title='bbox 554 4845 648 4898; x_wconf 76' lang='lat' dir='ltr'><strong>IIerst.</strong></span> <span class='ocrx_word' id='word_1_397' title='bbox 677 4843 767 4898; x_wconf 83' lang='lat' dir='ltr'><strong>Carus.</strong></span> <span class='ocrx_word' id='word_1_398' title='bbox 787 4843 822 4895; x_wconf 95' lang='lat' dir='ltr'><strong>II.</strong></span> <span class='ocrx_word' id='word_1_399' title='bbox 841 4849 873 4908; x_wconf 88' lang='lat'><strong>7,</strong></span> <span class='ocrx_word' id='word_1_400' title='bbox 891 4849 918 4904; x_wconf 82' lang='grc'><strong>3.</strong></span> <span class='ocrx_word' id='word_1_401' title='bbox 946 4844 996 4898; x_wconf 79' lang='lat' dir='ltr'><strong>cir.</strong></span> <span class='ocrx_word' id='word_1_402' title='bbox 1017 4861 1114 4897; x_wconf 81' lang='lat' dir='ltr'><strong>cesnns.</strong></span> <span class='ocrx_word' id='word_1_403' title='bbox 1134 4845 1218 4918; x_wconf 86' lang='lat' dir='ltr'><strong>Crnq.</strong></span> <span class='ocrx_word' id='word_1_404' title='bbox 1238 4843 1274 4898; x_wconf 90' lang='lat' dir='ltr'><strong>sd</strong></span> <span class='ocrx_word' id='word_1_405' title='bbox 1292 4842 1320 4900; x_wconf 91' lang='grc'><strong>3.</strong></span> <span class='ocrx_word' id='word_1_406' title='bbox 1339 4843 1358 4897; x_wconf 93' lang='grc'><strong>1.</strong></span> <span class='ocrx_word' id='word_1_407' title='bbox 1383 4845 1410 4916; x_wconf 83' lang='grc'><strong>3)</strong></span> <span class='ocrx_word' id='word_1_408' title='bbox 1435 4843 1529 4899; x_wconf 87' lang='lat' dir='ltr'><strong>Sobel.</strong></span> <span class='ocrx_word' id='word_1_409' title='bbox 1549 4844 1585 4899; x_wconf 83' lang='lat' dir='ltr'><strong>sd</strong></span> <span class='ocrx_word' id='word_1_410' title='bbox 1602 4845 1699 4899; x_wconf 79' lang='lat' dir='ltr'><strong>flent.</strong></span> <span class='ocrx_word' id='word_1_411' title='bbox 1719 4845 1810 4899; x_wconf 73' lang='lat' dir='ltr'><strong>cam</strong></span> <span class='ocrx_word' id='word_1_412' title='bbox 1832 4846 1879 4900; x_wconf 88' lang='lat' dir='ltr'><strong>n.</strong></span> 
     </span>
     <span class='ocr_line' id='line_1_42' title="bbox 499 4927 1883 5004; baseline 0.002 -19"><span class='ocrx_word' id='word_1_413' title='bbox 499 4935 527 4992; x_wconf 86' lang='lat'><strong>7,</strong></span> <span class='ocrx_word' id='word_1_414' title='bbox 547 4937 588 4989; x_wconf 80' lang='lat'><strong>19.</strong></span> <span class='ocrx_word' id='word_1_415' title='bbox 608 4932 629 5000; x_wconf 84' lang='grc'><strong>1)</strong></span> <span class='ocrx_word' id='word_1_416' title='bbox 649 4928 742 4984; x_wconf 87' lang='lat' dir='ltr'><strong>Schel.</strong></span> <span class='ocrx_word' id='word_1_417' title='bbox 762 4927 797 4983; x_wconf 88' lang='lat' dir='ltr'><strong>sd</strong></span> <span class='ocrx_word' id='word_1_418' title='bbox 816 4930 914 4986; x_wconf 82' lang='lat' dir='ltr'><strong>Horat.</strong></span> <span class='ocrx_word' id='word_1_419' title='bbox 935 4930 1024 4987; x_wconf 82' lang='lat' dir='ltr'><strong>Carus.</strong></span> <span class='ocrx_word' id='word_1_420' title='bbox 1044 4932 1078 4985; x_wconf 92' lang='lat' dir='ltr'><strong>II.</strong></span> <span class='ocrx_word' id='word_1_421' title='bbox 1098 4938 1125 4996; x_wconf 86' lang='lat'><strong>7,</strong></span> <span class='ocrx_word' id='word_1_422' title='bbox 1142 4939 1188 4992; x_wconf 81' lang='grc'><strong>25.</strong></span> <span class='ocrx_word' id='word_1_423' title='bbox 1215 4933 1263 4985; x_wconf 78' lang='lat' dir='ltr'><strong>cfr.</strong></span> <span class='ocrx_word' id='word_1_424' title='bbox 1283 4949 1381 4986; x_wconf 88' lang='lat' dir='ltr'><strong>consus.</strong></span> <span class='ocrx_word' id='word_1_425' title='bbox 1402 4932 1488 5004; x_wconf 86' lang='lat' dir='ltr'><strong>Cruq.</strong></span> <span class='ocrx_word' id='word_1_426' title='bbox 1513 4931 1550 4986; x_wconf 86' lang='lat' dir='ltr'><strong>sd</strong></span> <span class='ocrx_word' id='word_1_427' title='bbox 1567 4930 1594 4986; x_wconf 94' lang='grc'><strong>3.</strong></span> <span class='ocrx_word' id='word_1_428' title='bbox 1614 4931 1633 4986; x_wconf 92' lang='lat' dir='ltr'><strong>l.</strong></span> <span class='ocrx_word' id='word_1_429' title='bbox 1657 4936 1695 5004; x_wconf 86' lang='lat' dir='ltr'><strong>sss)</strong></span> <span class='ocrx_word' id='word_1_430' title='bbox 1714 4931 1812 4988; x_wconf 82' lang='lat' dir='ltr'><strong>Sobel.</strong></span> <span class='ocrx_word' id='word_1_431' title='bbox 1834 4933 1883 4988; x_wconf 72' lang='lat' dir='ltr'><strong>nd</strong></span> 
     </span>
     <span class='ocr_line' id='line_1_43' title="bbox 499 5015 1884 5092; baseline 0.005 -24"><span class='ocrx_word' id='word_1_432' title='bbox 499 5015 594 5070; x_wconf 79' lang='lat' dir='ltr'><strong>Horat.</strong></span> <span class='ocrx_word' id='word_1_433' title='bbox 613 5017 671 5072; x_wconf 83' lang='lat' dir='ltr'><strong>Sst.</strong></span> <span class='ocrx_word' id='word_1_434' title='bbox 690 5017 712 5070; x_wconf 91' lang='lat' dir='ltr'><strong>I.</strong></span> <span class='ocrx_word' id='word_1_435' title='bbox 732 5021 759 5081; x_wconf 74' lang='grc'><strong>5.</strong></span> <span class='ocrx_word' id='word_1_436' title='bbox 776 5024 802 5077; x_wconf 91' lang='grc'><strong>9.</strong></span> <span class='ocrx_word' id='word_1_437' title='bbox 822 5017 865 5074; x_wconf 83' lang='lat' dir='ltr'><strong>rel</strong></span> <span class='ocrx_word' id='word_1_438' title='bbox 882 5020 941 5074; x_wconf 86' lang='lat' dir='ltr'><strong>Sst.</strong></span> <span class='ocrx_word' id='word_1_439' title='bbox 960 5020 996 5072; x_wconf 89' lang='grc'><strong>11.</strong></span> <span class='ocrx_word' id='word_1_440' title='bbox 1015 5026 1042 5083; x_wconf 80' lang='lat'><strong>3,</strong></span> <span class='ocrx_word' id='word_1_441' title='bbox 1062 5025 1122 5081; x_wconf 77' lang='lat'><strong>168.</strong></span> <span class='ocrx_word' id='word_1_442' title='bbox 1142 5022 1172 5092; x_wconf 85' lang='grc'><strong>11)</strong></span> <span class='ocrx_word' id='word_1_443' title='bbox 1191 5018 1286 5076; x_wconf 85' lang='lat' dir='ltr'><strong>Sobel.</strong></span> <span class='ocrx_word' id='word_1_444' title='bbox 1305 5019 1341 5074; x_wconf 89' lang='lat' dir='ltr'><strong>sd</strong></span> <span class='ocrx_word' id='word_1_445' title='bbox 1359 5020 1416 5074; x_wconf 83' lang='lat' dir='ltr'><strong>lor.</strong></span> <span class='ocrx_word' id='word_1_446' title='bbox 1436 5020 1495 5076; x_wconf 79' lang='lat' dir='ltr'><strong>Set.</strong></span> <span class='ocrx_word' id='word_1_447' title='bbox 1514 5021 1562 5074; x_wconf 86' lang='lat' dir='ltr'><strong>VI.</strong></span> <span class='ocrx_word' id='word_1_448' title='bbox 1583 5023 1644 5079; x_wconf 80' lang='lat' dir='ltr'><strong>tes.</strong></span> <span class='ocrx_word' id='word_1_449' title='bbox 1669 5025 1697 5091; x_wconf 90' lang='grc' dir='ltr'><strong>ο)</strong></span> <span class='ocrx_word' id='word_1_450' title='bbox 1716 5017 1813 5077; x_wconf 83' lang='lat' dir='ltr'><strong>Sobel.</strong></span> <span class='ocrx_word' id='word_1_451' title='bbox 1834 5022 1884 5076; x_wconf 76' lang='lat' dir='ltr'><strong>nd</strong></span> 
     </span>
    </p>
   </div>
   <div class='ocr_carea' id='block_1_6' title="bbox 499 5103 1883 5251">
    <p class='ocr_par' dir='ltr' id='par_1_18' title="bbox 499 5103 1883 5251">
     <span class='ocr_line' id='line_1_44' title="bbox 500 5103 1883 5184; baseline 0.003 -23"><span class='ocrx_word' id='word_1_452' title='bbox 500 5103 594 5156; x_wconf 73' lang='grc'><strong>1111111.</strong></span> <span class='ocrx_word' id='word_1_453' title='bbox 622 5103 712 5157; x_wconf 70' lang='lat' dir='ltr'><strong>Cum·</strong></span> <span class='ocrx_word' id='word_1_454' title='bbox 739 5105 775 5158; x_wconf 88' lang='lat' dir='ltr'><strong>ll·</strong></span> <span class='ocrx_word' id='word_1_455' title='bbox 796 5111 890 5170; x_wconf 84' lang='grc'><strong>1,38.</strong></span> <span class='ocrx_word' id='word_1_456' title='bbox 917 5109 967 5164; x_wconf 80' lang='lat' dir='ltr'><strong>cir.</strong></span> <span class='ocrx_word' id='word_1_457' title='bbox 994 5125 1091 5164; x_wconf 83' lang='lat' dir='ltr'><strong>cetum.</strong></span> <span class='ocrx_word' id='word_1_458' title='bbox 1112 5109 1195 5184; x_wconf 86' lang='lat' dir='ltr'><strong>Crnq.</strong></span> <span class='ocrx_word' id='word_1_459' title='bbox 1214 5108 1251 5163; x_wconf 91' lang='lat' dir='ltr'><strong>sd</strong></span> <span class='ocrx_word' id='word_1_460' title='bbox 1268 5107 1295 5168; x_wconf 91' lang='grc'><strong>3.</strong></span> <span class='ocrx_word' id='word_1_461' title='bbox 1315 5108 1332 5163; x_wconf 95' lang='grc'><strong>1.</strong></span> <span class='ocrx_word' id='word_1_462' title='bbox 1359 5111 1392 5182; x_wconf 82' lang='lat' dir='ltr'><strong>p)</strong></span> <span class='ocrx_word' id='word_1_463' title='bbox 1411 5107 1504 5166; x_wconf 82' lang='lat' dir='ltr'><strong>Sobel.</strong></span> <span class='ocrx_word' id='word_1_464' title='bbox 1523 5108 1559 5163; x_wconf 90' lang='lat' dir='ltr'><strong>sd</strong></span> <span class='ocrx_word' id='word_1_465' title='bbox 1577 5109 1654 5181; x_wconf 74' lang='lat' dir='ltr'><strong>Virg.</strong></span> <span class='ocrx_word' id='word_1_466' title='bbox 1672 5105 1772 5178; x_wconf 66' lang='lat' dir='ltr'><strong>Eclcg.</strong></span> <span class='ocrx_word' id='word_1_467' title='bbox 1791 5109 1883 5165; x_wconf 82' lang='lat' dir='ltr'><strong>VIII.</strong></span> 
     </span>
     <span class='ocr_line' id='line_1_45' title="bbox 499 5189 846 5251; baseline 0.014 -10"><span class='ocrx_word' id='word_1_468' title='bbox 499 5195 543 5251; x_wconf 81' lang='lat'><strong>91.</strong></span> <span class='ocrx_word' id='word_1_469' title='bbox 564 5190 612 5244; x_wconf 82' lang='lat' dir='ltr'><strong>ct&#39;r.</strong></span> <span class='ocrx_word' id='word_1_470' title='bbox 632 5189 709 5250; x_wconf 75' lang='lat' dir='ltr'><strong>Serv.</strong></span> <span class='ocrx_word' id='word_1_471' title='bbox 728 5189 764 5245; x_wconf 84' lang='lat' dir='ltr'><strong>sd</strong></span> <span class='ocrx_word' id='word_1_472' title='bbox 781 5189 808 5248; x_wconf 89' lang='grc'><strong>3.</strong></span> <span class='ocrx_word' id='word_1_473' title='bbox 828 5191 846 5246; x_wconf 91' lang='grc'><strong>1.</strong></span> 
     </span>
    </p>
   </div>
   <div class='ocr_carea' id='block_1_7' title="bbox 0 0 2016 6068">
    <p class='ocr_par' dir='ltr' id='par_1_19' title="bbox 0 0 2016 6068">
     <span class='ocr_line' id='line_1_46' title="bbox 0 0 2016 6068; baseline 0 2"><span class='ocrx_word' id='word_1_474' title='bbox 0 0 2016 6068; x_wconf 95' lang='lat' dir='ltr'><strong> </strong></span> 
     </span>
    </p>
   </div>
  </div>
 </body>
</html>
