4032 6070
413 571 486 640 Μ
871 553 1432 612 raostausuvuos.

401 714 503 780 ¹ltum
522 711 608 774 baso
625 705 745 772 cadam
767 705 958 791 supradicti
978 703 1115 789 generis
1134 703 1278 768 nomina
1293 703 1330 766 in
1347 699 1549 788 supradicto
1560 717 1645 765 caso
1661 697 1804 766 ·ΒΙΙΑ·
1815 699 1886 783 ayl-

415 815 512 878 labae
524 811 701 896 accipiunt
716 821 752 872 st
764 807 1014 894 superlativum
1030 806 1176 891 gradum
1190 807 1327 890 generis
1343 805 1501 869 feminini
1516 803 1715 880 ostendant,
1729 817 1769 870 nt
1779 816 1884 889 pata:

414 917 485 980 hic
505 917 645 997 niger,
668 912 772 976 hacc
793 899 1028 994 nigerrima
1053 908 1165 976 iacere
1186 907 1312 973 debeat
1333 900 1387 990 ΙΙ).
1416 909 1463 972 m
1484 927 1569 972 vero
1592 899 1636 989 ¹⁵)
1655 905 1742 970 baac
1760 904 1884 970 cadam

403 1015 604 1103 ¹supradicti
624 1013 762 1097 generis
783 1013 926 1077 nomina
948 1013 985 1076 in
1005 1011 1207 1096 supradicto
1226 1031 1309 1076 cassa
1326 1009 1513 1074 nntium·
1536 1008 1684 1092 syllabas
1703 1008 1885 1092 accipiunt

411 1134 449 1186 et
468 1115 716 1204 superlativum
741 1113 888 1197 gradum
912 1113 1187 1196 generisneutri
1205 1113 1414 1192 ostendunt,
1446 1123 1612 1200 utpotae
1640 1111 1709 1175 bic
1737 1111 1884 1198 nigor,

414 1225 493 1288 hoc
511 1217 795 1303 nigerrimum
818 1214 932 1280 iacere
954 1213 1088 1282 debeat.

309 1363 337 1411 v.
356 1362 403 1412 ,ω
500 1325 552 1392 93.
575 1321 679 1384 Nunc
699 1318 735 1381 in
756 1319 822 1382 bac
841 1317 953 1390 iurma
966 1337 1035 1404 qua
1052 1317 1206 1384 diximus
1220 1319 1358 1404 generis
1375 1316 1718 1385 mascnlininotnina
1733 1316 1771 1380 ias
1785 1315 1885 1403 posi·

414 1427 487 1492 tivo
506 1423 617 1509 gradu
630 1421 856 1490 ‘nominativo
878 1439 960 1484 casu
984 1414 1026 1502 ⁸⁶)
1045 1422 1185 1484 numeri
1200 1421 1385 1506 singularis
1404 1421 1489 1485 ·ER·
1506 1415 1550 1501 ⁸⁷)
1575 1419 1701 1484 litteris
1726 1418 1884 1494 definiri,
1940 1483 1944 1498 ‚

415 1527 595 1615 quaeritur
609 1523 734 1610 quails
748 1542 851 1588 causa
873 1522 943 1586 bic
956 1517 999 1602 ⁸⁸)
1022 1532 1134 1588 teter
1147 1517 1192 1607 ι9)
1214 1537 1250 1590 et
1262 1527 1308 1607 ⁹⁴)
1330 1543 1403 1588 non
1425 1535 1564 1588 tetrus
1577 1523 1625 1606 θ’)
1639 1521 1792 1597 dictatura
1814 1521 1885 1584 bac

416 1631 459 1696 do
481 1649 595 1704 cauea,
620 1626 787 1712 qnoniam
806 1624 1056 1710 cuiuscumque
1071 1626 1208 1709 generis
1221 1625 1365 1690 nomina
1385 1623 1615 1712 superlativos
1634 1621 1764 1708 gradus
1784 1641 1832 1686 ax
1847 1641 1885 1686 as

415 1733 528 1798 iacere
550 1741 712 1818 possunt,
736 1729 837 1802 traso,
861 1726 890 1789 si
911 1725 947 1790 in
966 1727 1089 1792 eodem
1110 1727 1320 1814 superlativo
1337 1725 1448 1812 gradu
1469 1727 1507 1792 in
1526 1725 1780 1812 qnolsstotoasu
1800 1737 1884 1788 anta

414 1835 574 1898 ultimam
602 1832 674 1895 sive
698 1841 778 1892 ante
806 1827 947 1892 ultimas
977 1827 1125 1910 syllabas
1155 1829 1226 1894 ·l'sl·
1257 1829 1423 1912 syllabam
1450 1828 1580 1894 habent
1599 1828 1825 1894 constitutam
1848 1837 1883 1889 st

414 1949 561 2023 possunt
576 1954 621 1998 ex
632 1953 670 1998 se
683 1931 821 2016 generis
838 1931 1020 1996 masculini
1031 1931 1174 2017 positivi
1187 1933 1315 2018 gradus
1335 1932 1447 1996 iacere
1460 1932 1623 2008 nentina,
1647 1930 1793 1994 eandam
1809 1926 1883 1992 ·lll·

377 2109 379 2116 ,
414 2038 582 2122 syllabam
603 2055 685 2100 com
706 2031 930 2118 sequentibus
952 2036 995 2116 ⁹)
1018 2033 1143 2100 litteris
1164 2035 1332 2100 omittunt
1350 2028 1414 2118 ἰ),
1438 2045 1473 2098 et
1486 2033 1741 2098 nominativum
1763 2049 1882 2094 aaran

413 2140 551 2204 numeri
572 2135 756 2222 singularis
785 2125 922 2220 generis
942 2135 1124 2200 masculini
1146 2138 1289 2224 positivi
1313 2137 1459 2221 gradus,
1500 2135 1626 2222 quibus
1651 2135 1776 2198 litteris
1797 2132 1884 2196 rlsli·

412 2245 511 2306 uiant
527 2234 591 2324 ⁹⁴),
622 2239 829 2316 ostendunt,
858 2253 898 2302 nt
927 2250 1026 2325 puta:
1055 2239 1128 2304 bio
1155 2239 1418 2324 nigerrimus
1445 2239 1501 2304 vel
1523 2241 1671 2303 barum
1693 2234 1883 2321 nigerri-

413 2363 570 2408 marum
594 2355 654 2408 aut
673 2333 717 2424 ⁹⁵)
739 2343 820 2406 hoo
841 2341 1138 2424 nigerrimum,
1168 2343 1238 2406 bic
1269 2343 1395 2426 niger
1415 2341 1453 2404 in
1470 2341 1622 2428 positivo
1637 2337 1749 2423 graula
1767 2336 1884 2400 lacero

413 2457 637 2516 monstratur.
659 2443 749 2507 Nam
763 2463 842 2508 cnm
856 2443 950 2510 dicat
964 2443 1090 2507 Cicero
1102 2443 1139 2506 in
1152 2443 1377 2509 frumentaria
1394 2437 1439 2527 ⁹⁶)
1460 2479 1504 2494 -
1522 2456 1567 2506 nt
1588 2441 1697 2506 odor
1717 2438 1884 2525 Aproni

413 2547 665 2610 teterrimus
679 2546 724 2628 ⁹7)
740 2547 769 2628 ³)
786 2581 829 2594 -
849 2545 972 2630 utiquc
992 2545 1061 2610 iam
1084 2545 1154 2610 bic
1176 2559 1306 2626 teter,
1334 2565 1406 2610 non
1428 2557 1568 2610 tetrus
1590 2543 1704 2613 rasere
1723 2561 1883 2630 pronun·

410 2648 526 2712 tiatnr.

368 2809 371 2816 ,
497 2753 547 2818 vt
572 2747 660 2812 Item
673 2748 713 2812 in
725 2749 793 2814 bac
806 2747 1005 2835 supradicta
1023 2751 1162 2836 generis
1176 2750 1288 2816 ior-ma
1301 2751 1481 2835 quaeritur
1491 2769 1564 2836 qua
1581 2749 1625 2814 tle
1639 2747 1884 2830 eaesaaigsr

411 2854 448 2916 in
459 2851 623 2936 genetivo
638 2869 719 2916 casu
731 2852 868 2916 numeri
884 2835 1067 2935 singularis
1082 2875 1146 2939 per
1160 2847 1204 2936 9“)
1227 2853 1392 2937 syllabam
1411 2873 1483 2916 non
1500 2865 1634 2916 crescat
1647 2855 1693 2934 θ’)
1710 2862 1746 2914 σι
1759 2861 1886 2913 tanet·

409 2955 446 3020 in
462 2953 625 3039 genetivo
642 2973 723 3018 casu
737 2954 874 3016 numeri
891 2954 1075 3038 singularis
1089 2975 1154 3041 per
1168 2956 1336 3038 syllabam
1351 2967 1498 3031 crescat3
1521 2955 1587 3018 hao
1601 2953 1645 3018 de
1661 2971 1776 3028 cansa,
1789 2971 1884 3036 quo·

408 3059 503 3124 uiasn
519 3057 779 3140 ¹cuiuscumque
798 3055 935 3139 generis
956 3057 1099 3121 nomina
1115 3059 1333 3124 nominativo
1348 3079 1429 3122 casu
1441 3057 1578 3120 numeri
1594 3055 1780 3140 angularis
1796 3051 1883 3118 uzu·

408 3159 533 3224 litteris
549 3157 771 3232 deliniuntur,
792 3169 941 3242 excepto
955 3159 1116 3222 vocativo
1134 3161 1191 3243 Ιοο)
1204 3181 1286 3226 casn
1303 3159 1440 3224 numeri
1457 3158 1652 3243 singularis.
1668 3159 1697 3222 sl
1709 3176 1775 3243 per
1788 3169 1885 3220 csta·

408 3282 467 3326 ros
485 3281 583 3325 casus
595 3260 636 3324 in
651 3258 773 3324 ultima
787 3259 843 3324 vel
860 3259 885 3342 ¹)
901 3272 980 3324 anta
994 3260 1152 3324 ultimam
1169 3262 1335 3344 syllabam
1349 3258 1619 3349 par-geminatas
1634 3263 1663 3344 ¹)
1681 3275 1884 3324 consann-

409 3375 460 3428 tes
480 3361 698 3438 scribuntur,
730 3381 909 3444 nunquam
929 3381 950 3425 a
968 3364 1186 3429 nominativo
1208 3385 1289 3430 casu
1309 3366 1446 3430 numeri
1469 3361 1654 3447 singularia
1682 3363 1719 3426 ia
1745 3373 1884 3426 ceteros

355 3487 359 3494 ’
409 3485 525 3542 casus,
556 3476 704 3549 excepto
732 3463 894 3548 genetivo
913 3484 995 3528 casu
1012 3467 1150 3530 numeri
1177 3467 1322 3552 pluralis
1345 3487 1410 3554 per
1434 3463 1601 3549 syllabam
1628 3475 1810 3539 οιιιιιιιιι,
1840 3475 1882 3536 nt

284 3593 285 3598 ¹
312 3579 316 3596 ¹
408 3580 510 3654 puta:
533 3567 656 3650 uiget·
670 3559 718 3648 3),
741 3565 857 3649 nigri
880 3578 914 3630 at
936 3579 1051 3630 cetera
1073 3567 1167 3633 talia.

486 3673 543 3738 295.
567 3667 612 3730 At
629 3687 713 3732 vero
733 3667 983 3752 cuiuscumque
1002 3671 1138 3754 generis
1156 3671 1300 3736 uomina
1320 3669 1538 3736 nominativo
1557 3687 1639 3734 casn
1654 3667 1794 3732 numeri
1808 3666 1885 3730 sin-

405 3771 536 3856 gularia
550 3769 634 3834 ·Ell·
647 3769 772 3834 litteris
785 3769 997 3834 definiuntur
1013 3783 1046 3835 at
1060 3792 1124 3858 per
1136 3785 1270 3838 cetoros
1284 3793 1383 3838 casus
1397 3774 1434 3836 in
1448 3773 1573 3837 ultima
1586 3771 1642 3835 vel
1653 3762 1683 3850 ⁴)
1698 3783 1780 3834 ante
1794 3767 1885 3832 ulti·

405 3893 500 3936 mam
518 3867 547 3956 ⁵)
568 3871 734 3952 syllabam
761 3889 825 3955 per
845 3870 1036 3956 singulares
1058 3888 1289 3941 consonantes
1311 3875 1525 3952 scribuntur,
1555 3876 1641 3943 baso
1659 3870 1888 3936 nominativo

402 3995 489 4038 casu
500 3973 638 4036 numeri
654 3971 849 4055 singularis,
866 3987 1016 4058 excepto
1025 3976 1185 4042 vocativo
1193 3971 1222 4060 6)
1237 3998 1320 4042 casu
1330 3978 1468 4041 numeri
1480 3975 1676 4062 singularis,
1692 3975 1729 4038 in
1742 3987 1890 4038 cetoros

408 4097 507 4140 casus
534 4095 598 4161 per
627 4072 793 4158 syllabam
820 4087 1005 4152 orcammt,
1035 4090 1074 4142 ut
1105 4092 1208 4165 puta:
1243 4081 1313 4145 bic
1345 4093 1479 4160 tener,
1508 4080 1637 4144 buius
1664 4075 1827 4152 teneri,
1848 4086 1891 4140 et

449 4365 486 4434 ”)
499 4367 500 4370 ’
512 4358 613 4416 ‹lebrat
631 4361 668 4418 V.
678 4362 715 4416 A.
733 4393 769 4406 -
788 4357 909 4430 dcbqant
925 4363 956 4418 P.
975 4365 1112 4420 Doctrina
1130 4368 1166 4421 de
1181 4371 1351 4440 superlative
1359 4373 1501 4440 feminino
1518 4367 1585 4427 snt
1602 4365 1644 4422 irie
1660 4361 1775 4422 lotide·
1792 4364 1896 4416 moia

512 4453 647 4505 scribitur.
674 4450 710 4521 ”)
729 4451 764 4502 At
782 4467 844 4502 vero
872 4452 908 4505 V.
924 4453 954 4505 Ρ.
972 4455 1092 4507 -itam
1110 4455 1148 4510 A.
1176 4458 1213 4524 ⁸⁶)
1238 4473 1302 4510 casn
1321 4459 1359 4512 V,
1377 4458 1408 4511 Ρ.
1426 4489 1461 4500 ...
1480 4453 1567 4527 guda
1584 4453 1620 4508 A,
1648 4453 1685 4526 ιι)
1704 4449 1770 4507 ·Ειὶ·
1789 4449 1832 4516 νγ,
1856 4451 1895 4504 μ,

512 4571 548 4584 ···
567 4537 636 4592 'Ex'
654 4538 690 4592 A·
711 4539 747 4606 ”l
766 4533 811 4590 ¹¹5⁰
831 4539 868 4592 V·
883 4539 914 4592 Ρ·
932 4561 970 4590 =
986 4540 1023 4593 A·
1043 4544 1081 4616 ⁸⁹)
1100 4551 1172 4596 teter
1188 4545 1225 4598 A.
1246 4574 1275 4588 -
1299 4553 1386 4599 taeter
1404 4545 1440 4600 V.
1460 4547 1499 4616 ⁹⁰)
1521 4550 1549 4595 ct
1567 4541 1603 4597 V.
1616 4541 1647 4594 Ρ.
1665 4559 1702 4590 ·.-·
1718 4537 1756 4594 A.
1782 4543 1823 4607 ⁸¹)
1842 4544 1879 4588 te

512 4637 571 4682 Μ’·
589 4627 628 4682 Α·
646 4657 683 4668 -
701 4633 803 4679 istim·
823 4627 859 4680 V·
879 4629 914 4697 ⁹²)
935 4645 996 4680 cum
1014 4627 1196 4702 sequentibus
1215 4633 1252 4688 V.
1267 4633 1305 4688 A.
1323 4663 1360 4676 -
1378 4627 1612 4706 ccmsquantibas
1630 4629 1663 4682 P.
1688 4628 1725 4697 θ’)
1743 4624 1902 4681 omittunt

513 4717 551 4773 V.
577 4747 613 4762 -·
639 4716 769 4770 omittant
792 4714 830 4768 A.
851 4715 958 4770 diserte.
985 4718 1025 4789 θ’)
1044 4715 1178 4773 definiant
1196 4721 1232 4776 V.
1252 4751 1287 4766 -
1306 4719 1471 4775 definiantur
1488 4719 1524 4773 A.
1543 4715 1682 4788 ·⁵)aatV.
1695 4713 1727 4768 Ρ.
1744 4739 1784 4758 -
1801 4721 1841 4765 ut
1851 4715 1899 4768 A.

509 4807 549 4878 ¹⁸)
568 4803 745 4858 smmum
772 4801 808 4859 V·
826 4831 863 4846 ¹·
886 4803 1045 4856 frumini
1064 4805 1100 4858 A·
1125 4809 1163 4877 ’7)
1182 4809 1336 4862 teterrimus
1355 4810 1391 4862 A.
1410 4839 1447 4853 -
1464 4807 1636 4861 taetermnns
1655 4803 1693 4860 V.
1708 4806 1748 4855 its
1767 4812 1796 4854 st
1816 4821 1903 4856 raso:

451 4931 455 4938 ’
512 4897 588 4961 ''ils'‘
607 4901 695 4946 um?
712 4905 739 4945 θ’
757 4898 869 4944 mm&
889 4893 925 4963 ⁹⁸)
943 4911 996 4964 1¹⁰¹
1014 4893 1050 4948 V·
1064 4895 1189 4953 ΛΞΡ.
1214 4899 1250 4970 ⁹⁹)
1270 4905 1377 4951 crcscat
1394 4896 1430 4954 V.
1446 4897 1482 4951 A.
1502 4925 1535 4938 -
1556 4901 1680 4946 crescant
1697 4891 1734 4952 Ρ.
1760 4891 1813 4960 “”)
1837 4909 1906 4944 vo·

514 4979 603 5032 catiro
623 4981 659 5034 V.
675 4981 706 5032 Ρ.
724 5007 761 5021 -
778 4979 946 5034 nominativo
964 4981 1001 5035 A.
1031 4985 1053 5052 ¹)
1071 4981 1115 5034 rel
1134 4983 1170 5036 V.
1187 4983 1219 5038 Ρ.
1237 5017 1274 5028 -
1292 4994 1339 5038 ιιι
1356 4986 1393 5039 A.
1419 4985 1443 5058 ⁹)
1463 4983 1612 5056 geminatas
1632 4981 1668 5037 V.
1686 4979 1718 5033 Ρ.
1736 5005 1774 5019 -
1793 4980 1906 5048 gomi.

513 5083 564 5120 ιιιι
582 5067 618 5118 A·
644 5068 666 5136 ¹)
685 5065 763 5136 niger
782 5067 818 5120 V.
834 5068 915 5142 1)-ἱ
928 5069 1007 5138 niger
1025 5077 1054 5122 ct
1071 5070 1106 5128 A.
1135 5072 1160 5144 ⁴)
1178 5070 1221 5126 val
1242 5074 1277 5126 V.
1294 5073 1324 5127 Ρ.
1342 5083 1372 5128 at
1390 5074 1426 5125 A.
1455 5071 1624 5144 ⁵)'nltiraarn
1643 5097 1680 5114 -
1695 5063 1906 5139 penultimar-

514 5156 552 5211 V.
568 5152 605 5206 A.
624 5152 650 5222 ⁶)
669 5151 795 5205 vocativo
816 5154 851 5206 V.
869 5155 942 5208 Ρ.-
961 5157 1129 5214 nominativo
1148 5161 1185 5214 A.

453 5247 486 5316 ιι)
515 5243 576 5298 cic.
593 5240 622 5292 in
641 5239 719 5294 Verr.
738 5239 845 5293 Act-ll.
865 5237 914 5294 lib.
934 5249 959 5301 3.
980 5261 1005 5297 o.
1023 5249 1071 5304 9·‘
