4020 6068
620 595 1163 655 rutnrarro
1589 595 1629 652 n

158 703 284 788 Max.
316 703 616 790 Victorinus
634 706 679 788 in
700 729 786 790 arte
805 707 1070 818 grammatica
1090 739 1131 821 p.
1166 733 1244 814 271
1267 698 1464 788 Lindem.
1486 701 1627 809 habet,

157 839 282 954 plane
297 841 515 944 consentit,
537 840 615 923 nisi
629 835 747 956 quod
761 841 909 925 iterum
924 841 1189 926 erotematice
1202 839 1437 954 expositum
1448 860 1520 922 est.
1538 837 1628 924 Du·
1657 939 1667 954 Ι

157 974 310 1088 plicam
324 1003 422 1085 ergo
435 973 624 1058 artemM
636 1005 705 1058 ax.
725 974 1026 1058 Victorinus
1040 974 1249 1089 scripsisse
1261 969 1439 1075 videtur,
1452 969 1572 1088 quod
1585 995 1627 1058 et

158 1109 418 1192 Donatum
445 1105 590 1193 secisse
608 1131 781 1212 constat,
801 1109 907 1192 sicut
921 1130 1036 1222 patet
1055 1139 1104 1193 ex
1125 1130 1316 1221 excerpto
1340 1107 1628 1190 commentarii

161 1244 203 1326 in
219 1242 378 1327 Donati
398 1237 629 1326 editionem
648 1240 895 1346 secundam,
927 1238 1047 1356 quod
1069 1241 1204 1326 Anall.
1224 1264 1462 1326 nostrornm
1478 1273 1519 1354 p.
1539 1245 1626 1328 515

163 1372 362 1462 eCodice
389 1399 630 1491 pervetusto
656 1377 865 1462 Monost.
884 1376 926 1460 S.
948 1376 1092 1460 Pauli
1113 1377 1163 1460 in
1190 1375 1324 1462 valle
1346 1373 1628 1458 Lavantina

162 1510 580 1614 communicavimus,
609 1509 685 1594 ubi
712 1512 921 1598 habentur
946 1513 1068 1595 haec:
1101 1509 1349 1625 „Scripsit
1368 1508 1499 1592 enim
1515 1507 1628 1625 (Do-

160 1644 298 1762 natus)
319 1668 478 1729 artem
499 1641 774 1760 duplicem,
805 1642 859 1729 id
890 1669 986 1751 est,
1018 1668 1132 1730 octo
1164 1665 1355 1760 partes,
1389 1669 1511 1756 quas
1540 1641 1628 1726 mi·

161 1807 310 1865 nores
335 1801 524 1866 vocant
555 1801 710 1884 artes,
738 1810 763 1862 a
794 1781 987 1896 quibus
1009 1774 1236 1865 secunda
1265 1777 1395 1864 haec
1422 1798 1500 1858 est
1524 1770 1628 1858 edi·

161 1915 273 2001 tio.“
304 1913 362 1998 Et
381 1913 508 2028 paulo
529 1911 714 1998 inferius:
743 1912 825 2017 „ln
848 1917 1016 2031 prima
1042 1911 1105 1996 ad
1133 1909 1407 1998 docendos
1431 1938 1627 2024 pueros

161 2046 580 2160 interrogationi
614 2047 883 2132 satisfacit
918 2047 1154 2163 (Donatus)
1191 2044 1545 2150 etsolutioni3
1575 2044 1628 2126 in

162 2179 394 2267 secunda
420 2203 593 2265 autem
622 2179 865 2265 editione
890 2209 1149 2296 personas
1174 2179 1443 2296 perfectas
1470 2176 1628 2264 docet

162 2316 440 2402 scientiam
469 2296 830 2399 Latinitatis.“

275 2449 371 2535 Vll.
403 2449 567 2534 lncenrr
585 2479 786 2534 nxcnnrrr
803 2471 1037 2535 mouunnr'r
1057 2476 1320 2531 emuntrrcr.

273 2585 478 2669 Desumta
495 2584 703 2668 sunthaec
722 2613 770 2667 ex
781 2579 933 2670 eodem
945 2579 1104 2668 Codice
1113 2579 1196 2666 No.
1205 2579 1331 2688 XVI,
1346 2576 1511 2694 explent
1527 2577 1629 2662 bina

163 2717 256 2802 lolia
285 2720 394 2832 (156
414 2739 458 2801 et
476 2718 579 2831 159)
604 2718 712 2802 inter
736 2747 781 2802 se
801 2713 1061 2802 cohaerentia
1081 2715 1198 2834 (solia
1214 2709 1462 2797 intermedia
1487 2717 1565 2819 157
1588 2733 1630 2797 et

165 2849 527 2939 158Macrobii
547 2853 826 2967 excerptaalia
843 2853 1041 2968 scriptura
1058 2845 1421 2964 complectuntur),
1440 2876 1465 2929 a
1483 2876 1624 2958 manu,

162 3016 269 3101 quae
282 2981 552 3070 Sacerdotem
572 2988 800 3102 scripserat,
823 3009 998 3090 exarata,
1009 2983 1278 3098 inscriptione
1299 3003 1341 3065 et
1358 2981 1627 3095 sahsoriptio·

161 3151 210 3203 ne
222 3119 416 3205 carentia.
450 3117 678 3205 Continent
696 3144 916 3237 praecepta
937 3119 1203 3233 grammatica
1229 3115 1431 3201 nonnulla
1450 3138 1492 3201 ct
1508 3115 1627 3200 scho-
1735 3137 1741 3147 ·

162 3253 213 3342 lia
232 3253 286 3340 ad
313 3255 558 3367 Virgilium,
583 3255 819 3360 Horatium,
852 3253 1107 3360 Iuvenalem,
1137 3250 1370 3336 Lucanum.

245 3469 360 3556 VHI.
373 3472 545 3558 Vannnrr
563 3471 690 3557 Pnonr
708 3501 761 3554 na
778 3500 936 3556 nonme
954 3498 1227 3554 smonnnrun
1247 3495 1269 3551 e
1289 3461 1399 3552 Cod.
1419 3464 1519 3549 olim
1538 3466 1628 3551 Bo-

161 3601 341 3710 biensi,
357 3637 470 3692 nunc
487 3603 876 3690 Vindobonensi
893 3602 975 3690 No.
987 3603 1113 3690 XVII
1135 3601 1188 3686 ab
1209 3600 1287 3684 alia
1305 3629 1433 3684 manu
1451 3595 1627 3714 quidem

161 3768 285 3852 qnam
305 3773 414 3856 quae
434 3764 626 3826 tractatus
647 3738 702 3826 de
720 3738 892 3822 nomine
915 3761 956 3822 et
973 3736 1105 3822 verbo
1125 3744 1246 3840 (th.
1268 3744 1453 3842 Praesat.
1468 3769 1509 3840 p.
1528 3744 1627 3828 VJ.)

163 3873 375 3987 scripserat
400 3897 624 3978 exaratum,
647 3901 801 3960 coaeva
821 3897 975 3959 tamen.
1008 3871 1156 3986 Incipit
1173 3881 1256 3980 fol.
1279 3875 1450 3954 lincol.
1474 3876 1509 3949 b.
1533 3897 1628 3949 cum

162 4003 447 4122 inscriptione:
481 4007 932 4123 „IncipitValerii
954 4000 1201 4090 Probide
1225 4001 1485 4106 nomine,“
1518 3995 1628 4098 desi-

160 4137 217 4222 nit
232 4151 316 4248 sol.
351 4173 402 4228 ro
432 4179 464 4226 v.
483 4145 571 4230 sine
591 4141 907 4256 subscriptione.
939 4141 1019 4224 Pro
1038 4138 1236 4254 excerptis
1259 4169 1282 4220 e
1306 4132 1478 4220 diversis
1500 4131 1628 4218 Prohi

161 4273 380 4385 opusculis
400 4277 649 4360 nominatim
671 4277 859 4360 etiamen
874 4274 963 4358 eius
982 4272 1090 4356 libro
1111 4270 1172 4357 de
1200 4269 1486 4384 generibus
1512 4267 1627 4351 cuius

161 4408 349 4492 meminit
364 4411 635 4524 Pompeius
647 4447 689 4518 p.
706 4413 784 4496 156
795 4391 1005 4514 Lindem,
1017 4407 1221 4491 habemus
1239 4409 1320 4492 hoc
1336 4405 1627 4518 fragmentum,

160 4537 307 4656 inquo
329 4565 371 4628 et
392 4541 473 4630 loci
493 4543 772 4630 Classicorum
797 4539 1006 4658 deperditi
1026 4541 1216 4626 nonnulli
1242 4562 1466 4644 servantur,
1490 4572 1526 4625 e.
1546 4571 1582 4652 g.
1604 4570 1628 4626 e

159 4670 400 4760 Cornelii
421 4676 727 4764 Severilibris
741 4708 878 4763 rerum
892 4675 1187 4780 Romanarum,
1204 4705 1226 4790 e
1243 4672 1443 4758 Lucilio
1464 4671 1629 4785 (locum

159 4805 214 4890 ab
233 4809 286 4893 H.
310 4809 569 4900 Columna
591 4811 645 4898 ad
668 4813 854 4896 Ennium
876 4845 917 4928 p.
946 4843 1050 4924 179,
1076 4811 1190 4894 sonte
1220 4805 1396 4926 quidem
1415 4837 1501 4892 non
1520 4803 1629 4891 indi-

158 4967 264 5050 cate,
278 4968 507 5032 atenostro
523 4970 631 5033 certe
646 4944 806 5032 Codice
821 4946 1068 5060 prolatum),
1090 4977 1139 5028 ex
1161 4942 1367 5028 Ascanii
1389 4942 1489 5026 Lib
1502 4965 1629 5050 ertu,

161 5105 182 5160 e
204 5075 486 5166 Ciceronis
510 5082 746 5168 oratione
767 5078 949 5189 secunda
970 5111 1047 5196 pro
1070 5077 1281 5196 Cornelio.

277 5266 351 5352 IX.
381 5267 510 5356 Pnorr
543 5271 807 5358 Gnrnutrrcr
827 5301 879 5355 nn
906 5299 1013 5358 ocro
1034 5299 1246 5358 onarronrs
1276 5259 1451 5353 neunars
1477 5295 1545 5349 ans
1566 5293 1631 5348 nr·
