4020 6068
409 571 508 628 xvlss
876 571 1431 628 1111111110.1

409 683 645 766 stitutorttm
677 679 827 764 artium
855 711 878 764 a
904 679 1045 766 Probo
1072 678 1185 794 ipso,
1217 681 1447 788 prisciano,
1475 681 1680 796 Pompeio
1713 679 1754 766 11
1791 681 1877 766 aliis

408 815 573 931 saepius
592 809 806 919 laudatus,
834 843 975 899 nonne
996 813 1164 898 forsitan
1185 843 1262 899 ars
1291 815 1476 901 minor·
1490 815 1599 900 liber
1617 817 1694 900 erit
1713 813 1876 900 deside·
1980 915 1982 928 ⁴

409 951 549 1037 ratus?
573 947 681 1052 Hoc,
704 948 779 1031 etsi
807 945 924 1032 locus
946 946 1200 1031 Prisciani
1226 975 1322 1052 727.
1340 946 1505 1032 Putsch.
1525 945 1580 1032 ad
1598 951 1796 1034 amussim
1815 981 1880 1034 re·
1981 1041 1982 1046 p

409 1080 662 1200 spondeatss.
681 1085 778 1167 566.
799 1079 894 1162 artis
909 1081 1009 1164 min.
1021 1078 1089 1164 ed.
1105 1103 1282 1184 nostrae,
1295 1077 1473 1166 fidenter
1489 1113 1639 1195 negare
1660 1081 1879 1168 audemus.
1982 1134 1983 1156 ι

409 1218 577 1301 Frustra
599 1213 710 1296 enirn
730 1243 906 1328 quaeres
926 1214 967 1296 in
988 1245 1036 1298 ea
1052 1214 1168 1301 locos
1184 1247 1206 1298 a
1222 1215 1363 1300 Probo
1383 1216 1427 1298 in
1450 1216 1660 1335 catholicis
1673 1218 1818 1302 citatos
1841 1238 1882 1301 et

410 1379 433 1433 a
462 1351 497 1432 F
508 1342 733 1432 reundio
763 1358 788 1428 l.
821 1383 854 1430 c.
888 1345 1114 1452 indicatos,
1144 1379 1284 1463 neque
1312 1348 1405 1434 illos
1435 1350 1487 1435 ab
1519 1351 1608 1435 aliis
1637 1351 1880 1466 artigraphis

407 1480 600 1568 laudatos
620 1503 661 1564 et
678 1507 701 1564 a
724 1480 848 1564 nobis
865 1479 1006 1595 paullo
1024 1483 1213 1596 superius
1234 1505 1412 1567 notatos.
1443 1483 1607 1568 Locum
1629 1514 1730 1570 vero
1750 1515 1774 1568 a
1791 1483 1878 1568 Pri-

410 1620 548 1703 sciano
566 1609 781 1700 laudatum
798 1614 935 1727 ipsum
948 1638 1161 1700 auctorem
1179 1645 1227 1698 ex
1238 1613 1511 1728 amplioribus
1530 1616 1725 1700 institutis
1744 1649 1880 1726 gram-

409 1751 568 1834 maticis
597 1751 638 1830 in
665 1769 795 1831 artem
822 1749 1028 1832 minorem
1052 1749 1271 1833 inseruisse
1297 1727 1629 1830 nemini'mirnm
1650 1745 1877 1832 videbitur.

411 1885 610 1969 Ceterum
624 1879 811 1964 Probum
823 1905 1012 1966 nostrum
1035 1879 1246 1998 duplicem
1268 1905 1398 1965 artem
1414 1881 1623 1995 scripsisse
1641 1911 1727 1965 non
1743 1876 1878 1964 modo

411 2015 601 2130 exemplo
620 2013 796 2098 aliorum
821 2017 1171 2130 artigraphorum,
1192 2014 1373 2119 Donati,
1394 2014 1547 2117 Servii,
1575 2013 1707 2126 Sergii
1725 2015 1881 2128 proba-

408 2149 495 2238 bile
520 2146 676 2250 videri,
716 2147 792 2234 sed
820 2152 942 2234 etiarn
972 2149 1212 2234 testimonio
1239 2148 1431 2263 Pompeii
1467 2145 1701 2232 confirmari
1725 2167 1879 2260 potest.

409 2286 482 2368 Ait
529 2285 637 2368 enim
687 2284 913 2398 Pompeius
956 2317 997 2398 p.
1048 2287 1129 2369 156
1166 2293 1363 2366 Laudem:
1402 2281 1549 2385 „Iste
1596 2281 1881 2363 institutor

410 2414 642 2538 (Probus)
672 2415 772 2498 iam
802 2440 962 2500 artem
988 2417 1211 2528 scripsit
1236 2407 1384 2530 (artem
1415 2441 1470 2496 sc.
1495 2409 1732 2527 minorem).
1762 2410 1804 2495 N
1814 2442 1880 2496 on

410 2549 627 2664 scripsit
652 2548 924 2661 perlectis,
952 2544 1045 2632 sed
1075 2544 1136 2631 ad
1167 2575 1280 2648 eos,
1313 2546 1401 2660 qui
1426 2543 1619 2629 volunt
1645 2545 1880 2660 seperle-

411 2693 701 2771 ctosesse.“
754 2721 757 2728 ¹

528 2816 615 2898 lam
635 2811 943 2900 enumerandae
961 2837 1056 2899 sunt
1075 2811 1282 2899 editiones
1294 2811 1577 2897 institutorum
1595 2833 1637 2895 et
1655 2808 1880 2896 catholico-

408 2981 523 3054 rum,
556 2977 665 3064 quae
684 2947 806 3032 nohis
825 2943 1041 3064 hucusque
1060 2949 1348 3031 innotuerunt:

526 3083 595 3171 *1.
626 3078 755 3164 Probi
780 3081 966 3166 instituta
987 3083 1137 3166 artium
1157 3103 1232 3166 ete.
1265 3090 1424 3164 Mediol.
1456 3081 1878 3174 Scinaeatzeler.15od.

409 3213 1281 3332 Edprinceps,sinecatholieis*).

525 3352 593 3434 *a.
621 3347 816 3433 -lnst'ttnta
842 3349 992 3432 artium
1013 3347 1234 3465 Probique
1262 3345 1462 3432 catholica
1486 3365 1570 3429 etc*
1601 3339 1655 3426 ab
1689 3342 1741 3425 A.
1773 3338 1878 3442 lano

409 3483 625 3568 Parrhasio
645 3513 777 3596 nuper
795 3483 961 3566 inventa
979 3513 1029 3566 ac
1037 3513 1149 3566 nunc
1166 3483 1349 3597 primum
1372 3477 1496 3564 edita.
1519 3489 1732 3562 Ver'cerr'oe.
1755 3483 1878 3554 Henr.

411 3645 450 3702 et
463 3631 595 3702 Maria
605 3625 769 3726 scotres
791 3623 913 3728 1509.
938 3627 1023 3700 Fol.

527 3751 594 3836 ¹¹5.
626 3747 754 3833 Probi
770 3749 955 3834 instituta
973 3749 1122 3832 artium
1139 3771 1216 3832 etc.
1237 3758 1414 3830 Parisiis.
1429 3755 1486 3827 Io.
1507 3755 1671 3826 Parma.
1698 3745 1822 3825 1510.
1840 3756 1877 3831 t..

411 3883 533 3968 Sine
567 3881 856 3967 catholicis.

531 4035 568 4113 1.
599 4013 741 4099 Probi·
755 4044 879 4098 aurea
902 4013 1087 4099 instituta
1114 4013 1261 4098 artium
1286 4035 1363 4099 etc.
1397 4020 1557 4094 Mediol.
1602 4017 1877 4134 Scirtaenzelert

416 4157 539 4240 1515.
561 4163 645 4236 Fal.

296 4339 304 4358 ι
526 4289 567 4368 5.
598 4283 760 4368 Probus
788 4313 881 4366 cum
909 4277 1122 4367 Diomede
1145 4303 1187 4364 et
1207 4279 1307 4363 aliis.
1332 4287 1561 4362 Mediolani.
1587 4278 1708 4361 1515.
1740 4271 1880 4354 Hanc

413 4415 704 4502 editionem
731 4411 917 4498 laudat
946 4413 1214 4498 Fabricius
1244 4411 1497 4496 biblioth.
1533 4409 1638 4492 Lat.
1671 4404 1744 4487 lll.
1775 4409 1875 4508 317.

413 4547 488 4635 ed.
516 4548 745 4654 Ernesti,
779 4571 830 4633 at
860 4577 963 4631 non
993 4544 1217 4630 viderat.
1253 4547 1521 4629 Panzerus
1561 4564 1608 4626 et
1647 4536 1878 4624 Ebertus

412 4683 737 4800 aequeillam
764 4683 1021 4794 ignorant.
1053 4676 1188 4764 Vide
1216 4708 1275 4760 an
1309 4707 1409 4762 non
1433 4677 1511 4760 sit
1539 4671 1710 4759 editio
1733 4697 1878 4782 prae-

412 4815 606 4902 cedens
625 4847 843 4931 perperam
864 4817 984 4899 citata
1008 4814 1103 4896 anni
1124 4835 1223 4896 nota
1245 4817 1352 4908 1415
1373 4840 1450 4926 pro
1479 4810 1603 4905 1415.

494 5129 529 5215 ⁴)
560 5129 742 5198 Editiones
762 5135 934 5200 asterisco
958 5142 1102 5198 notatae
1126 5130 1351 5196 adservantur
1372 5127 1408 5190 in
1430 5123 1649 5190 Bibliotheca
1673 5117 1882 5186 (11111151-

560 5232 766 5300 dobonensi.
1691 5249 1696 5260 ·
