4050 6064
414 545 481 618 m
874 539 1435 600 enosrsnsurnon.

500 685 610 756 nodo
625 685 832 766 indicativo,
849 690 1018 776 temporis
1033 690 1225 776 praesentis
1242 691 1297 774 ¹¹).
1314 687 1461 756 Numeri
1480 689 1681 776 singularis:
1698 707 1811 768 sum,
1823 709 1878 766 sa,
1920 720 1927 751 i

415 803 497 870 em
520 790 658 854 numeri
675 789 839 876 pluralis:
864 783 1009 857 sumus
1027 794 1090 874 ²²),
1113 792 1241 868 estis,
1266 802 1378 860 suni.

496 893 631 956 Eodem
649 892 768 971 modo,
786 905 944 980 tempore
964 893 1165 980 praeterito,
1183 894 1299 978 speeie
1314 893 1506 982 inperfecta
1521 887 1577 980 ¹³).
1601 893 1748 958 Numeri
1762 893 1879 979 singu·-

412 993 512 1060 luins
542 1013 682 1072 eram,
706 1014 820 1070 eras,
852 1008 965 1071 eran
988 997 1126 1060 numeri
1154 995 1317 1081 pluralist
1350 1017 1538 1075 eramus,
1562 996 1723 1074 eratis,
1747 1009 1876 1060 erant.

495 1093 632 1160 Eodem
655 1096 780 1175 modo,
805 1098 927 1161 eodem
952 1109 1126 1182 tempore,
1153 1098 1269 1182 speeie
1290 1090 1333 1181 ²⁴)
1360 1099 1525 1184 perfecta.
1555 1097 1703 1162 Numeri
1731 1097 1880 1181 singula·-

411 1196 479 1262 ris:
509 1197 591 1274 fui,
623 1196 768 1275 fuisti,
800 1198 904 1275 fuiis
931 1199 1069 1264 numeri
1093 1199 1255 1286 pluralis:
1286 1199 1472 1280 fuimus,
1501 1201 1673 1280 fuistis,
1703 1199 1878 1264 fuerunt

410 1296 467 1362 vel
490 1297 625 1364 fuere.

497 1397 633 1463 Eodem
660 1399 782 1478 modo,
807 1401 930 1466 eodem
955 1413 1113 1488 tempore
1130 1396 1192 1485 ²⁵),
1224 1403 1339 1488 specie
1361 1403 1711 1490 plusquamperfeeta.
1735 1403 1878 1467 Numeri

411 1499 615 1584 singularis:
655 1501 841 1581 fueram,
880 1501 1054 1581 fueras,
1089 1502 1251 1580 fueram
1281 1506 1418 1569 numeri
1442 1505 1606 1592 pluralis:
1637 1505 1878 1580 fueramus,

412 1601 621 1679 fueratis,
646 1602 827 1668 fuerant.

496 1705 631 1769 Eodem
653 1705 779 1781 modo,
803 1718 960 1791 tempore
986 1704 1101 1770 fusuro
1121 1707 1193 1771 sive
1212 1709 1421 1793 promissivo
1439 1708 1545 1774 modo
1565 1701 1621 1793 ³⁶).
1642 1709 1789 1773 Numeri
1811 1709 1879 1773 sin·

410 1804 558 1891 gulariss
584 1827 676 1884 ero,
700 1808 810 1882 eris,
833 1808 940 1882 erit;
962 1810 1099 1872 numeri
1119 1809 1280 1894 pluraliss
1305 1811 1486 1887 erimus,
1510 1811 1659 1887 eritis,
1684 1821 1826 1875 esunt.

496 1907 605 1971 Modo
622 1909 849 1993 imperativo,
867 1922 1024 1993 tempore
1041 1908 1168 1976 futuro.
1191 1912 1337 1975 Numeri
1351 1913 1553 1998 singularis:
1576 1925 1689 1990 esto,
1705 1924 1798 1976 estn
1814 1915 1875 1997 ²⁷);

409 2009 548 2072 numeri
562 2008 726 2095 pluraliss
750 2023 913 2086 estote,
938 2023 1079 2076 sunto.

496 2110 605 2176 Modo
624 2111 770 2189 infinito,
788 2112 941 2176 numeris
960 2125 995 2176 et
1007 2113 1166 2200 personis
1183 2114 1348 2196 confusis,
1365 2126 1523 2201 tempore
1540 2117 1733 2202 praesenti:
1758 2137 1827 2182 ess
1838 2137 1872 2192 e,

410 2223 568 2299 tempore
587 2215 794 2299 praeterito:
818 2214 965 2281 fuisse.

493 2313 604 2379 Modo
629 2316 804 2400 optativo,
828 2328 985 2402 tempore
1008 2317 1192 2399 praesenti.
1219 2317 1365 2382 Numeri
1389 2317 1589 2402 singularis:
1619 2319 1752 2382 utinam
1784 2319 1876 2396 sim,

407 2415 542 2478 utinam
566 2416 648 2492 sis,
678 2417 812 2480 utinam
836 2417 908 2492 sit;
937 2419 1074 2482 numeri
1090 2417 1249 2504 pluralis:
1272 2421 1406 2484 utinam
1430 2421 1583 2498 simus,
1606 2420 1740 2486 utinam
1764 2421 1875 2497 sitis,

408 2515 543 2580 utinam
566 2511 668 2581 sint.
762 2587 766 2600 ,

493 2615 630 2680 Eodem
645 2617 771 2696 modo,
794 2630 951 2704 tempore
968 2621 1176 2707 praeterito,
1198 2623 1314 2707 speeie
1332 2624 1532 2710 inperfecta.
1554 2623 1701 2687 Numeri
1727 2621 1876 2707 singula·

408 2717 475 2782 ris:
499 2717 631 2780 utinam
648 2741 811 2798 essem,
834 2721 968 2786 utinam
985 2743 1127 2798 esses,
1150 2723 1283 2788 utinam
1307 2739 1441 2802 esset;
1464 2725 1600 2788 numeri
1624 2725 1788 2810 pluralis:
1811 2725 1876 2786 mi-
1925 2807 1928 2810 Δ

406 2837 489 2882 nam
512 2839 729 2896 essemus,
752 2823 885 2886 utinam
910 2823 1094 2900 essetis,
1117 2823 1251 2888 utinam
1274 2839 1428 2892 essent.

492 2919 629 2984 Eodem
659 2923 784 2998 modo,
816 2924 939 2988 eodem
963 2938 1140 3010 tempore,
1173 2927 1288 3012 speeie
1309 2929 1473 3013 perfecta.
1505 2926 1651 2990 Numeri
1676 2911 1858 3012 singularis

406 3019 540 3085 utinam
557 3021 599 3084 fu
610 3023 736 3100 erim,
759 3026 892 3088 utinam
909 3025 1063 3102 fueris,
1087 3029 1221 3090 utinam
1239 3028 1281 3092 fn
1292 3050 1336 3092 er
1347 3030 1395 3106 it;
1411 3029 1548 3092 numeri
1564 3028 1727 3115 pluralis:
1744 3029 1874 3094 utinam

299 3120 644 3198 meminerimus,
667 3125 800 3190 utinam
824 3126 1026 3204 fueritis,
1049 3129 1183 3192 utinam
1207 3129 1397 3194 fuerint.

490 3223 626 3288 Eodem
650 3226 778 3304 modo,
802 3227 924 3290 eodem
953 3241 1109 3314 tempore
1129 3225 1191 3314 ²⁸),
1215 3231 1330 3316 specie
1357 3230 1707 3318 plusquamperfeeta.
1730 3227 1874 3294 Numeri

406 3322 610 3409 singularis:
633 3326 767 3390 utinam
793 3326 999 3406 fuissem,
1022 3332 1155 3394 utinam
1173 3333 1356 3408 fuisses,
1378 3334 1513 3398 utinam
1535 3334 1719 3408 fuisset;
1741 3327 1875 3394 numeri

405 3425 569 3512 pluralis:
592 3425 726 3489 utinam
756 3427 1007 3506 fuissemus,
1031 3431 1163 3496 utinam
1187 3425 1418 3510 fuissetis,
1442 3435 1574 3498 utinam
1597 3434 1803 3498 fuissent.

490 3526 625 3591 Eodem
645 3527 769 3606 modo,
789 3541 947 3615 tempore
968 3530 1094 3596 fllium.
1117 3533 1265 3598 Numeri
1290 3534 1494 3619 singularis:
1523 3536 1657 3598 utinam
1687 3534 1786 3612 sim,
1807 3531 1877 3594 nti-

374 3713 378 3719 ·
404 3646 486 3692 nem
507 3628 590 3704 sis,
609 3629 743 3693 utinam
763 3631 842 3707 sit;
866 3632 1003 3696 numeri
1020 3633 1182 3718 pluraliss
1206 3636 1339 3700 utinam
1357 3637 1503 3714 simus,
1519 3637 1651 3716 utinam
1669 3635 1791 3710 sitis,
1807 3633 1876 3696 uli-

404 3748 486 3794 nans
510 3729 612 3794 sint.

490 3830 601 3896 Modo
620 3832 863 3910 coniunctim,
889 3847 1046 3922 tempore
1063 3838 1248 3922 praesenti.
1273 3839 1419 3902 Numeri
1437 3839 1637 3926 singularis:
1661 3859 1741 3902 enm
1765 3835 1821 3901 vel
1847 3833 1877 3897 si

405 3931 508 4007 sim,
533 3951 613 3994 eum
626 3932 682 3995 vel
700 3934 728 3996 si
748 3935 828 4009 sis,
852 3957 931 3999 eum
948 3937 1003 4000 vel
1018 3937 1047 4000 si
1066 3939 1125 4001 sit
1134 3961 1144 4012 ;
1167 3941 1304 4004 numeri
1320 3940 1484 4026 pluralis:
1510 3961 1589 4004 eum
1605 3939 1661 4005 vel
1675 3939 1706 4003 si
1729 3937 1875 4010 simus,

406 4052 485 4097 num
508 4031 564 4096 vel
589 4033 618 4096 si
642 4033 762 4111 sitis,
785 4055 864 4098 cum
885 4038 941 4101 vel
964 4039 994 4101 si
1017 4039 1118 4102 sint.

406 4175 409 4182 ι
489 4132 623 4198 Eodem
646 4134 773 4210 modo,
796 4149 954 4222 tempore
969 4140 1176 4225 praeterito,
1193 4142 1309 4226 speeie
1326 4143 1529 4230 inperfecta.
1553 4141 1701 4208 Numeri
1722 4137 1877 4223 singula-

405 4232 471 4296 ris:
496 4253 576 4295 curn
602 4235 659 4298 vel
683 4236 712 4298 si
739 4257 890 4313 essem,
914 4259 992 4302 cnm
1021 4241 1078 4304 vel
1101 4241 1129 4304 si
1156 4263 1297 4318 esses,
1329 4265 1407 4307 oum
1437 4245 1493 4308 vel
1517 4247 1546 4309 si
1572 4257 1705 4320 essen
1736 4239 1878 4306 numeri

404 4333 568 4420 pluralis:
593 4355 671 4398 oum
689 4335 790 4399 velsi
809 4357 1018 4418 essemus,
1042 4362 1121 4405 eum
1145 4343 1201 4406 vel
1225 4343 1255 4406 si
1281 4346 1460 4421 essetis,
1485 4365 1563 4409 cum
1583 4346 1640 4409 vel
1667 4345 1695 4408 si
1721 4352 1879 4407 essent.

489 4433 624 4498 Eodem
656 4436 780 4513 modo,
809 4439 932 4503 eodem
961 4454 1136 4528 tempore,
1170 4444 1285 4529 specie
1317 4445 1480 4532 perfecta.
1503 4447 1649 4510 Numeri
1672 4443 1878 4529 singularis:

405 4555 485 4601 eum
499 4536 554 4600 vel
570 4536 599 4600 si
617 4535 796 4616 fuerim,
821 4560 900 4604 eum
917 4542 973 4606 vel
990 4544 1019 4606 si
1038 4544 1196 4622 fueris,
1222 4567 1300 4610 cum
1320 4547 1376 4609 vel
1394 4547 1423 4610 si
1450 4548 1612 4624 fuerin
1635 4545 1772 4610 numeri
1797 4543 1879 4628 pln-

404 4637 728 4708 ralisseumvelsi
745 4639 980 4722 fuerimus,
1005 4665 1083 4709 cum
1108 4646 1164 4709 vel
1186 4647 1214 4710 si
1240 4647 1445 4730 fueritis,
1467 4668 1547 4712 cum
1568 4649 1625 4714 vel
1649 4650 1678 4712 si
1701 4644 1881 4711 fuerint.

441 4929 477 4997 ¹¹)
495 4927 580 4982 niodo
600 4967 608 4983 .
629 4966 636 4981 .
659 4968 666 4982 .
686 4967 693 4982 .
713 4931 869 5000 praesentis
882 4931 917 4985 B.
936 4962 971 4974 -
988 4933 1073 4988 inodo
1090 4935 1241 4992 indieeiivn
1258 4947 1383 5012 ternpore
1400 4940 1541 5010 prementi
1559 4941 1596 4996 V.
1616 4961 1652 4992 =
1669 4940 1707 4994 A.
1727 4943 1763 5009 ”)
1784 4954 1884 4990 sumus

512 5015 548 5069 V.
562 5015 599 5070 A.
619 5046 656 5056 -
674 5033 769 5070 sonans
783 5020 816 5071 B.
836 5021 873 5088 ²³)
885 5019 1038 5090 inperfecte
1051 5023 1083 5078 V
1081 5061 1087 5076 .
1102 5024 1142 5078 A.
1161 5055 1197 5070 —
1215 5025 1337 5096 perfecie
1355 5027 1387 5080 B.
1414 5028 1451 5100 ³⁴)
1468 5027 1564 5098 specie
1582 5027 1618 5082 V.
1633 5027 1671 5081 A.
1689 5056 1727 5068 -
1743 5043 1830 5096 spent
1846 5025 1883 5078 B.

512 5103 549 5170 ⁸¹}
563 5109 687 5172 tempora
706 5105 741 5157 B.
764 5105 802 5159 V.
820 5135 857 5146 -
874 5109 1024 5176 praeterito
1044 5109 1081 5164 A.
1108 5113 1144 5181 ²⁸)
1161 5112 1220 5166 sive
1235 5113 1400 5182 promissivo
1420 5112 1504 5167 ruodo
1523 5114 1560 5170 V.
1582 5143 1622 5158 «-
1638 5114 1696 5170 eivs
1713 5099 1883 5186 pr'onsissiso

511 5187 545 5241 B.
563 5189 596 5242 P.
614 5209 651 5237 .-.·
667 5189 704 5244 A.
725 5193 761 5260 η)
776 5197 837 5244 este
853 5193 889 5246 A.
910 5223 945 5236 -
963 5197 1066 5250 esisB.
1086 5198 1122 5254 V.
1142 5201 1178 5272 ¹⁸)
1192 5197 1289 5254 eodem
1309 5207 1432 5272 tempore
1448 5201 1485 5254 m
1504 5201 1541 5256 V.
1556 5223 1594 5252 =
1607 5201 1643 5254 A.
