4050 6064
423 529 647 590 etrtnntx
670 531 726 588 tu
754 531 885 591 ltnont
910 533 1063 592 tum
1080 531 1301 594 utnonttu.
1530 533 1598 606 415

34 689 36 750 5
142 677 239 742 lilium
261 693 332 742 uon
354 675 475 742 lileum
497 678 628 764 -glis
650 699 722 744 non
745 680 815 765 glir
835 718 877 731 -
900 681 1029 747 delirus
1051 702 1123 748 non
1145 682 1281 748 delerna
1296 683 1333 766 ¹)
1353 715 1395 734 -
1412 681 1505 748 tinea
1523 701 1597 747 non

34 765 39 845 l
142 781 215 844 tinia
233 777 261 862 5)
280 815 324 830 -
345 791 445 843 exter
466 799 538 844 uon
561 793 746 846 extraneus
767 819 811 830 —
833 783 986 866 chlamys
1002 778 1048 867 55)
1068 803 1141 848 non
1163 786 1294 849 ciamus
1315 819 1359 834 -
1381 783 1434 846 vir
1447 803 1518 848 non
1531 803 1598 866 vyr

141 883 289 966 -virgo
312 900 385 943 non
406 901 516 966 vyrgo
542 917 588 930 -
614 883 714 967 virga
742 902 814 948 uon
834 905 944 970 vyrgs
965 887 1168 950 -occasio
1198 905 1271 949 non
1294 885 1456 950 occansio
1471 921 1515 934 -
1537 905 1597 949 ca·

141 981 203 1066 ligo
223 1002 293 1046 non
316 980 443 1065 calligo
465 1015 510 1033 -·
531 983 668 1046 terebra
690 1004 761 1049 non
783 987 915 1049 telebra
935 1023 980 1036 -
1002 987 1219 1052 effeminatus
1235 980 1280 1070 55)
1308 1005 1381 1050 non
1404 987 1596 1050 imfimena-

139 1095 245 1146 tus-
265 1082 459 1165 botnrue‘)
487 1103 559 1147 non
587 1079 742 1167 hussel)
773 1123 814 1135 -
837 1109 918 1170 grus
941 1108 1012 1153 non
1035 1091 1129 1174 gruis
1153 1107 1318 1152 -anser
1344 1107 1416 1151 non
1438 1107 1598 1152 ansar-

139 1184 242 1249 tabula
270 1204 342 1248 non
373 1184 465 1248 tabla
495 1221 540 1238 -
571 1186 686 1270 puella
708 1207 780 1252 non
802 1190 917 1276 poella
934 1186 978 1273 ⁵⁷)
1008 1228 1051 1238 -
1072 1190 1206 1254 balteus
1229 1209 1300 1254 nou
1322 1187 1449 1252 baltius
1472 1225 1514 1236 -
1536 1187 1597 1250 iax

137 1305 199 1350 uon
220 1286 307 1352 iacls
329 1323 372 1334 -
392 1286 598 1372 vicocapitis
620 1287 757 1352 Airicae
780 1311 851 1354 non
872 1293 1061 1378 vicocapnt
1082 1292 1219 1356 Africae
1241 1329 1283 1339 -
1299 1289 1489 1353 vicotsbuli
1511 1308 1596 1373 pro·

138 1387 277 1450 consulis
295 1381 339 1468 55)
355 1390 388 1469 5)
403 1407 475 1450 uon
497 1387 698 1452 vicotabulu
714 1394 934 1475 proconsulis
949 1431 993 1442 —·-
1007 1395 1279 1458 vicocastrorum
1298 1412 1370 1456 non
1382 1393 1596 1454 vicocastrae

137 1489 396 1553 -vicostrobili
410 1507 482 1553 non
496 1489 714 1554 vicostrobili
730 1487 774 1575 ⁵⁹)
790 1529 833 1543 -
854 1507 943 1558 teter
955 1514 1026 1556 non
1040 1507 1147 1558 tetrus
1169 1531 1211 1544 —
1233 1515 1318 1580 aper
1333 1512 1404 1556 non
1428 1511 1531 1576 aprus
1552 1523 1596 1540 -·

137 1590 307 1674 amygdala
322 1585 366 1674 55)
389 1609 461 1654 non
484 1591 660 1654 amiddola
681 1629 724 1640 -·-
748 1593 895 1658 laseolus
912 1589 957 1678 51)
978 1617 1051 1660 non
1074 1597 1231 1660 iessiolus
1261 1633 1305 1644 -
1327 1593 1499 1658 stabulum
1523 1610 1596 1655 non

32 1669 34 1692 ’
137 1691 275 1756 stablum
302 1727 346 1742 -
375 1691 564 1756 triclinium
595 1712 666 1756 non
697 1695 837 1758 triclinu
866 1733 907 1745 -
936 1697 1100 1762 dimidius
1122 1717 1195 1761 non
1224 1695 1394 1762 demidius
1415 1732 1459 1743 -
1481 1706 1597 1756 turma

32 1827 33 1876 1
136 1813 198 1858 non
219 1807 333 1858 torma
353 1813 441 1878 -p
464 1839 472 1855 .
497 1839 506 1858 .
529 1839 537 1855 .
562 1839 571 1858 .
594 1814 659 1858 nus
675 1815 746 1860 non
767 1796 972 1881 pisinnuss)
994 1835 1037 1848 -
1059 1847 1066 1863 .
1091 1845 1100 1863 .
1123 1847 1132 1864 .
1157 1846 1164 1862 .
1189 1843 1197 1862 .
1222 1799 1278 1862 rix
1298 1817 1370 1860 non
1396 1794 1544 1858 meneris
1559 1793 1594 1875 τ)

134 1931 171 1943 -
190 1897 279 1960 aries
300 1914 373 1961 non
395 1895 494 1959 ariex
514 1930 558 1944 -
580 1941 589 1960 .
612 1942 621 1961 .
647 1942 655 1961 .
680 1941 689 1962 .
712 1917 784 1960 non
807 1899 942 1982 persica
962 1935 1006 1948 -
1028 1947 1037 1964 .
1061 1947 1070 1965 .
1094 1947 1103 1964 .
1127 1947 1136 1964 .
1159 1919 1230 1962 nou
1262 1898 1489 1962 disentericus
1504 1893 1537 1976 5)
1552 1929 1596 1944 -

136 2043 200 2062 ...
223 2045 232 2064 .
256 2017 329 2061 nou
351 1995 611 2060 ababalsamum
630 1995 657 2081 Ἰ)
678 2035 721 2048 -
744 2044 753 2063 .
777 2045 785 2062 .
809 2045 817 2064 .
841 2045 850 2062 .
873 2019 945 2062 non
968 2020 1048 2066 esa.
1066 2047 1100 2066 ..
1122 2036 1166 2049 -
1193 2001 1322 2064 daucus
1352 2018 1424 2062 non
1447 1997 1595 2068 draucus

132 2135 169 2148 -
196 2112 319 2164 auctor
344 2118 417 2163 non
445 2109 547 2172 autor
575 2135 619 2148 -
648 2101 835 2164 auctoritas
866 2119 938 2162 non
961 2101 1128 2164 autoritas
1157 2137 1201 2148 -
1223 2145 1366 2165 ......
1388 2098 1594 2160 -linteum

32 2185 33 2206 ¹
131 2219 195 2265 non
216 2202 355 2265 lintium
377 2237 420 2248 —
442 2245 450 2263 .
474 2246 482 2264 .
506 2246 516 2265 .
539 2246 549 2265 .
571 2221 644 2264 non
667 2215 797 2264 ametra
818 2237 861 2248 -
883 2214 1110 2264 terraemotus
1134 2221 1206 2264 uon
1227 2199 1463 2264 terrimotium
1486 2232 1530 2249 -
1552 2242 1560 2260 .
1584 2242 1593 2260 .

131 2345 166 2364 ·.
188 2348 195 2366 .
218 2349 226 2366 .
250 2339 294 2350 -
323 2321 488 2366 coruscus
519 2287 591 2368 non
620 2304 791 2368 scoriscus
821 2339 865 2350 -
895 2303 1027 2367 tonitru
1049 2322 1122 2366 non
1152 2315 1295 2367 tonotru
1316 2337 1359 2350 -
1380 2319 1501 2386 passer
1522 2315 1594 2360 nou

131 2423 242 2486 passar
265 2440 307 2452 —
329 2423 430 2466 anser
452 2423 524 2467 non
547 2423 649 2468 ansar
669 2441 713 2454 -
735 2404 867 2469 arundo
891 2425 963 2468 non
984 2403 1143 2470 harundo
1170 2441 1214 2454 -
1235 2403 1430 2474 obscenon
1453 2443 1596 2464 .....
1684 2417 1688 2426 ’

131 2539 167 2552 -·
188 2505 378 2590 capitulum
401 2523 473 2569 non
504 2506 675 2590 capiolum
699 2543 741 2556 -
771 2527 923 2571 noverca
944 2527 1017 2570 non
1039 2526 1190 2570 noverca
1217 2541 1260 2552 -
1281 2523 1389 2568 nurus
1412 2520 1484 2564 non
1506 2518 1595 2563 nura

129 2641 165 2654 -
186 2627 307 2672 socrus
328 2626 401 2671 non
423 2627 523 2672 soera
544 2645 587 2656 —
608 2609 722 2693 neptis
738 2629 809 2674 uon
827 2609 1124 2694 nepticla-anus
1135 2627 1207 2673 non
1224 2605 1389 2670 snicle-
1405 2602 1534 2668 tondeo
1548 2593 1594 2682 5’)

129 2725 194 2770 non
216 2708 370 2772 detondo
387 2701 431 2789 55)
457 2709 600 2773 -rivus
615 2729 687 2773 non
710 2712 780 2774 rius
794 2748 835 2760 —
854 2712 969 2794 imago
992 2729 1075 2774 non.
1087 2729 1210 2792 emago
1224 2743 1268 2760 -
1284 2725 1394 2793 pavor
1414 2723 1486 2766 non
1508 2719 1596 2786 paor

128 2843 165 2856 -
186 2808 332 2873 coluber
353 2830 424 2874 non
448 2809 591 2874 colober
612 2849 654 2858 -
678 2813 796 2898 adipes
819 2831 890 2875 non
914 2812 1022 2897 alipes
1045 2847 1085 2860 -
1108 2811 1229 2874 sibilus
1246 2829 1319 2871 non
1337 2806 1443 2870 sifilus
1465 2841 1507 2850 -
1525 2801 1596 2864 iru-

128 2919 230 2972 ctrum
249 2903 292 2992 55)
314 2930 387 2973 nou
410 2910 554 2974 irustum
577 2949 620 2962 --
641 2913 741 2998 plebs
762 2934 833 2979 non
856 2915 955 3000 pleps
977 2950 1020 2960 —
1042 2912 1200 2994 garrulus
1220 2930 1294 2974 non
1316 2906 1456 2993 gerulus
1477 2921 1595 2986 -pe-

128 3013 269 3076 rentalia
290 3031 368 3076 non
384 3013 576 3099 parentalia
597 3051 641 3063 —
663 3015 777 3079 celebs
799 3035 870 3078 non
895 3014 1010 3098 celeps
1024 3006 1068 3095 55)
1099 3012 1287 3096 -poples
1309 3028 1381 3072 non
1403 3003 1536 3094 poplex
1553 3038 1595 3049 -

128 3111 280 3200 locuples
303 3133 375 3178 non
396 3114 563 3198 locuplex
583 3151 626 3164 -
656 3115 781 3199 robigo
806 3135 877 3179 non
901 3115 1025 3196 rubigo
1047 3149 1090 3161 -
1120 3113 1232 3198 plaste
1254 3131 1325 3174 non
1348 3108 1458 3172 blasta
1479 3139 1520 3154 -
1542 3101 1597 3166 bi-

126 3217 247 3297 pennis
269 3235 341 3279 non
358 3213 512 3300 bipinnis
525 3251 568 3263 -
585 3218 865 3280 hermeneumata
882 3209 925 3297 55)
943 3234 1015 3279 non
1031 3214 1260 3277 erminomata
1275 3193 1366 3292 ¹)‘-
1380 3210 1536 3288 thymum
1552 3197 1597 3286 5ι’)

127 3333 192 3378 non
215 3328 417 3382 tumume-
440 3317 582 3400 stropha
600 3310 644 3400 55)
675 3337 747 3380 non
771 3330 889 3401 stropa
909 3352 953 3364 -
974 3314 1132 3378 bitumen
1154 3335 1226 3378 non
1248 3313 1415 3377 butumeu
1437 3343 1480 3356 -
1502 3324 1596 3368 rner-

125 3435 181 3499 gus
204 3436 280 3482 non
303 3416 479 3498 mergulus
500 3453 544 3466 --
567 3431 677 3499 myrta
699 3438 770 3482 non
795 3430 907 3480 murta
927 3453 972 3466 -
994 3416 1124 3480 zieiber
1140 3413 1170 3495 5)
1193 3433 1264 3478 non
1287 3413 1418 3496 ziziper
1438 3443 1481 3457 -
1503 3406 1597 3470 iuni-

125 3519 217 3602 pirus
232 3509 278 3600 59)
300 3535 372 3581 non
394 3517 573 3604 iuniperus
588 3522 623 3601 ¹¹¹)
646 3555 688 3570 -
710 3518 900 3585 tolerabilis
917 3520 961 3600 ⁷⁰)
983 3536 1056 3581 non
1077 3515 1270 3581 tolerabilis
1292 3551 1335 3562 -
1356 3510 1500 3576 basilica
1522 3525 1596 3572 non

166 3843 205 3913 ὅ5)
236 3837 411 3912 chlamys..
429 3839 524 3895 clamis
545 3842 614 3897 Cod.
640 3845 677 3917 55)
698 3843 869 3896 effeminatus
886 3873 922 3886 -
940 3839 1123 3894 imlimenstns
1143 3837 1210 3891 Cod.
1237 3838 1273 3905 ⁸⁷)
1292 3831 1385 3905 poella
1406 3831 1472 3884 Cod.
1492 3848 1526 3881 ex
1544 3845 1594 3880 sm.

228 3947 271 3999 155·
296 3947 331 3980 555·
358 3927 433 4001 P⁰ll¹
459 3931 525 3984 Ges.
552 3951 569 3982 ss
594 3949 637 4001 pr.
665 3949 701 3984 m.
728 3932 765 4003 55)
794 3928 968 4004 proconsulis
993 3958 1029 3972 -
1046 3922 1222 3997 proconsulis
1250 3923 1319 3976 coe
1350 3923 1387 3993 ⁵⁹)
1412 3912 1594 3972 vicostrcbili.

229 4016 277 4068 11¹
298 4016 364 4068 θοοὶ.
385 4013 455 4085 teis
479 4017 563 4070 tribua
589 4024 698 4089 punctis
724 4033 829 4072 notato.
855 4019 893 4088 55)
920 4012 1062 4086 amygdala
1079 4044 1115 4057 -
1133 4007 1273 4080 amycdslu
1293 4009 1361 4062 cos.
1381 4001 1597 4076 ⁶¹)iaseolus-

228 4101 364 4155 fssseolui
386 4105 454 4158 cod.
474 4125 507 4158 ee
525 4123 575 4157 am.
593 4125 635 4176 pr.
655 4123 690 4158 m.
709 4102 827 4158 iussolus
845 4125 863 4158 a
880 4124 922 4175 pr.
942 4123 976 4156 m.
996 4104 1031 4172 55)
1041 4097 1144 4154 tondeo
1156 4126 1187 4140 -
1199 4095 1302 4150 tondeo
1324 4095 1392 4148 cod.
1412 4094 1449 4163 55)
1470 4086 1594 4142 detonsio

230 4217 266 4230 -
285 4185 409 4242 detonsio
431 4191 498 4244 θοαὶ.
525 4193 562 4262 55)
581 4192 726 4258 frustrum
754 4198 793 4244 ita
823 4193 890 4245 cod.
917 4192 952 4259 55)
973 4187 1066 4258 celeps
1096 4185 1163 4240 cod.
1193 4203 1227 4238 erc
1252 4201 1301 4235 sm.
1329 4199 1371 4252 pr.
1397 4198 1432 4232 m.
1461 4176 1549 4247 eelips
1577 4193 1595 4228 sa

228 4293 271 4346 pr.
291 4295 325 4328 m.
344 4278 381 4346 55)
400 4273 618 4331 hermeneumata
635 4310 669 4320 -
690 4287 888 4330 ermeneumata
909 4279 976 4330 Cod.
997 4277 1033 4340 57)
1054 4271 1175 4343 thymum
1192 4301 1229 4312 —
1246 4277 1350 4340 tymum
1370 4266 1438 4321 cod.
1466 4265 1502 4335 55)
1522 4270 1595 4316 stro·

184 4405 187 4412 ,
230 4358 285 4432 pbs
302 4392 339 4405 -
356 4363 442 4416 strofa
461 4365 529 4420 Occi.
555 4365 594 4438 ⁸⁰)
612 4365 749 4438 iunipirus
767 4363 806 4438 τῷ
823 4366 835 4417 i
851 4365 971 4418 secundo
988 4361 1200 4433 superscriptum
1218 4376 1243 4411 a.
1270 4358 1308 4429 ²⁰)
1327 4350 1480 4408 tolerabilis
1497 4381 1534 4394 -
1551 4357 1595 4402 to·

227 4445 347 4502 lerarilis
367 4451 435 4504 God-

171 4553 204 4624 α)
229 4553 353 4625 delerem
382 4555 417 4608 et.
433 4555 544 4611 Veliam
561 4556 687 4626 Longum
708 4553 742 4606 ds
761 4551 884 4622 orthogr.
902 4558 984 4612 2233.
1003 4553 1034 4606 P.
1054 4559 1083 4604 et
1102 4550 1200 4620 cangii
1219 4546 1303 4619 gloss.
1322 4543 1394 4600 med.
1414 4549 1444 4595 et
1460 4541 1509 4594 ini.
1528 4537 1592 4592 Lat.

228 4655 252 4694 s.
271 4638 298 4694 b.
317 4661 343 4696 v.
363 4644 390 4714 is)
410 4642 569 4714 Legendum
587 4645 703 4697 sortasse
721 4647 796 4695 tinea
815 4659 871 4694 nors
889 4645 965 4694 einim
993 4639 1020 4706 cl
1040 4641 1169 4703 botrum
1195 4631 1341 4704 legendum
1368 4630 1484 4682 forsitan
1502 4627 1595 4678 bots-su

231 4729 367 4801 (βότρυς).
386 4731 416 4802 d)
435 4734 532 4800 δυνος
552 4731 586 4784 ci.
608 4729 742 4799 cangium
762 4727 844 4798 gloss.
855 4725 927 4779 med.
948 4735 978 4778 et
994 4725 1043 4776 int.
1063 4723 1123 4776 Lat.
1143 4741 1166 4775 s.
1185 4719 1212 4772 b.
1231 4738 1257 4772 r.
1276 4721 1303 4791 e)
1323 4716 1470 4770 vicotnbrsts'
1489 4731 1516 4782 p.
1536 4725 1595 4762 nou

230 4821 388 4871 ricctabuisr
404 4836 450 4889 p.;
468 4820 507 4872 its
525 4818 607 4892 plane
627 4815 698 4872 Cod.
714 4819 756 4887 s)
777 4814 925 4868 Fortassis=
950 4817 1061 4883 picenus
1079 4829 1135 4862 nors
1152 4813 1284 4880 pisinnus.
1309 4806 1344 4876 g)
1364 4797 1523 4870 Lugendum
1538 4796 1595 4848 ior·

229 4910 315 4956 tasse:
340 4911 468 4960 meretri:
494 4927 550 4961 non
575 4910 703 4960 meretria.
729 4905 761 4976 h)
775 4899 948 4990 ¹Legendaun
966 4897 1105 4952 iortsseias
1131 4897 1316 4968 dysentericus
1333 4909 1389 4944 nors
1407 4888 1592 4940 disenterictsa.

228 4993 250 5059 i)
269 4990 430 5062 [tegendum
447 4995 576 5048 forsitan:
595 4995 802 5066 opobalsamum
822 5009 878 5044 nors
896 4989 1111 5042 statueramus.
1136 4984 1165 5054 l)
1184 4975 1435 5052 superscribuntur
1453 4970 1479 5025 h.
1499 4989 1524 5026 r.
1541 4987 1595 5024 nc·

228 5083 288 5140 tae,
306 5087 339 5133 nt
355 5077 480 5144 ridetur,
501 5084 677 5136 Tiresiam.
696 5082 719 5152 t)
739 5081 839 5134 stetter
856 5074 928 5131 (lod.
948 5093 999 5147 pro
1018 5073 1144 5128 maniter.
1162 5071 1203 5141 m)
1220 5062 1382 5138 Legendctn
1400 5061 1530 5116 sonitant
1550 5063 1593 5112 itt·

227 5169 338 5236 ns'persss
355 5185 411 5221 nora
429 5173 574 5240 iunipirus.
