4036 6068
411 527 531 601 tto.
867 519 1426 580 rnontsttsutnou.

404 695 483 742 cnm
504 673 561 742 vel
583 672 613 738 si
633 671 821 738 nutritus
845 669 989 748 itteris,
1012 690 1092 736 cum
1115 671 1171 734 vel
1193 669 1223 736 si
1244 669 1438 735 nutritus
1461 667 1609 746 inerit3
1631 667 1768 732 numeri
1789 665 1875 754 plu·

403 778 501 843 ralis:
526 793 605 841 cnm
627 774 683 840 rel
700 775 731 840 si
752 773 906 840 nutriti
929 773 1145 850 fuerimus,
1169 793 1248 838 cum
1263 757 1320 837 iel
1342 773 1372 837 si
1393 771 1553 836 nutriti
1575 769 1767 852 inscitie,
1789 789 1875 833 cum

402 879 457 944 vel
480 879 510 942 si
531 877 687 942 nutriti
710 876 883 941 luerint.

486 983 560 1049 790.
585 977 674 1044 Sane
697 979 765 1042 boc
791 997 992 1055 monemus,
1024 977 1120 1062 quod
1141 977 1279 1062 generis
1300 977 1448 1063 passivi,
1479 975 1551 1038 aive
1573 973 1791 1060 deponentis,
1815 969 1875 1036 vel

402 1082 597 1148 eommunis
619 1080 725 1144 verba
747 1081 889 1144 modum
912 1079 1180 1166 inpersonalem‚
1203 1079 1259 1142 vel
1282 1079 1440 1164 gerundi,
1472 1077 1545 1142 sive
1565 1095 1706 1152 nomen,
1729 1073 1786 1138 vel
1808 1093 1874 1160 ap-

292 1184 626 1300 tatis-pollutionem
648 1182 664 1212 *
684 1183 728 1246 ad
751 1182 897 1246 formam
920 1182 1057 1267 generis
1079 1175 1124 1266 ⁶⁰)
1146 1181 1261 1259 activi,
1286 1181 1358 1244 sive
1380 1179 1565 1255 neutralia,
1587 1178 1643 1244 vel
1666 1175 1872 1251 inchoanti,

306 1269 336 1302 ⁰⁰
355 1265 376 1298 ⁸⁸
401 1306 559 1351 necnon
583 1297 616 1348 et
640 1284 882 1369 frequentativi
905 1286 1121 1370 reperiantur
1137 1277 1181 1369 ὅ”)
1204 1282 1389 1348 declinare.

487 1391 560 1456 791.
584 1386 759 1472 Tempora
781 1387 1046 1472 participiorum
1069 1389 1251 1450 trabuntur
1273 1385 1316 1448 ab
1339 1387 1407 1450 hoc
1428 1380 1537 1447 verbo
1551 1369 1597 1465 67)
1619 1379 1759 1466 passivo
1781 1377 1873 1442 duo:

400 1489 644 1578 praeteritum,
668 1489 874 1566 nutritus;
897 1489 1066 1566 futurum,
1090 1488 1361 1578 nutriendps.

486 1594 559 1660 792.
589 1589 680 1656 Sane
709 1591 812 1655 etiam
835 1583 879 1674 63)
906 1592 974 1654 hoc
997 1609 1196 1666 monemus,
1226 1589 1321 1675 quod
1344 1589 1381 1652 in
1403 1589 1469 1652 bac
1498 1584 1600 1650 tertia
1623 1582 1873 1668 coniugatione

399 1694 588 1779 producta,
612 1713 680 1778 qna
702 1691 855 1757 diximus
878 1693 1066 1756 indicativo
1090 1693 1162 1756 sive
1178 1683 1439 1778 prodentiativo
1455 1689 1562 1754 modo
1584 1687 1752 1773 temporis
1767 1703 1873 1770 prae-

399 1796 505 1859 sentis
535 1795 606 1858 sive
637 1795 795 1858 instantis
816 1785 870 1876 ⁶⁴),
897 1792 1004 1859 verba
1026 1795 1162 1858 numeri
1185 1794 1370 1879 singularis
1392 1787 1435 1874 ⁶⁵)
1466 1790 1543 1856 ·10·
1573 1790 1696 1854 litteris
1720 1786 1870 1862 deliniri,

399 1896 495 1984 quod
517 1898 587 1959 sint
608 1895 724 1982 aliqua
745 1895 869 1974 verba,
896 1915 986 1980 quae
1015 1897 1052 1960 iu
1075 1896 1198 1962 eodem
1227 1897 1333 1960 modo
1356 1896 1472 1982 specie
1495 1891 1685 1979 inperfecta
1707 1892 1780 1955 aive
1803 1888 1873 1952 mi·-

396 2017 462 2062 nue
485 2018 589 2083 quam
612 1999 765 2084 perlecta
786 1996 843 2062 rel
872 1999 1071 2062 inchoativa
1093 2017 1138 2062 ex
1159 1999 1225 2062 hae
1248 1991 1418 2080 tormaffi)
1449 1997 1667 2081 reperiantur
1688 1993 1870 2066 declinari,

395 2111 435 2163 ut
456 2112 557 2186 puta:
588 2098 826 2178 nutribam,
857 2091 1123 2183 lenibam⁶⁷)‚
1152 2098 1346 2186 polibam
1369 2111 1403 2163 et
1424 2112 1540 2162 cetera
1561 2095 1654 2160 talia.
1677 2095 1748 2160 Sed
1769 2095 1869 2169 baec,

397 2223 487 2290 quae
508 2200 565 2264 vel
587 2215 673 2286 quot
695 2203 764 2266 sint
785 2201 909 2278 verba,
932 2203 970 2266 in
992 2203 1086 2266 sonis
1109 2214 1348 2286 competenter
1365 2193 1406 2282 6“)
1430 2197 1654 2264 tractabimus
1669 2191 1725 2282 67).

481 2302 586 2367 Nunc
603 2306 647 2386 77)
670 2304 773 2376 etiam
791 2305 831 2384 ⁷¹)
848 2305 915 2368 hoc
934 2323 1128 2382 monemus,
1148 2304 1243 2389 qnod
1257 2323 1302 2367 ex
1319 2303 1419 2366 tertia
1433 2301 1680 2386 coniugatione
1698 2297 1870 2384 producta

397 2423 470 2470 non
493 2426 534 2469 eo
549 2403 692 2490 plurimi
708 2405 797 2480 soni,
821 2407 888 2468 hoc
911 2417 973 2482 est,
995 2425 1069 2470 non
1091 2425 1133 2470 eo
1149 2403 1350 2490 ⁷¹)plurima
1364 2403 1470 2468 verba
1484 2397 1526 2487 73)
1547 2403 1684 2488 possint
1699 2397 1870 2498 exhiberi.

483 2510 558 2574 793.
587 2505 685 2569 Alia
714 2506 955 2571 declinatio
983 2497 1256 2588 neutralis⁷⁴)
1288 2505 1465 2570 scilicet
1485 2506 1639 2569 tertiae
1663 2501 1870 2584 coniuga-

398 2607 535 2672 tionia
556 2606 802 2692 productae.
825 2608 911 2688 EO,
933 2608 1079 2673 verbum
1102 2608 1268 2684 neutrale,
1292 2608 1480 2672 indicativo
1509 2608 1581 2671 sive
1604 2603 1868 2692 pronuntiative

398 2710 504 2774 modo
528 2710 677 2786 dictum,
701 2711 868 2796 temporis
890 2711 1081 2798 praesentis
1103 2711 1176 2774 aive
1198 2710 1373 2788 instantis,
1396 2709 1534 2774 numeri
1556 2707 1757 2794 singularis,
1781 2705 1870 2789 figu-

396 2831 454 2876 rae
483 2811 669 2896 simplicis,
699 2830 869 2898 personae
897 2813 1050 2898 primae,
1090 2813 1346 2898 coniugationis
1373 2810 1495 2878 tertiae
1523 2809 1733 2897 productae,
1771 2805 1869 2893 qnod

396 2911 627 2978 declinabitur
645 2906 687 2996 ⁷‘)
711 2914 777 2978 sie:

480 3012 590 3077 Modo
622 3013 810 3078 indicativo
834 3015 906 3078 sive
928 3015 1209 3100 pronuntiative,
1239 3027 1398 3102 tempore
1419 3014 1594 3102 praesenti
1616 3013 1688 3077 sive
1712 3009 1865 3076 instanti.

394 3115 541 3182 Numeri
565 3115 767 3200 singularis:
792 3135 859 3194 eo,
883 3117 934 3192 is,
958 3117 1008 3194 it;
1031 3118 1168 3181 numeri
1190 3117 1352 3204 pluralis:
1376 3119 1504 3194 imus,
1528 3117 1625 3192 itio,
1649 3125 1760 3178 eunt.

480 3217 614 3282 Eodem
637 3218 755 3294 modo,
780 3227 937 3304 tempore
959 3221 1160 3304 praeterito,
1185 3221 1300 3306 specie
1323 3220 1514 3306 inperfecta
1528 3219 1601 3281 sive
1623 3217 1739 3280 minna
1761 3233 1865 3300 qnam

395 3319 550 3406 perlecta
578 3317 635 3382 vel
661 3319 869 3385 inchoativa.
902 3320 1050 3384 Numeri
1072 3319 1274 3406 singularis:
1303 3322 1433 3400 ibam,
1461 3320 1569 3396 ibas,
1593 3317 1706 3396 ibat3
1728 3315 1867 3382 numeri

394 3420 557 3509 pluralis:
581 3418 766 3518 ibamus,
789 3421 940 3498 ibatis,
964 3422 1098 3490 ibant.

481 3522 614 3586 Eodem
638 3522 756 3600 modo,
780 3525 902 3588 eodem
926 3539 1083 3611 tempore
1105 3517 1169 3610 ⁷⁰),
1193 3526 1308 3612 specie
1330 3524 1484 3612 perlecta
1506 3524 1578 3588 sive
1600 3521 1768 3588 absoluta.
1790 3519 1868 3583 Nn·

294 3713 298 3726 1
393 3625 484 3690 meri
506 3623 705 3707 singularis:
730 3625 807 3704 ivi,
831 3626 985 3711 isti⁷⁷)‚
1009 3619 1134 3710 iir⁷⁸);
1157 3630 1293 3692 numeri
1315 3627 1476 3715 pluralis:
1501 3627 1655 3691 ivimus
1672 3624 1734 3704 ⁷⁹),
1758 3621 1866 3696 istie,

396 3727 542 3792 ierunt
563 3725 619 3789 vel
641 3727 741 3792 iere.

479 3827 614 3892 Eodem
637 3829 754 3906 modo,
778 3827 901 3892 eodem
923 3842 1092 3915 tempore,
1115 3832 1230 3916 specie
1248 3830 1587 3917 plusquamperfecta
1610 3829 1681 3892 rive
1704 3821 1870 3890 recorda-

287 3959 318 4009 V.
333 3933 467 4008 autina
486 3929 544 3994 vel
566 3944 698 3994 exacta.
721 3931 866 3994 Numeri
889 3931 1093 4016 singularis:
1117 3933 1278 3997 iveram
1303 3935 1500 4008 ctionem,
1523 3933 1665 3996 iveras
1688 3927 1867 4001 etiem,

396 4034 537 4098 iverat
559 4044 594 4095 et
615 4033 746 4107 ierat;
768 4033 906 4096 numeri
929 4033 1091 4119 pluralis:
1114 4035 1326 4098 iveramus
1349 4048 1383 4099 et
1406 4035 1604 4113 ieramus,
1627 4029 1809 4097 iveratis
1832 4038 1870 4092 et

395 4128 573 4210 ieratis',
597 4133 770 4197 iverant
793 4146 827 4198 et
849 4132 1063 4220 ieraut⁸⁰).

437 4321 474 4393 aa)
493 4319 601 4457 generig
620 4318 807 4476 ςλῆξ.
824 4319 863 4458 ἕ)
882 4319 1108 4464 τοὲοτὶιηῑυτῖ.
1123 4353 1162 4482 οῖ)-
1180 4325 1355 4426 reperiuntur
1374 4325 1524 4466 thB'Vm)
1544 4315 1754 4480 “zhoaipmbo
1773 4317 1812 4370 A.
1829 4345 1869 4360 -

502 4423 619 4460 avere
663 4442 727 4459 ..
808 4423 888 4458 eant
933 4445 940 4460 .
980 4432 1095 4463 .=.
1178 4413 1383 4466 atvernstantia
1427 4451 1434 4464 .
1483 4433 1598 4464 .=.
1683 4419 1870 4460 numeramu-

500 4493 602 4568 gularis
619 4495 652 4547 B.
673 4493 732 4560 (aad
749 4493 866 4563 numeri)
886 4493 922 4548 V.
941 4517 977 4546 =
994 4497 1031 4549 A.
1057 4499 1093 4570 76)
1112 4516 1145 4550 ex
1162 4496 1214 4552 bae
1232 4499 1318 4553 forma
1336 4501 1372 4554 A.
1392 4529 1428 4544 -
1452 4495 1504 4549 bac
1531 4496 1618 4550 forma
1637 4497 1673 4550 V.
1691 4523 1728 4535 ·-
1747 4499 1775 4544 sl
1793 4488 1871 4544 ¹¹⁸²ss

498 4583 613 4636 sormam
630 4582 664 4636 B.
684 4582 719 4646 77)
738 4577 858 4632 lenibam
877 4582 909 4635 B.
930 4582 966 4637 V.
983 4584 1021 4638 A.
1041 4617 1076 4626 -
1093 4583 1208 4638 linibam
1225 4589 1257 4640 P.
1277 4589 1314 4659 77)
1333 4594 1522 4660 competenter
1540 4584 1577 4640 7.
1591 4584 1626 4637 A.
1646 4605 1683 4632 =
1700 4581 1734 4634 B·
1753 4581 1790 4647 ⁸⁹)
1810 4587 1870 4632 ln·

499 4667 635 4724 ctabimus
655 4668 691 4724 V.
711 4667 793 4721 A.-
812 4669 984 4722 tractavimus
1002 4671 1035 4724 B.
1054 4673 1086 4725 P.
1112 4675 1148 4746 77)
1167 4691 1241 4726 nuno
1259 4674 1290 4728 B.
1312 4674 1347 4730 V.
1366 4706 1404 4720 -
1421 4690 1483 4726 nam
1500 4672 1536 4726 A.
1562 4675 1599 4742 ⁷¹)
1619 4671 1700 4723 etiam
1718 4668 1751 4723 B.
1772 4668 1812 4722 V.
1829 4695 1871 4709 -

499 4766 529 4812 et
546 4761 582 4812 A.
610 4761 648 4827 ⁷¹)
666 4773 723 4809 non
743 4774 775 4808 eo
795 4755 831 4812 V.
849 4779 887 4807 =
904 4757 935 4810 B.
955 4757 992 4810 A.
1013 4762 1049 4829 77)
1067 4758 1149 4815 rerba
1170 4761 1206 4816 V.
1225 4763 1262 4816 A.
1282 4795 1317 4805 -
1334 4762 1446 4816 nomina
1463 4763 1495 4814 B.
1524 4761 1559 4828 77)
1584 4755 1734 4812 declinatio
1752 4761 1870 4808 neutra-

499 4844 534 4900 tir
554 4845 590 4901 7.
609 4844 647 4897 A.
664 4874 701 4888 -
720 4841 905 4896 declinatione
924 4841 987 4898 talis
1005 4847 1037 4898 tt.
1057 4849 1093 4919 77)
1113 4845 1298 4903 declinabitur
1314 4850 1347 4904 B.
1368 4851 1403 4906 V.
1423 4881 1458 4892 —
1477 4845 1632 4900 declinatur
1648 4846 1685 4899 A·
1710 4845 1746 4910 ⁷⁶)
1765 4839 1871 4894 7θᾶθῦ

501 4943 626 5004 ternpore
643 4932 676 4986 B.
697 4932 732 4987 7.
751 4961 787 4976 -
805 4940 928 5003 tompore
945 4935 1095 5006 praeterito
1113 4937 1150 4989 A.
1170 4942 1206 5006 77)
1225 4938 1273 4992 isti
1290 4939 1323 4992 B.
1344 4937 1379 4994 7.
1398 4967 1437 4982 -
1452 4937 1527 4992 ivisti
1544 4934 1579 4988 A·
1601 4935 1636 5005 ’⁸)
1655 4932 1689 4986 ill
1707 4931 1745 4986 V·
1762 4959 1800 4972 ·-
1815 4927 1873 4980 ἰῖῗῑ

499 5021 533 5074 Β.
551 5021 587 5074 A.
607 5021 645 5092 77)
664 5020 761 5074 ivimus
779 5021 811 5072 B.
830 5021 912 5074 A.-
930 5018 1031 5074 ibimus
1052 5023 1088 5078 V.
1108 5025 1144 5096 ¹⁰)
1153 5025 1253 5077 iveram
1272 5063 1279 5078 .
1299 5063 1307 5078 .
1327 5063 1335 5082 .
1356 5063 1363 5078 .
1383 5033 1411 5078 et
1428 5025 1518 5078 ierant
1536 5023 1571 5078 7.
1587 5021 1618 5076 Ρ.
1636 5021 1767 5073 Formam
1780 5017 1873 5070 imm

500 5131 536 5158 =
549 5108 585 5161 A.
599 5121 626 5161 et
640 5113 772 5178 sormam
782 5108 881 5164 iverant
897 5113 927 5163 iu
941 5127 1053 5164 numero
1067 5115 1204 5184 singulari
1217 5135 1253 5164 =
1265 5115 1309 5178 tt,
1325 5119 1373 5188 qui
1388 5117 1416 5168 iu
1430 5113 1666 5185 plttralt'sormam
1678 5107 1797 5160 ieramus
1814 5115 1870 5156 cea.

501 5197 541 5248 bia
558 5199 647 5264 penu,
665 5197 758 5250 littera
776 5211 791 5247 e
809 5197 927 5250 seeundo
945 5197 1006 5250 loeo
1023 5212 1127 5268 puncto
1146 5213 1253 5256 notatu.
