4020 6068
383 502 427 570 to
788 477 830 556 ii.
857 485 1034 558 cusnol
1070 501 1375 558 sscsnoorrs

383 645 536 710 eiusdem
552 645 648 710 modi
662 656 798 732 tempus
814 645 967 714 futurum
990 647 1044 713 dt·
1067 649 1202 714 adiecta
1224 651 1374 736 tempori
1397 647 1513 715 futuro
1543 649 1639 714 modi
1659 652 1856 738 imperativi

383 748 567 812 activitatis
580 751 656 826 liet,
672 761 710 814 ut
727 761 918 827 amator,
937 749 1137 829 docetor,
1160 751 1399 828 scribitor,
1415 753 1717 828 munitor,.nam
1732 754 1856 818 modus

382 849 535 912 infinitus
551 839 769 936 passivorum
793 853 950 916 omnium
967 853 1252 942 coniugationum
1274 875 1319 918 ex
1333 853 1439 918 modo
1456 855 1590 919 infinito
1609 856 1802 920 activorum
1822 871 1856 922 et

382 951 433 1012 ·E·
450 953 485 1016 in
499 951 536 1014 ·l·
549 965 698 1031 mutata,
715 965 863 1037 excepta
880 955 980 1018 tertia
992 967 1166 1042 correpta,
1183 975 1271 1044 quae
1286 956 1329 1020 de
1347 955 1498 1020 secunda
1508 975 1658 1044 persona
1672 959 1857 1024 activitatis

381 1055 477 1118 modi
497 1055 693 1132 indicativi,
713 1058 880 1142 temporis
902 1059 1265 1144 praesentis,numeri
1287 1057 1470 1144 singularis
1489 1058 1544 1135 iit,
1565 1057 1611 1122 ·S·
1635 1057 1749 1124 littera
1772 1059 1855 1124 sub-

380 1155 467 1230 lata;
491 1159 625 1241 primae
650 1159 906 1244 coniugationis
927 1160 1069 1240 amari,
1092 1161 1263 1228 secundae
1287 1161 1436 1226 d'oceri
1451 1151 1514 1243 ⁶⁹),
1535 1159 1656 1224 tertiae
1674 1181 1757 1225 vero
1775 1183 1854 1226 cor-

382 1272 498 1346 reptae
514 1259 666 1336 scribi,
681 1261 785 1337 dici,
804 1262 921 1342 duci,
938 1264 1039 1350 legi.

448 1365 518 1428 ta.
543 1361 620 1428 Hoc
641 1365 729 1429 scire
759 1363 941 1444 debemus,
975 1367 1072 1454 quod
1091 1365 1245 1430 futurum
1264 1379 1400 1452 tempus
1422 1366 1518 1430 modi
1545 1366 1690 1454 optativi
1718 1369 1852 1452 primae

382 1464 655 1550 coniugationis,
671 1468 766 1532 modi
783 1471 1084 1558 indicativiprima
1097 1489 1248 1556 persona
1265 1471 1322 1538 ·0·
1339 1471 1453 1534 littera
1468 1469 1505 1532 in
1520 1467 1612 1532 ·EM·
1627 1471 1668 1552 ⁷⁰)
1687 1470 1855 1552 syllabam

381 1568 599 1645 mutataiiet,
615 1571 746 1636 utinam
769 1594 919 1651 amem:
945 1574 1097 1640 secunda
1115 1595 1199 1638 vero
1224 1575 1262 1640 in
1282 1572 1392 1648 ·AM·,
1414 1571 1548 1636 utinam
1572 1569 1763 1650 doceam;
1786 1585 1857 1638 ter-

382 1667 430 1732 tia
453 1681 598 1754 utraque
622 1672 696 1748 sic,
719 1675 851 1740 utinam
877 1675 1082 1752 scribam,
1106 1678 1239 1740 utinam
1261 1675 1475 1749 muniam,
1495 1672 1555 1736 sed
1580 1671 1616 1734 in
1637 1673 1739 1736 tertia
1762 1687 1857 1738 utra-

270 1777 372 1828 nutv.
383 1793 450 1860 que
465 1773 578 1856 prima
592 1790 742 1856 persona
760 1778 857 1842 modi
870 1780 1026 1864 optativi,
1040 1779 1206 1864 temporis
1219 1779 1325 1842 futuri
1335 1777 1351 1807 *
1361 1778 1484 1843 similis
1500 1790 1575 1842 orta
1586 1777 1721 1864 primae
1733 1795 1854 1859 perso-

381 1897 445 1940 nae
460 1876 555 1940 modi
573 1878 752 1946 indicativi
765 1883 933 1968 temporis
949 1880 1054 1945 futuri
1067 1880 1104 1942 in
1117 1881 1268 1944 secunda
1278 1900 1428 1966 persona
1447 1893 1642 1968 separatur:
1659 1897 1739 1940 nam
1755 1890 1855 1962 opta-

381 1978 443 2040 tivi
461 1980 557 2043 modi
581 1986 747 2069 temporis
765 1985 871 2048 futuri
891 1984 1042 2048 secunda
1063 2002 1212 2068 persona
1233 1983 1310 2048 ats-
1327 1983 1458 2065 syllaba
1480 1984 1702 2058 terminatur,
1722 1983 1853 2045 utinam

380 2080 581 2162 scribam,
606 2088 799 2166 scribas:
825 2089 959 2152 utinam
987 2086 1186 2162 muniam,
1209 2086 1401 2162 munias3
1424 2086 1485 2149 illa
1514 2099 1628 2149 autem
1650 2082 1728 2147 ·ES·
1752 2085 1856 2146 scri-

379 2181 497 2261 bam,
530 2188 721 2266 scribes;
748 2192 956 2266 muniam,
995 2189 1170 2252 munies.
1201 2186 1322 2252 Simile
1345 2199 1397 2252 est
1417 2201 1554 2273 tempus
1578 2207 1742 2274 praeseus
1759 2186 1853 2248 modi

380 2287 594 2355 coniunctivi
615 2292 730 2356 futuro
752 2293 849 2358 modi
871 2292 1018 2377 optativi
1039 2292 1075 2352 in
1098 2291 1194 2354 omni
1217 2291 1478 2373 coniugatione,
1502 2309 1580 2382 pum
1600 2310 1751 2378 amem,
1776 2307 1852 2350 cunt

380 2386 558 2452 doceam
589 2413 668 2455 cum
697 2393 900 2469 scribam,
932 2412 1011 2457 cum
1039 2392 1235 2453 muniam.
1273 2390 1350 2454 lstis
1370 2388 1532 2452 omnibus
1554 2390 1613 2452 ·Μ·
1637 2391 1674 2452 in
1698 2390 1750 2453 dt·
1778 2410 1853 2450 mu-

382 2499 474 2564 tata,
511 2494 699 2578 passivitas.
719 2493 795 2570 fiet,
831 2495 964 2557 utinam
1003 2511 1133 2568 amer,
1168 2511 1247 2552 cum
1284 2511 1419 2568 amer;
1455 2494 1588 2554 utinam
1618 2491 1854 2569 tloceari'),

382 2607 461 2652 cum
490 2592 666 2670 doceam
696 2596 829 2659 utinam
859 2591 1106 2672 scribar⁷²),
1130 2612 1209 2654 cum
1241 2592 1428 2668 scribam
1451 2592 1585 2657 utinam
1612 2587 1855 2672 muniar⁷³),

382 2711 460 2755 cum
487 2695 665 2758 muniar.

469 2798 519 2862 43.
529 2795 680 2880 Quidam
691 2796 787 2859 modi
801 2795 981 2861 indicativi
990 2808 1127 2880 tempus
1141 2793 1293 2858 loturum
1310 2795 1453 2860 modum
1462 2797 1710 2884 promissivum
1722 2793 1852 2856 dicunt.

384 2894 453 2958 Sed
463 2912 595 2976 errant;
611 2920 691 2962 narn
706 2919 771 2961 nec
787 2897 909 2962 modus
923 2897 1130 2960 indicativus
1147 2909 1344 2982 potestesse
1360 2899 1434 2962 sine
1452 2900 1567 2962 luturo
1585 2912 1761 2982 tempore,
1786 2915 1851 2958 nec

383 2999 506 3064 modus
518 3001 642 3086 aliquis
657 3001 730 3064 sine
744 3012 900 3086 tempore
915 2998 1090 3085 praesenti
1107 3001 1335 3084 etpraeterito
1353 3003 1483 3086 poterit
1495 3001 1642 3085 reperiri
1666 2988 1727 3078 ⁷⁴);
1751 3019 1860 3082 prae-—

383 3112 476 3164 terea
491 3105 623 3188 species
641 3101 745 3166 debet
765 3103 835 3165 dici
850 3099 1075 3188 promissiva,
1090 3103 1180 3166 sicut
1193 3104 1325 3188 species
1339 3104 1554 3178 inchoativa,
1581 3099 1852 3176 scribebam,

383 3215 417 3266 et
439 3206 571 3288 species
588 3203 805 3270 recordativa
827 3223 1084 3283 amaveram,
1110 3205 1387 3292 scripseram,
1418 3207 1469 3271 sic
1491 3205 1623 3293 species
1646 3203 1855 3292 promissiva

383 3305 535 3370 amabo
557 3309 598 3389 ⁶).
1647 3313 1650 3319 “

468 3411 519 3472 li.
549 3409 613 3472 DE
644 3406 1017 3474 DECLINATIONE.
1050 3389 1154 3470 Anio
1188 3406 1335 3471 verbum
1371 3408 1502 3473 lormae
1531 3409 1691 3494 primae,
1729 3426 1850 3492 perso-

380 3529 461 3572 nam
476 3511 686 3596 recipientis,
704 3510 762 3577 ·0·
779 3511 892 3575 littera
915 3511 1129 3586 terminatae,
1154 3509 1328 3594 qualitatis
1343 3511 1470 3587 finitae,
1484 3511 1639 3596 generis,
1664 3508 1765 3572 idest
1784 3508 1853 3590 sig-

381 3613 607 3692 nificationis,
631 3615 761 3701 speciei
776 3613 831 3678 vel
845 3613 988 3676 allectus
1006 3614 1121 3689 activi,
1139 3614 1268 3696 figurae
1286 3613 1466 3698 simplicis,
1485 3613 1581 3676 modi
1596 3611 1791 3686 indicativi,
1816 3611 1853 3672 id

381 3729 433 3778 est
458 3719 710 3802 pronuntiativi
736 3716 792 3781 vel
821 3715 966 3790 finitivi,
1003 3715 1169 3798 temporis
1199 3715 1390 3798 praesentis
1418 3713 1475 3776 vel
1501 3714 1683 3789 instantis,
1716 3712 1854 3775 numeri

383 3819 586 3900 singularis,
610 3839 778 3904 personae
799 3819 949 3901 primae,
974 3816 1070 3898 quod
1093 3814 1324 3879 declinabitur
1344 3815 1410 3879 sic:
1434 3835 1543 3891 amo,
1566 3835 1696 3891 amas,
1720 3826 1853 3890 amat,

384 3931 418 3981 et
440 3919 641 4004 pluraliter:
671 3937 874 3994 amamus,
898 3916 1075 3990 amatis,
1112 3930 1265 3981 amant.
1367 3917 1370 3924 “

467 4019 602 4084 Eodem
612 4021 717 4082 modo
727 4033 883 4103 tempore
891 4019 1077 4105 praeterito
1085 4019 1277 4105 inperfecto
1287 4020 1401 4104 specie
1412 4017 1626 4083 inchoativa:
1641 4018 1853 4092 amabam,

387 4120 579 4197 amabas,
614 4119 798 4212 amabat,
823 4132 856 4182 et
880 4121 1078 4206 pluraliter:
1103 4121 1369 4204 amabamus,
1393 4107 1622 4199 amabatis,
1646 4121 1852 4185 amabant.

467 4223 602 4287 Eodem
612 4221 716 4284 modo
728 4234 884 4307 tempore
893 4223 1079 4307 praeterito
1089 4221 1261 4309 perfecto:
1279 4223 1432 4300 amavi,
1447 4225 1662 4302 amavisti,
1678 4223 1852 4296 amavit,

383 4339 417 4389 et
431 4324 630 4412 pluraliter:
655 4323 1165 4400 amavimus,amavistis,
1191 4337 1457 4390 amaverunt.

465 4427 600 4490 Eodem
631 4427 736 4490 modo
771 4439 929 4512 tempore
958 4427 1145 4511 praeterito
1169 4425 1511 4514 plusquamperfecto
1546 4429 1661 4513 specie
1689 4425 1854 4491 recorda-

384 4529 470 4607 tiva,
488 4551 634 4594 numero
659 4529 844 4614 singulari:
883 4549 1140 4605 amaveram,
1164 4550 1405 4608 amaveras,
1434 4543 1685 4606 amaverat,
1709 4542 1743 4594 et
1772 4528 1853 4616 plu-

384 4633 519 4698 raliter:
536 4653 850 4708 amaveramus,
874 4632 1151 4708 amaveratis,
1176 4635 1432 4698 amave'rant.

418 4924 454 4994 ι9)
474 4920 569 4974 doceri
580 4951 616 4962 —
633 4919 733 4974 docere
754 4922 821 4976 cod.
842 4923 878 4993 ⁷⁰)
898 4922 927 4973 iu
946 4919 1060 4974 .EM.-
1072 4900 1145 4974 iuni
1162 4923 1230 4976 Cori.
1250 4926 1286 4994 ⁷¹)
1305 4921 1406 4976 docear
1422 4953 1456 4964 —
1472 4921 1587 4976 doceam
1605 4923 1672 4977 cot.
1688 4919 1724 4990 ⁷¹)
1745 4916 1851 4971 scribat

489 5007 608 5064 scribam
625 5009 692 5078 θοᾷ.
713 5013 750 5081 ⁷³)
765 5009 1044 5062 muniar-muniam
1062 5012 1129 5065 Caci.
1150 5013 1185 5082 ⁷⁴)
1207 5011 1323 5084 reperiri
1338 5011 1521 5082 -repperiri
1540 5012 1608 5065 cod.

418 5103 448 5173 a)
471 5097 536 5152 Vid.
562 5095 693 5152 Diomed.
719 5101 779 5156 328.
799 5099 831 5150 P.
851 5095 968 5152 Cledon.
989 5103 1067 5161 tata.
1087 5099 1117 5155 P.
1139 5109 1167 5156 ct
1183 5101 1318 5172 imprimis
1337 5099 1485 5170 Pompeius
1502 5103 1564 5160 266.
1584 5105 1644 5160 267.
1665 5097 1698 5159 1,
1718 5105 1746 5150 et
1772 5097 1849 5152 Serv.

488 5189 546 5244 an.
566 5205 648 5260 gram.
666 5192 728 5248 508.
748 5185 780 5240 b.
1046 5219 1050 5224 -
