4032 6070
417 557 484 627 32⁴
871 555 1427 612 ruossansnrnon.

419 702 487 764 bia
510 699 564 762 vel
587 698 636 764 ab
660 699 724 762 bis
742 701 783 782 n)
805 701 981 780 vitibus,
1005 725 1124 792 presso
1142 721 1286 772 accentu
1309 707 1581 794 pronuntiamur
1599 697 1653 790 ³⁰),
1677 716 1816 769 atvero
1842 703 1890 767 ab
2003 703 2004 710 ’

310 805 495 874 assultat>
517 803 621 880 vite,
644 803 709 866 bis
733 803 787 867 vel
810 803 857 868 ab
880 805 945 869 bis
967 807 1131 872 vitibus
1155 822 1255 873 acuto
1280 821 1424 872 accentu
1448 820 1634 872 tenuantur
1651 803 1702 890 3¹),
1726 805 1786 870 ‘et
1810 805 1889 870 ideo

324 867 395 925 ‘⁰¹⁸'
419 906 531 970 vitus
554 905 670 969 dativo
692 905 748 970 vel
771 905 921 973 ablativo
945 929 1024 974 casu
1047 913 1183 974 numeri
1207 911 1349 998 pluralis
1372 924 1450 976 ante
1466 911 1623 1002 ultimam
1647 909 1813 994 syllabam
1829 928 1892 996 per

420 1007 456 1070 ·l·
481 1019 613 1072 tantum
637 1008 786 1072 litteram
806 1002 849 1092 ³²)
870 1013 1117 1096 pronuntiatur
1134 1007 1186 1096 Π).

504 1113 578 1175 tat.
603 1109 688 1172 ltem
706 1109 741 1172 in
758 1111 823 1174 bac
840 1115 1075 1200 suprascripta
1090 1107 1132 1199 31)
1152 1115 1278 1192 forma,
1311 1135 1378 1200 qua
1393 1115 1545 1178 diximus
1563 1114 1713 1179 ablativo
1731 1133 1811 1177 casu
1824 1133 1887 1176 nu·

420 1212 507 1274 meri
523 1209 706 1294 singularis
723 1214 865 1278 nomina
882 1217 936 1279 ·U·
952 1217 1065 1280 littera
1083 1219 1271 1294 terminari,
1293 1219 1480 1304 quaeritur,
1505 1238 1573 1303 qna
1591 1219 1632 1280 de
1652 1237 1753 1280 cansa
1768 1217 1887 1280 eadem

421 1313 562 1377 uomina
580 1313 616 1376 in
638 1314 853 1379 nominativo
874 1330 908 1381 et
927 1319 1123 1384 accusativo
1142 1315 1183 1404 35)
1200 1334 1236 1385 et
1255 1323 1416 1385 vocativo
1437 1341 1519 1384 casu
1536 1321 1672 1383 numeri
1687 1317 1831 1406 pluralis
1848 1313 1888 1398 3’“)

420 1431 500 1478 ante
518 1410 560 1497 ¹⁷)
582 1415 739 1480 ultimam
759 1433 1006 1484 consonantem
1030 1424 1204 1486 interdum
1225 1437 1257 1487 et
1277 1445 1341 1510 per
1362 1443 1467 1487 unam
1483 1423 1537 1486 ·U·
1557 1423 1708 1486 litteram
1726 1414 1763 1502 ³³)
1787 1439 1888 1504 repe-

422 1519 553 1582 riantur
567 1517 689 1595 scribi;
712 1519 776 1583 bac
797 1521 839 1584 de
855 1542 973 1600 causa,
999 1527 1163 1610 quomam
1190 1528 1307 1589 omnia
1326 1528 1468 1590 nomina
1482 1521 1524 1610 ³⁹)
1548 1525 1684 1610 generis
1705 1521 1887 1585 masculini

421 1621 492 1684 sive
512 1619 670 1684 feminini
688 1625 916 1700 nominativo,
940 1629 1136 1691 accusativo
1154 1641 1188 1691 et
1207 1631 1367 1694 vocativo
1388 1651 1468 1693 casu
1491 1629 1627 1690 numeri
1649 1623 1790 1712 pluralis
1805 1641 1885 1686 curn

420 1721 571 1786 ablativo
599 1741 679 1786 casu
706 1726 841 1789 numeri
874 1727 1058 1812 singularis
1088 1731 1164 1816 pari
1192 1752 1337 1797 numero
1368 1724 1412 1817 4ο)
1447 1730 1653 1814 syllabarum
1685 1727 1888 1792 confirmata

421 1837 498 1887 sunt
516 1817 557 1904 ⁴)
581 1829 810 1910 pronuntiari.

505 1930 578 1992 428.
601 1927 705 1993 Nunc
726 1929 831 1993 etiam
857 1933 924 1995 boc
945 1953 1144 2010 monemus,
1169 1936 1261 2020 qnod
1286 1939 1370 2000 baec
1392 1937 1534 2000 nomina
1550 1926 1594 2018 1“)
1618 1934 1654 1996 in
1681 1929 1887 2018 supradictis

420 2028 555 2092 casibus
573 2043 651 2093 ante
670 2021 828 2098 ultimam
848 2034 981 2099 scilicet
997 2037 1162 2118 syllabam
1186 2040 1258 2102 sive
1274 2061 1336 2125 per
1358 2061 1482 2116 ttnant,
1506 2039 1577 2101 sive
1592 2058 1656 2124 por
1670 2035 1756 2099 duas
1774 2033 1829 2094 tt·
1843 2023 1886 2110 ⁴³)

418 2130 550 2194 litteras
568 2132 779 2212 scribantur,
806 2137 839 2198 in
855 2138 973 2200 metris
985 2139 1040 2202 vel
1057 2142 1236 2204 structuris
1251 2163 1319 2206 una
1336 2144 1462 2206 virtute
1483 2141 1595 2226 accipi
1611 2147 1818 2204 censeantur
1833 2122 1888 2212 ⁴⁴¹).

502 2235 556 2298 De
581 2234 730 2300 ablativo
758 2247 838 2300 ca'sn
857 2241 994 2305 nttntari
1017 2242 1219 2326 singularis,
1244 2245 1303 2329 qui
1327 2242 1751 2316 transnominatus,
1776 2253 1888 2322 qnan-

417 2349 491 2400 tum
518 2337 604 2402 ratio
623 2337 807 2422 poscebat,
831 2343 1054 2406 tractavimus
1071 2337 1125 2428 ⁴⁵).

500 2441 576 2507 tat.
599 2439 663 2502 DE
688 2440 759 2504 ·lll·.
784 2441 844 2502 ot·
866 2441 980 2524 littera
1000 2445 1168 2510 ablativus
1196 2467 1293 2511 casus
1317 2449 1453 2511 numeri
1473 2445 1656 2532 singularis
1684 2441 1888 2507 terminatus

417 2559 526 2602 unum
546 2542 613 2604 boc
637 2561 744 2623 genus
763 2543 917 2607 continet
935 2556 1084 2624 tanturn,
1109 2549 1143 2611 id
1163 2562 1230 2627 est,
1255 2571 1368 2615 omne.

312 2680 408 2728 veto.
504 2644 576 2706 430.
599 2643 659 2705 De
682 2663 838 2727 genere
862 2649 985 2710 omni.
1018 2648 1144 2737 Omnis
1169 2653 1306 2734 generis
1327 2653 1486 2726 nomina,
1518 2671 1607 2736 quae
1632 2645 1781 2712 ablativo
1806 2661 1888 2706 casu

415 2743 553 2806 numeri
572 2745 754 2827 singularis
772 2745 832 2809 ·M·
848 2745 962 2812 littera
977 2746 1216 2830 terminantur,
1240 2754 1325 2817 baec
1342 2774 1534 2840 peromnes
1550 2773 1647 2816 casus
1662 2741 1705 2832 16)
1721 2735 1892 2832 aptota⁴⁷)

417 2845 654 2910 declinantur:
1498 2865 1502 2868 ·
1542 2873 1544 2880 ·

501 2947 646 3011 Numeri
671 2947 872 3032 singularis:
896 2953 966 3018 bic
989 2968 1022 3018 et
1045 2957 1145 3020 haec
1168 2971 1201 3022 et
1224 2961 1303 3024 hoc
1325 2979 1528 3045 nequam,
1557 2955 1681 3019 buius
1704 2964 1739 3016 et
1760 2949 1892 3013 buius

416 3061 451 3114 et
478 3049 601 3130 huius
625 3041 668 3132 41)
699 3069 895 3136 nequam,
927 3057 1026 3119 huic
1057 3071 1089 3121 et
1121 3061 1218 3124 huic
1247 3076 1280 3126 et
1307 3051 1464 3142 buicll)
1497 3078 1693 3144 nequam,
1716 3057 1830 3117 bunc
1854 3061 1891 3113 et

416 3155 526 3214 banc
553 3165 589 3214 et
618 3155 699 3216 boc
728 3171 927 3238 nequam,
959 3179 981 3222 ο
1005 3171 1038 3221 et
1061 3178 1082 3223 o
1106 3174 1138 3225 et
1162 3182 1182 3225 ο
1205 3158 1249 3248 ⁵⁰)
1279 3185 1477 3249 nequam,
1509 3161 1556 3226 ab
1580 3163 1658 3223 boc
1681 3171 1715 3222 et
1737 3155 1787 3220 ab
1810 3156 1893 3216 hac

418 3266 453 3317 et
474 3253 522 3316 ab
554 3255 633 3317 hac
654 3273 855 3338 .nequam;
885 3271 918 3320 et
947 3259 1145 3345 pluraliter:
1177 3265 1218 3328 hi
1249 3278 1283 3330 et
1306 3267 1383 3330 hae
1407 3281 1440 3332 et
1464 3269 1564 3330 ltaec
1586 3279 1785 3346 nequam,
1815 3257 1893 3318 ¹¹⁰·

418 3375 507 3418 rum
531 3369 565 3420 et
596 3359 743 3420 barum
776 3370 809 3420 et
838 3361 987 3422 horutn
1011 3384 1210 3450 nequam,
1241 3369 1309 3432 his
1333 3371 1455 3433 ethis
1488 3381 1522 3432 et
1544 3359 1665 3447 ltis⁵¹)
1688 3379 1893 3445 nequam,

418 3459 493 3522 bos
517 3469 550 3521 et
572 3459 643 3522 bas
673 3471 706 3522 et
730 3461 835 3523 baec
858 3480 1040 3547 nequam
1067 3460 1125 3550 ⁶¹),
1158 3489 1180 3532 ο
1204 3483 1238 3534 et
1257 3491 1281 3535 o
1305 3483 1339 3534 et
1362 3467 1443 3556 0⁵³)
1464 3487 1665 3560 nequam,
1695 3463 1742 3528 ab
1767 3461 1833 3524 bis
1858 3471 1897 3522 et

416 3559 467 3622 ab
490 3561 557 3623 his
581 3573 614 3624 et
636 3557 687 3623 ab
710 3561 774 3624 bis
794 3552 836 3646 64)
854 3583 1050 3649 nequam.

397 3645 405 3660 ’
503 3665 576 3728 431.
598 3663 702 3726 Nunc
725 3663 761 3726 in
782 3665 847 3728 liac
874 3671 1108 3754 suprascripta
1134 3661 1175 3756 ⁵⁵)
1199 3673 1309 3739 forma
1331 3677 1399 3739 hoc
1423 3694 1623 3746 monemus,
1648 3665 1742 3754 quod
1760 3667 1830 3729 hoc
1846 3657 1897 3744 56)

418 3784 525 3828 unum
544 3765 816 3852 suprascriptum
832 3787 962 3831 nomen
983 3775 1174 3856 reperiatur
1193 3789 1346 3856 tantum,
1370 3777 1490 3853 idest,
1514 3793 1708 3860 nequam.

416 3957 1896 3986 ,Ἥ

456 4083 555 4157 ’9)1111
573 4081 615 4136 vul
634 4081 668 4135 ab
688 4080 731 4136 bia
749 4085 781 4137 Β.
799 4085 830 4137 V
829 4125 834 4136 .
854 4115 887 4127 -
902 4095 930 4138 et
948 4085 982 4138 nb
1003 4085 1045 4142 bis
1064 4091 1099 4145 A.
1120 4097 1155 4162 ³⁰)
1175 4091 1678 4168 pronuntianturB.—-prouuntiatur
1691 4089 1727 4144 V.
1739 4087 1774 4140 A.
1796 4089 1834 4152 ³¹)
1856 4094 1903 4139 te·

526 4181 645 4224 truantur
657 4174 682 4225 Β
705 4173 737 4225 Ρ.
754 4201 787 4214 -
804 4181 931 4226 tenuatur
945 4177 981 4229 V.
997 4209 1032 4218 —-
1044 4181 1207 4233 tunninatur
1225 4185 1260 4235 A.
1282 4187 1317 4255 ³')
1332 4184 1455 4237 ‘litteram
1473 4185 1505 4237 Β.
1517 4183 1550 4238 V.
1561 4183 1592 4234 Ρ.
1612 4201 1648 4231 -.-·.
1664 4180 1701 4231 A.
1721 4179 1904 4244 ”ipronuu-

521 4261 610 4312 tliatur
630 4259 981 4331 V.A.-pronuntiantur
999 4267 1030 4316 Β.
1058 4268 1092 4338 ’1)
1112 4272 1298 4342 suprascripta
1318 4273 1348 4325 Β.
1365 4275 1395 4324 P.
1416 4304 1450 4316 -
1470 4269 1628 4342 supradicta
1645 4268 1728 4321 A.=
1744 4263 1779 4317 V.
1807 4263 1848 4332 ⁵⁵)
1873 4269 1906 4312 01

527 4347 683 4398 accusativo
710 4348 746 4398 A.
766 4379 800 4387 —
819 4359 974 4403 accusativo
996 4353 1032 4406 V.
1057 4385 1092 4394 --
1112 4352 1203 4410 dativo
1223 4361 1377 4413 nccusntivo
1397 4363 1427 4414 B.
1451 4337 1488 4431 Ρ)
1508 4354 1622 4430 pluralia
1641 4355 1674 4406 B.
1694 4351 1728 4408 V.
1745 4383 1778 4390 -
1796 4349 1906 4418 siugu-

529 4433 593 4487 laris
603 4434 639 4487 A.
660 4437 696 4506 ³⁷)
715 4443 778 4486 anto
797 4439 836 4488 sie
845 4439 988 4508 legertdum
996 4460 1047 4510 pro
1057 4453 1120 4514 post
1130 4447 1204 4516 qaod
1212 4448 1244 4500 B.
1257 4449 1293 4501 V.
1306 4465 1331 4501 et
1341 4453 1376 4502 A.
1387 4450 1495 4500 luberet.
1517 4449 1550 4514 ”t
1565 4440 1703 4495 interilum
1715 4447 1743 4491 at
1752 4455 1805 4510 pur
1814 4454 1908 4488 anam

532 4521 577 4576 Ι11·
594 4519 714 4574 litteram
731 4524 765 4576 B.
784 4553 818 4564 -
838 4539 893 4576 non
913 4543 963 4596 por
982 4523 1049 4578 duas
1068 4528 1118 4582 aad
1140 4533 1194 4603 (sut
1209 4537 1258 4606 V.)
1279 4553 1426 4608 perunum
1446 4535 1492 4590 ·t'·
1512 4533 1621 4602 (·1·A.)
1641 4527 1788 4581 litteram!
1794 4525 1854 4576 31².
1864 4524 1908 4576 A.

530 4613 566 4681 ’1)
586 4611 676 4662 omnia
696 4611 805 4662 nomina
824 4611 855 4664 B.
884 4613 920 4667 V.
935 4643 971 4656 -
990 4633 1168 4691 quaecunque
1186 4624 1297 4677 nomina
1317 4627 1352 4678 A.
1372 4653 1406 4664 —
1425 4623 1533 4675 nomina
1554 4621 1583 4672 Ρ.
1615 4621 1650 4689 ⁴⁰)
1670 4632 1783 4666 1111111110
1805 4613 1846 4666 V·
1866 4613 1911 4664 Α·

529 4727 566 4744 -
592 4715 706 4751 nomaso
730 4700 763 4752 Β.
793 4702 827 4770 ⁴¹)
849 4700 1005 4754 confirmata
1032 4714 1097 4757 sunt
1114 4709 1145 4760 Β.
1168 4709 1202 4762 V.
1223 4743 1258 4756 -
1277 4711 1435 4764 confirmata
1462 4711 1518 4762 siut
1536 4709 1567 4760 Ρ.
1587 4737 1621 4746 -
1641 4702 1743 4757 linrrata
1768 4707 1844 4751 sunt
1868 4701 1912 4752 A.

529 4788 568 4859 11)
587 4787 696 4838 nomina
715 4787 746 4839 B.
757 4787 793 4839 V.
810 4790 837 4840 Ρ.
848 4813 884 4836 =
894 4790 927 4841 A.
950 4791 986 4860 ⁴³)
1001 4791 1051 4845 ‘U'
1066 4794 1143 4848 ΒΓ.
1154 4797 1185 4850 P.
1199 4821 1236 4848 =
1250 4801 1285 4853 A.
1306 4801 1341 4870 ⁴⁸)
1363 4799 1452 4870 accipi
1471 4801 1635 4848 censeantur
1653 4791 1689 4847 V.
1708 4790 1746 4843 A·
1764 4819 1804 4828 -
1822 4787 1916 4839 110ῦί·

521 4875 609 4945 φίοηε
628 4882 773 4926 teneantur
790 4875 821 4928 Β.
843 4876 879 4947 11)
899 4880 1073 4932 tractavimus
1091 4883 1122 4934 B.
1138 4885 1175 4938 V.
1189 4885 1221 4939 P.
1239 4918 1275 4928 -
1292 4885 1470 4941 tractabimus
1488 4885 1524 4938 A.
1545 4883 1584 4954 16)
1606 4897 1685 4933 casus
1704 4877 1736 4930 Β.
1749 4875 1788 4930 A.
1807 4905 1847 4918 -
1859 4893 1917 4926 ca-

523 4977 596 5012 anus
616 4963 651 5014 V.
672 4963 707 5032 17)
727 4969 822 5033 aptota
841 4963 924 5020 V.A.
944 4999 980 5008 -
998 4978 1109 5041 aptatae
1127 4971 1159 5025 Β.
1180 4973 1215 5045 ⁴⁶)
1234 4982 1263 5026 et
1281 4971 1362 5028 buius
1382 4983 1410 5025 ct
1426 4971 1508 5024 ltuins
1529 4973 1564 5026 V.
1586 4969 1708 5025 A.=B·
1728 4967 1765 5036 ¹⁹)
1787 4971 1818 5015 01
1834 4960 1921 5014 111110

528 5055 559 5098 et
577 5045 642 5098 bnis
662 5049 697 5102 V.
716 5050 754 5103 A.
772 5071 808 5102 =
825 5053 857 5106 B.
878 5055 913 5126 ⁵⁰)
934 5065 961 5110 et
980 5076 996 5109 o
1014 5065 1044 5109 et
1062 5077 1079 5110 e
1095 5059 1134 5112 V.
1154 5061 1188 5113 A.
1209 5085 1246 5111 =
1263 5063 1295 5116 Β.
1316 5063 1351 5134 ⁵¹)
1372 5071 1399 5114 ot
1418 5059 1461 5114 lais
1479 5071 1508 5114 et
1525 5057 1568 5112 bis
1588 5058 1669 5114 V.A.
1688 5075 1723 5103 =
1742 5051 1774 5104 Β·
1798 5051 1840 5117 ⁵²)
1853 5047 1922 5102 ΡΟ*

611 5150 727 5205 nsquam
746 5139 779 5191 Β.
799 5137 882 5192 V.=
898 5145 934 5194 A.
955 5145 989 5211 Η)
1004 5152 1032 5198 et
1050 5165 1066 5198 ο
1087 5154 1115 5199 et
1133 5167 1149 5199 o
1170 5149 1251 5203 V.A.
1266 5153 1347 5204 =B.
1368 5151 1404 5220 11)
1425 5147 1499 5204 atah
1514 5145 1557 5200 bis
1573 5153 1600 5198 et
1616 5143 1649 5197 ab
1666 5142 1708 5194 tris
1729 5135 1922 5193 1'.A.=B.

531 5222 568 5292 51)
588 5224 772 5294 suprascripta
792 5225 908 5279 tt.V.P.
930 5259 963 5269 -
983 5233 1138 5302 supradicto
1158 5237 1194 5290 A.
1216 5240 1252 5310 56)
1273 5237 1326 5292 hoo
1345 5237 1377 5292 Β,
1400 5239 1435 5292 V.
1455 5261 1489 5286 =
1510 5237 1543 5288 A.
