4104 6064
386 575 451 646 518
707 567 1522 626 rttaGttettttthttttttttstha.

387 718 536 783 lutioucs
559 715 599 782 et
616 713 814 799 tribrachyn
839 715 983 802 pedem,
1005 729 1044 782 nt
1066 730 1117 782 est
1139 716 1234 804 apnd
1257 717 1437 783 Cratinum
1465 755 1507 772 -
1531 717 1686 804 Qualis
1707 717 1859 804 aquila

388 821 477 886 cita
499 817 721 884 celeribus
747 817 872 882 avida
893 820 1045 905 pinnis
1068 818 1415 903 transvolat·)-
1436 818 1500 885 Est
1515 833 1694 906 praeterea
1709 833 1744 884 et
1761 821 1858 884 clan-

386 923 468 988 dnm
492 933 728 987 tetrametrum
752 921 967 986 tro'cbaicnm
992 923 1251 1000 catalecticum,
1282 921 1376 1007 qnod
1399 921 1674 1009 Hipponactium
1697 924 1858 988 nomina-

294 1039 365 1089 σοι).
387 1035 458 1101 tur;
481 1023 610 1110 accipit
632 1024 725 1086 euim
748 1042 813 1109 pro
835 1025 999 1088 trochaeo
1014 1025 1200 1112 spondium
1216 1037 1296 1090 ante
1311 1025 1535 1090 novissimam
1559 1024 1728 1107 syllabam
1745 1023 1761 1057 ⁸
1776 1025 1858 1090 loco

387 1125 577 1212 impari-
598 1123 632 1190 0
656 1145 835 1210 pareus,
860 1146 882 1190 o
904 1127 1047 1214 prisca
1069 1139 1245 1193 nostras
1269 1127 1416 1210 gentis
1439 1147 1512 1191 ara
1535 1125 1814 1210 Romnum).

473 1227 800 1292 tetrametrum
833 1229 1147 1315 hypercatalectum
1177 1275 1351 1296 ......
1375 1227 1505 1294 alitos
1535 1229 1772 1316 cupidines
1794 1247 1859 1292 ca-

386 1329 478 1394 lore
502 1328 617 1394 Sirio
640 1343 795 1413 gerunt
812 1323 853 1412 ³⁵)
890 1333 917 1412 ).

475 1434 524 1496 lt.
547 1430 611 1493 DE
629 1430 918 1498 DAC'l'YLlCO.
941 1434 1161 1516 Dactylicum
1176 1446 1324 1499 metrum
1342 1444 1477 1497 constat
1489 1430 1628 1513 dactylo
1645 1425 1688 1515 ’ἢ
1705 1445 1739 1496 et
1753 1451 1860 1518 spon-

388 1533 457 1597 dio.
480 1531 526 1595 Et
548 1533 644 1617 quod
667 1533 803 1615 dactylo
832 1534 907 1598 solo
931 1547 1083 1612 constat,
1113 1535 1320 1618 dactylicum
1344 1535 1562 1610 nominatum
1591 1533 1688 1619 quod
1719 1532 1859 1615 dactylo

389 1647 423 1698 et
445 1635 606 1720 spondio‚
630 1636 789 1721 quamvis
813 1648 846 1698 et
869 1636 981 1721 ipsum
1006 1636 1215 1718 dactylicum
1238 1639 1282 1702 sit
1305 1651 1339 1701 et
1362 1648 1496 1702 constet
1518 1635 1718 1720 frequenter
1739 1634 1861 1716 dacty-

389 1737 431 1799 lis
454 1736 537 1800 solis
560 1748 594 1800 et
616 1737 652 1798 in
674 1736 741 1800 line
764 1739 928 1802 trochaeo
951 1741 1024 1802 sive
1047 1739 1215 1826 spondio‚
1246 1753 1362 1804 tamen
1392 1741 1537 1804 heroum
1561 1736 1690 1802 dicitur
1713 1749 1747 1799 et
1769 1737 1859 1800 reci-

389 1839 440 1924 pit
463 1840 526 1902 hos
550 1839 636 1902 duos
658 1837 774 1925 pedes.
807 1823 914 1923 Quod
932 1843 1077 1905 heroum
1102 1842 1313 1929 appellatum
1337 1854 1398 1920 eat,
1422 1841 1518 1926 quod
1534 1840 1601 1903 isto
1624 1838 1779 1903 carmine
1795 1837 1856 1899 be-

390 1960 466 2004 roas
488 1941 707 2026 potissimum
731 1942 955 2005 vetustissimi
978 1955 1136 2007 auctores
1160 1945 1325 2008 cecinisse
1348 1943 1540 2008 traduntur.

475 2045 525 2107 tt.
548 2042 745 2106 Dimetrum
763 2043 1011 2119 acatalectum‚
1035 2045 1132 2129 quod
1153 2045 1395 2128 bymeusicum
1416 2039 1460 2130 Ξἲ)
1483 2042 1679 2130 appellatur
1695 2038 1737 2124 ‘).

474 2147 523 2208 13.
548 2142 788 2207 Octsmetrum
813 2145 1071 2225 catalecticum,
1096 2168 1166 2233 quo
1189 2168 1270 2213 usus
1293 2161 1344 2212 est
1367 2147 1586 2213 Stesichorus
1610 2137 1653 2228 ³⁸)
1675 2145 1712 2208 in
1735 2140 1857 2206 Sicilia

386 2283 427 2294 -
449 2240 609 2310 Audiat
629 2247 730 2310 baec
753 2248 894 2312 nostri
917 2248 1026 2312 mela
1048 2251 1255 2315 carminis
1279 2260 1318 2314 st
1341 2239 1498 2332 tnuc³⁹)
1520 2235 1732 2334 pervia⁴⁰)
1754 2263 1858 2308 rura

385 2346 551 2412 volabit
570 2347 613 2430 ¹).

427 2657 464 2726 ¹⁵)
490 2655 536 2731 55.
554 2662 581 2717 8.
599 2661 626 2718 9.
645 2669 672 2710 et
691 2659 733 2714 10.
750 2661 780 2712 t‘tt
806 2659 874 2712 coe.
893 2666 1036 2734 insigniter
1052 2678 1197 2737 eormptes
1214 2684 1231 2719 a
1247 2665 1341 2720 Murio
1356 2663 1501 2718 Victoriae
1513 2663 1567 2714 ecl.
1585 2663 1741 2730 mimo
1760 2653 1857 2730 ⁴1⁸⁰·d

487 2763 595 2802 'tm
612 2747 720 2808 samu,
739 2759 878 2820 uanaque
894 2755 1036 2806 restitssen
1059 2758 1155 2808 σσισεί
1171 2771 1271 2808 sumna.
1290 2753 1385 2806 Ιὶσσιίο
1405 2751 1473 2804 Gud.
1492 2749 1561 2804 tm
1577 2760 1633 2802 est:
1651 2747 1856 2800 Tetra-atrurn

488 2829 749 2888 brsobicatalectutn
775 2833 851 2907 quod
875 2837 899 2890 si
926 2836 961 2890 de
987 2837 1048 2894 solo
1075 2837 1204 2894 trochaeo
1233 2837 1394 2896 constratis
1413 2830 1856 2892 commnueolmouicormaicre

489 2923 550 2990 (¹¹⁴⁰)
569 2939 641 2974 “me
661 2922 708 2994 qui
728 2923 803 2994 cepis
823 2923 876 2996 (ro'
894 2942 908 2979 s
933 2933 1115 3000 εεεμεεεσείριο
1134 2932 1155 2999 t)
1180 2924 1300 2981 subinde
1319 2927 1499 2999 martinusque
1518 2923 1659 2978 eratiatitit
1677 2922 1739 2991 (εἰσ)
1759 2925 1789 2972 et
1808 2934 1859 2969 so·

488 3003 596 3060 lotione
621 3005 725 3078 pedum
752 3017 937 3065 tetrametrum
974 3013 1164 3069 catalecticum
1188 3012 1265 3088 quod
1292 3013 1414 3067 archium
1441 3015 1503 3084 (εἰσ)
1528 3021 1556 3066 et
1583 3005 1774 3082 epicharitium
1793 3006 1857 3074 (εἰσ)

489 3103 632 3165 sequatum
660 3113 692 3147 eo
720 3094 796 3168 quod
813 3097 870 3153 llll
894 3102 988 3154 metuis
1008 3113 1118 3156 constet
1144 3101 1245 3156 dicitnr
1265 3104 1343 3155 ouius
1362 3102 1490 3154 inventor
1508 3118 1522 3151 a
1542 3093 1708 3171 quibusdam
1725 3089 1857 3146 homerus

489 3177 609 3234 2¹⁸le
630 3183 692 3254 (ΡΜ
712 3201 771 3254 Μ
796 3205 860 3240 varo
885 3202 968 3243 astae
994 3187 1100 3244 dicitur
1121 3195 1251 3262 mnaseas
1261 3190 1377 3260 sssarat)
1397 3185 1450 3242 lale
1469 3185 1549 3260 qusle
1584 3182 1637 3260 (τῷ
1653 3181 1665 3236 l
1682 3193 1818 3252 expuncto
1836 3187 1865 3232 et

488 3273 671 3341 mmmm
695 3271 721 3343 r)
749 3289 813 3324 vere
840 3276 929 3346 primo
954 3275 1050 3330 sibilat
1075 3295 1151 3331 seres
1171 3281 1231 3350 (εἰσ)
1259 3271 1349 3332 donax
1368 3294 1437 3350 quae
1455 3273 1546 3328 scabri
1565 3272 1637 3326 latua
1656 3280 1731 3341 uaga
1757 3265 1858 3320 ualicta

488 3355 552 3427 (εἰσ)
579 3353 669 3410 litoris
695 3355 765 3412 vado
794 3361 942 3432 Tragioum
966 3363 1042 3436 quod
1061 3364 1154 3437 plures
1173 3363 1309 3438 spondius
1334 3361 1435 3417 babeat
1453 3364 1479 3418 0
1497 3377 1596 3435 pareus
1616 3358 1728 3431 antiqua
1746 3363 1859 3408 uostm

488 3443 578 3514 gentis
597 3445 719 3516 arginnm
739 3442 824 3504 decus
844 3449 928 3504 decus
949 3455 1009 3522 (εἰσ)
1028 3455 1210 3507 cnmomicuasa
1230 3455 1293 3526 (εἰσ)
1312 3450 1388 3524 quod
1407 3453 1556 3523 praecipue
1580 3443 1704 3517 damylcs
1731 3444 1794 3515 (εἰσ)
1815 3440 1857 3494 ela

489 3534 551 3603 (εἰσ)
569 3541 716 3604 anapestus
735 3531 864 3592 admittat
882 3548 912 3594 ot
931 3547 974 3592 est
992 3539 1066 3612 apud
1086 3543 1220 3596 cratinum
1237 3558 1322 3612 snper
1339 3539 1450 3612 aquosis
1470 3533 1594 3590 lontibus
1614 3535 1706 3604 ipsane
1726 3536 1787 3600 (εἰσ)
1806 3547 1857 3600 per

489 3619 580 3672 omit
606 3621 678 3671 ‘ssim
704 3618 765 3674 loct
792 3627 926 3680 suueuia
951 3626 1002 3702 (τῷ
1028 3647 1043 3680 c
1065 3633 1154 3701 primo
1171 3631 1333 3701 superserib.
1354 3631 1376 3696 t)
1400 3628 1534 3679 insertum
1553 3625 1609 3694 (εᾷ
1624 3639 1638 3674 s
1657 3621 1857 3691 suprascripte)

489 3703 634 3761 trochaeus
664 3706 741 3762 derat
760 3711 823 3784 (εἰσ)
850 3712 906 3767 eles
932 3715 1037 3786 tecycis
1056 3718 1121 3787 (εἰσ)
1142 3717 1289 3786 satyricum
1315 3712 1391 3788 quod
1410 3711 1566 3785 complures
1585 3707 1685 3762 babeat
1702 3705 1857 3760 solutiones

489 3803 518 3849 el
536 3792 686 3849 tribrscbin
704 3795 781 3867 pedtt
800 3799 862 3872 (εἰσ)
882 3811 925 3856 est
943 3821 976 3856 eo
995 3801 1069 3875 apud
1089 3805 1224 3860 cratitmm
1249 3801 1337 3876 qualia
1356 3800 1446 3876 aqasila
1464 3801 1503 3855 ita
1521 3802 1582 3870 (εἰσ)
1603 3793 1739 3850 celeribus
1759 3789 1856 3866 sapida

489 3883 583 3954 pinnis
602 3883 651 3955 (σε
668 3903 718 3939 em.
736 3905 779 3956 pr.
798 3907 833 3942 m.
852 3891 952 3962 pennis
971 3912 989 3945 σ
1006 3910 1048 3961 pr.
1068 3875 1117 3962 in.)
1138 3889 1307 3945 transvolant
1325 3889 1376 3963 (τῷ
1394 3907 1412 3942 n
1431 3891 1527 3944 εείεἰσιο
1546 3888 1693 3958 expuncto)
1713 3892 1757 3938 est
1773 3897 1855 3954 prae·

492 3979 565 4024 teres
585 3977 614 4022 et
632 3968 759 4026 claudum
778 3981 962 4032 tetrametrum
983 3977 1151 4032 trochaicum
1171 3977 1361 4034 catalecticum¹
1379 3975 1455 4050 qnod
1472 3974 1681 4050 ipponactinnm
1700 3971 1860 4024 nominatur

490 4059 595 4130 accipit
612 4059 684 4111 eninr
704 4077 754 4130 pro
774 4061 903 4117 trccbsec
922 4063 1072 4136 spondium
1090 4075 1153 4120 aute
1172 4067 1349 4120 novissimam
1367 4061 1500 4136 syllabam
1518 4060 1582 4116 loco
1600 4059 1699 4132 impari
1717 4077 1733 4112 o
1753 4071 1857 4130 pauens

492 4150 552 4216 (εἰσ)
580 4165 596 4198 o
623 4147 714 4216 prisca
738 4157 848 4202 nostras
873 4131 962 4220 gentis
987 4152 1272 4210 arammanaeditit’
1292 4155 1462 4226 (stelantem
1482 4157 1669 4204 tetrametrum
1689 4141 1858 4200 trochaicum

493 4231 683 4288 uuleclicnm
703 4243 731 4288 at
749 4232 897 4290 dimetrum
914 4238 1077 4294 catalectum
1096 4250 1127 4296 ut
1144 4251 1188 4294 ast
1204 4239 1308 4296 ictibus
1322 4258 1416 4294 secare
1430 4235 1552 4291 membra
1567 4250 1669 4308 eorpus
1688 4248 1769 4288 omne
1785 4247 1859 4284 mm·

494 4337 560 4390 pers
586 4321 787 4374 Tetramatrnm
812 4325 1046 4395 ypercatalectum
1071 4331 1209 4383 alemanos
1234 4331 1299 4401 (sis)
1327 4327 1405 4382 alites
1431 4323 1578 4398 cupidines
1598 4319 1689 4376 calore
1708 4321 1777 4374 ciris
1797 4317 1860 4386 (εἰσ)

495 4416 602 4478 gerunt.
623 4410 660 4482 16)
680 4406 783 4464 dactilo
803 4412 873 4466 Ccd.
893 4426 920 4466 et
936 4419 976 4470 εἰσ
992 4435 1057 4468 mnu
1074 4421 1198 4486 inferius.
1217 4419 1255 4490 ⁸⁷)
1273 4414 1447 4487 bymenicnm
1468 4413 1536 4468 Cud.
1555 4412 1592 4483 ⁸⁸)
1612 4406 1768 4464 teaicborata
1788 4406 1859 4460 esst.

494 4497 535 4568 ³⁹)
556 4504 585 4550 tn
606 4497 674 4550 Cod.
693 4502 882 4572 saaperseriptis
898 4518 934 4554 uc
951 4503 988 4554 at
1006 4505 1067 4558 aad.
1086 4523 1121 4558 nt.
1140 4506 1176 4576 ⁴⁰)
1193 4502 1311 4576 peruids
1330 4505 1399 4560 Cod.
1419 4501 1457 4575 τῷ
1476 4498 1659 4572 desperares.

442 4619 473 4693 ε)
492 4618 609 4672 Versum
626 4617 700 4672 buno
718 4621 747 4673 in
766 4619 839 4676 Cod.
859 4621 941 4694 paulo
960 4627 1159 4697 corruptiorem
1179 4623 1304 4680 eldallio
1323 4621 1472 4678 Theodoro
1491 4641 1519 4694 p.
1538 4627 1582 4680 38
1602 4617 1745 4688 unaing..
1763 4630 1859 4668 emen·

496 4704 637 4771 (ῙΗῘΜ,
664 4705 713 4762 ”bi
739 4727 754 4761 θ
780 4707 862 4773 hbe,
889 4729 969 4783 quesn
992 4711 1101 4767 Plotius
1122 4715 1165 4787 ¹(c.
1183 4719 1254 4775 2664
1273 4714 1315 4786 Ρ.)
1334 4713 1478 4765 metricum
1495 4717 1590 4772 vocat,
1616 4707 1725 4760 citatur.
1744 4703 1862 4774 Legitur

497 4795 579 4848 etiem
597 4793 672 4866 apud
690 4797 759 4851 Mar.
779 4798 953 4852 Victorinum
973 4819 996 4852 c.
1016 4806 1086 4860 met
1105 4803 1135 4854 P.
1155 4799 1204 4855 ubi
1223 4811 1313 4856 tamen
1333 4819 1383 4872 pro
1403 4800 1505 4861 avido,
1523 4798 1598 4851 sicut
1615 4796 1643 4847 iu
1663 4789 1735 4846 cod.
1753 4799 1863 4854 nostro,

498 4891 540 4934 est
557 4885 667 4955 rapida.
687 4886 715 4954 b)
733 4885 838 4939 Versus
856 4883 890 4938 ab
909 4897 1021 4941 auctore
1039 4897 1152 4952 nostro,
1170 4897 1202 4943 nt
1219 4887 1343 4954 videtur,
1362 4887 1567 4958 transfiguratus
1585 4901 1601 4934 e
1617 4881 1745 4954 superius
1762 4875 1862 4931 att-to:

502 4971 528 5022 Ο
543 4989 646 5041 parens
663 4977 780 5046 antiquo
799 4983 851 5028 etc.
877 4977 903 5047 σ)
923 4973 981 5029 Ubi
998 4974 1112 5028 lacunae
1130 4977 1237 5048 signum
1255 4978 1415 5049 posuimus,
1438 4975 1468 5028 iu
1487 4971 1560 5029 cod.
1578 4970 1681 5042 legitur
1697 4965 1802 5020 diserte
1820 4969 1864 5018 εἰ·

498 5077 618 5113 σεεεσεεσε.
638 5059 758 5112 Pronum
776 5070 820 5115 est
836 5060 928 5132 legere
942 5065 1102 5128 Alcmenes,
1119 5065 1173 5118 nisi
1192 5062 1268 5118 dieas
1286 5065 1316 5117 in
1332 5061 1386 5116 bac
1404 5059 1561 5134 corruptela
1579 5057 1664 5112 latere
1676 5055 1786 5108 initiam
1801 5069 1864 5106 var·

499 5163 557 5200 sus.
576 5146 705 5200 Ceterum
725 5165 775 5218 pro
794 5149 894 5204 vitioso
914 5156 981 5206 ciris
998 5149 1074 5207 Cod.
1094 5153 1255 5225 scripsimus
1272 5153 1356 5206 Sirio.
1375 5153 1405 5222 d)
1424 5147 1585 5220 Exemplum
1599 5161 1655 5199 neu
1668 5141 1759 5205 affert,
1776 5136 1865 5192 babes

500 5250 564 5285 veto
583 5234 612 5284 in
627 5235 716 5292 Servii
732 5237 919 5293 Centimetm:
941 5240 1021 5296 ntra
1038 5253 1175 5313 personet.
1195 5241 1220 5312 σ)
1234 5239 1449 5296 Cninsauctoris
1465 5239 1501 5291 sit
1517 5235 1561 5289 bic
1575 5249 1678 5295 versus,
1697 5231 1864 5300 ignoramus.
