4022 6068
461 451 481 490 Χ

466 701 1057 848 nnnouunuun
1100 762 1214 850 mr
1258 692 1790 884 noopuuruue

495 1181 527 1250 tt
550 1179 683 1252 Codioe
707 1177 874 1249 bobiensi
898 1199 993 1250 nuno
1012 1179 1282 1250 vindobonensi
1300 1181 1396 1251 xvi.
1421 1181 1498 1252 Pol.
1521 1187 1573 1256 to.
1599 1206 1628 1256 r.
1646 1139 1713 1254 ool
1735 1189 1767 1256 2.

933 1435 998 1504 DE
1025 1437 1336 1508 ACCENTIBUS.

484 1601 657 1666 Aoeentus
678 1595 805 1663 Graeci
826 1600 1003 1678 «perettus
1023 1597 1050 1681 ·)
1072 1597 1260 1684 appellent.
1289 1597 1437 1686 Triplex
1460 1611 1575 1666 sutem
1598 1615 1661 1669 est.
1690 1602 1762 1667 Aut
1775 1603 1872 1668 euius

400 1716 522 1770 acutus
537 1712 600 1779 eet,
624 1721 729 1786 quem
743 1699 850 1764 desios
863 1702 892 1781 ·)
909 1698 1041 1774 dieunt,
1063 1711 1123 1764 sut
1136 1701 1269 1784 gravis,
1292 1721 1396 1787 quem
1416 1704 1550 1782 βαρεῖαν
1565 1695 1610 1786 ’),
1638 1715 1698 1768 sut
1720 1705 1872 1768 eircum-

401 1808 522 1880 llexus,
545 1823 649 1888 quens
673 1801 957 1884 sepsssops'resl).
983 1798 1113 1865 Omnia
1130 1801 1237 1886 igitur
1262 1803 1420 1880 nomine,
1449 1804 1522 1868 sivo
1544 1804 1666 1881 verbe,
1690 1807 1764 1869 sive
1783 1827 1874 1893 quse

401 1907 470 1973 slis
485 1926 566 1994 pars
579 1904 747 1969 orationis
761 1903 881 1981 luerit,
903 1905 993 1968 huno
1008 1904 1178 1968 rationem
1196 1905 1450 1968 enunciationis
1468 1899 1499 1988 ς)
1517 1907 1696 1992 recipient.

486 2003 730 2086 Monosyllnbs
752 2003 885 2090 aliquid
908 2005 1150 2090 significantia,
1171 2005 1346 2070 siluerint
1365 2007 1623 2092 naturalem,
1646 2007 1768 2086 idest,
1788 2029 1875 2095 pro·

402 2111 484 2177 duci
499 2109 694 2195 potuerint,
718 2107 940 2171 circumflexe
955 2127 1042 2172 voce
1059 2107 1266 2186 efferuntur,
1296 2121 1334 2171 nt
1356 2129 1470 2194 spes,
1494 2106 1595 2184 llos,
1618 2128 1709 2175 usos
1726 2103 1768 2190 ⁶),
1791 2131 1873 2177 ros.

403 2215 442 2279 Si
455 2211 629 2300 positione
646 2208 753 2292 longa
767 2209 894 2274 luserint
914 2220 973 2273 sut
987 2222 1080 2274 certe
1104 2209 1241 2284 brevia,
1263 2221 1365 2274 senta
1380 2229 1468 2274 sooe
1490 2211 1876 2296 pronunciabantur),

402 2328 567 2389 utnon,
589 2306 727 2390 ueo⁸)‚
751 2310 860 2394 quis,
885 2310 1053 2394 quius),
1077 2313 1163 2387 bie,
1186 2330 1280 2376 nux.

490 2415 531 2478 lu
551 2411 731 2493 disyllabis
747 2423 880 2486 eutem,
903 2412 932 2474 si
948 2413 1064 2497 primo
1086 2415 1126 2494 ¹⁰)
1148 2413 1227 2478 loeo
1250 2413 1422 2499 products
1448 2411 1551 2476 luerit
1569 2411 1711 2494 syllaba,
1734 2411 1878 2478 hebebit

405 2519 495 2580 inse
512 2513 772 2579 circumflexum
788 2525 970 2578 noeentum
989 2515 1046 2596 ¹¹):
1070 2513 1216 2590 Roma,
1240 2515 1411 2590 rhetor,
1433 2512 1600 2592 brume,
1624 2515 1700 2593 ite,
1722 2515 1878 2600 prima.

408 2617 447 2683 Si
469 2635 554 2682 vero
577 2614 691 2700 prims
714 2612 846 2694 syllaba
866 2614 1041 2699 positione
1058 2615 1164 2698 longe
1186 2615 1289 2680 luerit
1305 2617 1369 2680 'sut
1388 2615 1523 2692 brevis,
1551 2628 1687 2680 neutum
1702 2629 1825 2679 tonum
1841 2617 1880 2680 in

407 2719 521 2806 prima
540 2715 708 2800 reperies,
729 2726 769 2777 ιιι
792 2727 944 2792 nanto,
967 2714 1126 2792 condo,
1151 2735 1300 2793 curro,
1323 2717 1454 2794 salto,
1477 2717 1623 2802 piune,
1646 2728 1774 2781 seete.
1807 2715 1882 2782 sed

407 2839 453 2884 ne
471 2817 606 2904 opponi
619 2813 722 2879 nobis
745 2835 765 2878 a
786 2815 934 2881 nimium
957 2816 1182 2901 diligentibus
1200 2819 1241 2902 ¹²)
1260 2817 1320 2881 ills
1340 2819 1494 2904 possint,
1518 2831 1723 2904 quaerente
1748 2815 1882 2900 syllaba

409 2923 447 2986 in
466 2917 658 2983 notissimo
685 2915 893 2996 efferuntur,
921 2930 961 2982 ut
984 2916 1138 3000 Cyclas
1156 2912 1215 3002 Ι3),
1236 2919 1374 3001 Dryas
1391 2912 1450 3004 Ι4),
1479 2919 1618 3002 Thyes
1636 2913 1697 3004 ι’);
1719 2917 1808 2984 illud
1827 2931 1882 2983 est

409 3019 706 3106 respondendum:
723 3020 841 3082 omnin
857 3017 963 3084 verba
977 3020 1162 3106 peregrina
1180 3012 1221 3104 ¹⁶)
1237 3021 1426 3085 seeundum
1442 3040 1538 3085 sunm
1548 3022 1772 3108 positionem,
1790 3039 1883 3105 quo-

408 3123 515 3188 modo
532 3122 724 3196 leetssnnt,
748 3119 796 3183 its
807 3121 986 3185 enunciari
1000 3123 1040 3204 ¹7)
1063 3119 1207 3197 debere;
1230 3141 1311 3186 nam
1335 3141 1413 3186 cnm
1431 3122 1467 3186 in
1481 3135 1637 3186 nostram
1659 3119 1884 3186 eonsuetudi-

408 3245 489 3290 uem
524 3233 723 3298 transeunt,
772 3223 899 3288 rationi
933 3235 1072 3287 nostrae
1111 3243 1253 3308 qnoque
1288 3225 1458 3288 inserviant
1491 3245 1614 3288 necare
1649 3235 1694 3288 est
1723 3215 1774 3305 1”).
1814 3219 1885 3286 Ce-

410 3337 522 3390 terum
539 3324 673 3389 nullum
689 3336 741 3388 est
754 3323 899 3388 verbnm
914 3325 986 3388 eive
1001 3325 1219 3406 disyllabum,
1237 3325 1309 3389 sive
1328 3325 1434 3390 trium
1447 3324 1644 3412 pluriumve
1661 3322 1883 3406 syllabarum,

410 3426 507 3513 quod
524 3426 714 3491 novissima
726 3425 859 3507 syllaba
877 3439 976 3492 toute
999 3427 1204 3490 enunoietur
1220 3429 1269 3506 ¹⁹).

496 3527 610 3614 Super
624 3527 717 3592 istud
735 3527 777 3591 de
809 3527 996 3610 trisyllabis
1019 3528 1190 3603 dieamus,
1214 3528 1252 3591 in
1272 3526 1398 3612 quibus
1420 3529 1506 3592 haee
1528 3527 1594 3590 erit
1617 3525 1829 3592 observatius
1851 3526 1883 3588 ei

411 3629 525 3694 medin
547 3628 678 3712 syllsbn
698 3629 873 3714 positione
895 3628 1002 3713 longe
1024 3627 1141 3706 luerit,
1165 3641 1267 3694 eouto
1292 3639 1377 3692 tono
1400 3628 1645 3693 enuneinbitur
1660 3630 1715 3712 ¹⁰),
1738 3639 1776 3692 ut
1797 3625 1883 3694 tte-

412 3732 557 3808 tellus‚
581 3729 789 3806 oenoelli‚
811 3729 1015 3807 lanistae,
1038 3730 1273 3796 fenestrae.
1295 3730 1455 3818 Explicit
1475 3729 1519 3795 de
1541 3729 1752 3795 nocentibus.

451 4017 475 4086 Ι)
493 4005 645 4094 προσῳδίαι
661 4043 697 4056 -
714 4009 865 4085 prosodisu
887 4013 953 4066 cod.
973 4013 999 4084 ¹)
1017 4005 1105 4084 ι’ξιῐαι
1122 4043 1158 4055 -
1176 4013 1256 4066 enisu
1276 4015 1346 4069 csd.
1366 4016 1388 4087 Ι)
1407 4015 1517 4096 perpetes
1534 4042 1571 4056 ·-
1588 4010 1684 4066 berieu
1706 4013 1773 4068 ces.
1793 4013 1817 4084 Ι)
1837 4029 1887 4067 ιι·

520 4099 688 4180 psouops'sns
712 4129 748 4141 —
772 4099 985 4172 perispomeuon
1013 4101 1081 4155 oet.
1108 4103 1131 4174 ι)
1155 4101 1358 4154 enuneistiouis
1381 4130 1417 4146 -
1441 4101 1641 4156 enuntiationis
1669 4101 1737 4154 (lod.
1763 4100 1788 4170 ⁸)
1814 4115 1889 4162 snos,

519 4194 558 4242 tta
580 4187 645 4240 Coei.
665 4205 698 4238 en
721 4193 822 4256 ens-pr.
839 4205 875 4241 m.
893 4205 966 4257 pesas
981 4192 1099 4259 primum
1117 4206 1179 4240 mox
1196 4193 1351 4259 scripserat.
1385 4191 1408 4259 ²)
1432 4185 1690 4260 pronuneinbnutur
1707 4217 1743 4230 -
1761 4202 1889 4258 pronun-

521 4271 662 4327 tinbuutur
681 4273 749 4325 ced
768 4269 793 4341 θ)
812 4289 864 4325 nee
882 4279 953 4328 inter
970 4277 1058 4330 linea
1074 4297 1093 4330 ιι
1110 4295 1152 4348 pr.
1171 4293 1206 4328 sss.
1225 4274 1251 4345 9)
1266 4273 1334 4348 quid
1348 4307 1382 4318 -
1396 4275 1460 4348 quin
1481 4276 1548 4329 cot.
1565 4293 1719 4346 perperam.
1741 4277 1776 4342 ¹⁰)
1795 4271 1892 4344 prino

520 4391 556 4404 -
581 4360 668 4432 prinu
695 4359 764 4414 cod.
795 4363 830 4430 ΙΙ)
856 4370 1001 4414 noeentum
1018 4391 1054 4407 -
1071 4363 1227 4416 seninetuns
1253 4363 1322 4416 ooo
1350 4368 1385 4431 1·)
1404 4382 1420 4414 s
1437 4361 1552 4414 nimium
1571 4358 1752 4432 diligentibus
1770 4389 1809 4402 -
1825 4357 1890 4410 nni·

520 4465 595 4500 rnntu
621 4444 844 4517 diligentioribus
871 4449 939 4502 cod.
969 4451 1003 4519 Ι’)
1030 4459 1062 4504 nt
1085 4449 1193 4521 Cyelss.
1218 4453 1265 4506 ltu
1289 4451 1430 4504 scribimus
1453 4468 1506 4519 pro
1532 4455 1629 4504 vitioso
1653 4457 1681 4502 et
1707 4443 1795 4502 coelis
1816 4447 1892 4499 Coei.

521 4537 619 4590 mendo
636 4536 673 4589 eb
690 4541 750 4606 ipso
767 4537 881 4590 libres-io
899 4537 1099 4600 animadverso,
1117 4543 1165 4609 qsss'
1183 4559 1207 4592 ν.
1227 4535 1313 4590 eoclis
1333 4539 1418 4591 tritus
1434 4541 1542 4608 presteris
1560 4540 1677 4590 ιιοιινίι.
1699 4535 1734 4606 ¹⁴)
1753 4533 1893 4602 Dryne—

523 4623 595 4676 driss
616 4623 683 4677 cod.
706 4618 855 4696 ¹³)Ttyss.
874 4625 918 4677 lto
936 4625 1077 4678 scribimus
1093 4645 1145 4696 pro
1163 4631 1260 4679 vitioso
1279 4621 1336 4678 etis
1357 4627 1439 4690 Cod.;
1459 4624 1531 4677 idem
1550 4623 1701 4693 exemplem
1714 4621 1895 4674 leobetan.

525 4711 658 4768 Victoris.
677 4729 705 4782 p.
724 4715 786 4768 275.
805 4711 838 4763 L.
861 4710 898 4781 Ι’)
917 4711 1058 4782 peregrine
1075 4739 1112 4754 -
1131 4711 1269 4783 perigrino
1295 4713 1363 4766 (lod.
1393 4715 1427 4783 ἰ)
1448 4710 1589 4764 ennueisri
1606 4739 1642 4752 -
1660 4707 1797 4786 enuntisri
1819 4707 1896 4759 cod.

525 4799 559 4866 Ι·)
578 4800 613 4851 iss
634 4798 700 4851 ose.
720 4802 820 4850 omine
838 4809 976 4869 utensque
992 4799 1183 4871 supplevimus.
1205 4799 1239 4867 ἰ)
1258 4799 1422 4855 enuncietur
1433 4829 1470 4844 -
1484 4797 1644 4854 enuntietur
1664 4795 1733 4854 cod.
1753 4798 1791 4862 ⁸⁰)
1802 4807 1898 4847 enun-

525 4882 642 4938 eisbitnr
659 4914 695 4928 -··
714 4880 901 4940 enuntiabitur
920 4885 988 4940 ced.

980 5135 1314 5178 -L----
