4050 6064
409 483 475 554 ω
575 423 582 432 4
707 473 913 530 MAXIMUS
938 443 1307 530 vtcTOtttttthbt:
1334 473 1583 530 tttt‘sbtntJS.

411 639 665 714 propterea,
689 626 863 688 interea
881 615 942 704 44);
967 641 1054 707 quae
1078 621 1115 683 ·l·
1132 615 1174 704 44)
1199 621 1439 696 terminantur,
1464 635 1609 708 excepta
1624 643 1693 688 una
1714 627 1805 721 nisi
1823 619 1888 708 ³⁶).

411 729 670 816 producuntur,
693 739 731 790 ut
755 723 810 802 si,
835 724 929 788 etsi.
962 723 1061 808 Quae
1085 724 1120 786 in
1143 723 1198 786 ·N·
1227 723 1389 788 desinunt
1406 717 1467 806 47),
1501 725 1529 786 si
1554 725 1591 788 ·l·
1615 739 1693 792 ante
1717 725 1790 792 eam
1816 731 1889 792 ha-

349 879 356 895 .
410 831 567 904 buerint‚
596 828 853 916 producuntur,
882 840 921 891 ut
944 827 1027 904 sin;
1058 825 1143 890 alias
1164 825 1288 890 breves
1315 839 1411 902 sunt;
1435 839 1565 891 ceteras
1589 847 1671 894 vero
1689 821 1734 914 ³⁸)
1755 851 1889 896 omnes

410 931 613 997 naturaliter
636 943 813 1016 correptas
830 923 872 1012 ³⁹)
896 949 969 992 esse
994 942 1128 992 cottstat
1142 918 1199 1012 4ο).

496 1037 549 1100 22.
572 1033 636 1098 DE
664 1029 1049 1098 PRAEPOSITIONE
1070 1023 1125 1115 44).
1153 1030 1378 1096 Accusativas
1406 1031 1684 1118 praepositiones
1706 1033 1799 1098 solae
1815 1026 1887 1116 ⁴²).

410 1159 498 1222 qnae
522 1137 558 1199 in
582 1137 632 1199 Ἀ·
657 1146 800 1210 exeunt,
824 1133 1056 1220 productione
1078 1134 1267 1210 laetantur,
1290 1145 1329 1198 ut
1351 1145 1505 1200 contra
1521 1124 1583 1218 ⁴³),
1606 1146 1641 1199 et
1662 1153 1732 1200 una
1753 1155 1888 1202 mono-

410 1237 542 1321 syllaba
566 1237 636 1302 cis.
660 1235 840 1300 Ablativae
864 1237 1139 1324 praepositiones
1162 1236 1400 1322 corripiuntur
1421 1256 1554 1316 omnes,
1576 1251 1615 1300 nt
1636 1236 1698 1315 ab,
1722 1239 1888 1324 exceptis

411 1339 677 1422 monosyllabis,
709 1359 798 1424 quae
820 1329 936 1421 ιε144)
969 1359 1014 1402 ex
1035 1338 1214 1406 vocalibus
1239 1350 1414 1416 constant,
1443 1351 1481 1403 ut
1504 1332 1600 1422 ο44),
1622 1340 1678 1404 vel
1699 1339 1888 1406 vocalibus

411 1443 658 1519 terminantur,
691 1453 730 1506 ut
752 1441 811 1506 de.
845 1438 1057 1508 Communes
1075 1435 1119 1524 44)
1142 1442 1419 1528 praepositiones
1444 1453 1620 1528 correptas
1643 1463 1737 1522 esse,
1768 1443 1887 1508 maui-

411 1544 534 1608 lestum
554 1557 622 1620 est,
652 1555 692 1606 ut
714 1544 767 1609 in.
797 1543 852 1606 De
874 1541 1125 1627 loquellsribus
1148 1557 1263 1610 autern
1287 1535 1330 1626 ⁴5)
1352 1543 1670 1630 praepositionibus
1684 1537 1728 1628 ⁴⁸)
1742 1545 1775 1627 ¹)
1799 1543 1887 1608 ideo

411 1637 529 1722 taceo,
560 1647 643 1730 quia
671 1666 737 1710 nec
759 1645 853 1710 solae
880 1664 1045 1730 umquam
1068 1641 1111 1732 49)
1134 1661 1333 1733 ponuntur,
1356 1667 1421 1711 nec
1444 1648 1651 1712 coniunctae
1672 1646 1773 1712 Βιιοιι]
1797 1647 1888 1712 reti-

410 1760 495 1812 nent
511 1742 554 1830 ⁵⁰)
589 1749 615 1830 ).

494 1853 549 1918 23.
572 1849 636 1912 DE
651 1849 1029 1918 INTERIECTIONE
1046 1847 1102 1934 ⁵¹).
1135 1848 1268 1916 Omnes
1292 1850 1552 1915 interiectiones
1575 1851 1701 1936 longae
1723 1862 1804 1916 sunt
1819 1843 1887 1933 ⁵¹),

410 1952 440 2017 si
467 1950 726 2034 monosyllabae
755 1951 882 2020 luerint
905 1949 967 2037 ⁵³),
995 1967 1035 2018 ut
1064 1955 1146 2017 heu
1166 1945 1209 2036 54)
1226 1954 1277 2035 4),
1309 1951 1339 2018 si
1369 1973 1453 2018 vero
1477 1953 1624 2018 duarum
1653 1953 1710 2018 vel
1733 1952 1887 2039 amplius

410 2053 619 2136 syllabarum
649 2052 778 2119 luerint
797 2049 857 2138 44),
889 2058 1054 2142 quoniam
1072 2049 1116 2139 44)
1146 2054 1298 2140 speciem
1314 2049 1358 2138 ⁵⁷)
1376 2053 1408 2138 4)
1431 2057 1584 2141 partium
1607 2057 1776 2122 orationis
1798 2056 1886 2120 reti-

409 2169 494 2222 nent
510 2151 573 2239 44),
607 2157 652 2220 ad
675 2156 876 2242 exemplum
906 2179 1024 2224 earum
1048 2156 1173 2244 quibus
1197 2157 1326 2222 similes
1349 2170 1465 2235 erunt,
1495 2158 1702 2226 iudicandae
1719 2153 1886 2242 ⁵⁹)snut,

409 2272 449 2323 ιιι
470 2278 608 2344 papae
625 2251 688 2341 44),
711 2271 809 2323 atat.

497 2359 592 2424 liaeo
621 2359 755 2445 itaque,
787 2373 825 2424 ut
854 2361 944 2437 dixi,
975 2360 1019 2426 ad
1045 2381 1165 2426 omnes
1196 2373 1310 2449 partes
1333 2361 1502 2428 orationis
1523 2362 1559 2426 in
1586 2362 1719 2428 ultimis
1742 2363 1884 2446 syllabis

411 2460 627 2526 observanda
650 2474 730 2524 sunt
746 2454 809 2544 6“),
834 2465 989 2550 exceptis
1013 2463 1146 2528 scilicet
1166 2464 1342 2549 positione
1365 2463 1479 2548 longis
1501 2463 1557 2530 vel
1581 2463 1809 2552 diphthongis
1824 2459 1884 2550 ⁶²),

411 2582 500 2647 quae
521 2581 586 2646 pet·
607 2582 653 2632 so,
666 2561 854 2628 admodum
876 2578 997 2649 patent
1012 2557 1067 2647 ⁶³).
1112 2565 1269 2651 Explicit
1292 2565 1438 2632 feliciter
1452 2559 1509 2648 64).

931 2817 1357 2832 βῆ

370 3197 371 3200 ,
457 3151 495 3224 44)
514 3157 662 3292 [ιιοῐιιοὲει
679 3151 785 3312 iutges
802 3151 836 3206 B.
856 3153 887 3206 P.
906 3183 941 3194 -
959 3161 1107 3224 propterea
1124 3162 1266 3294 praeterea
1284 3157 1388 3210 interea
1407 3158 1444 3212 V.
1464 3187 1499 3202 -
1515 3167 1657 3229 praeterea
1674 3168 1822 3231 propterea
1839 3161 1882 3213 in·

516 3247 589 3291 terea
638 3277 644 3292 .
665 3239 702 3310 44)
753 3257 802 3292 use
822 3239 853 3292 ·1·
872 3241 905 3294 B.
926 3273 961 3282 —
981 3241 1060 3314 Quae
1081 3241 1112 3292 ·1·
1142 3241 1223 3295 ittera
1243 3243 1279 3297 V.
1299 3245 1336 3298 A.
1358 3245 1393 3315 44)
1409 3245 1464 3298 nisi
1481 3246 1515 3300 Β.
1535 3247 1566 3299 Ρ.
1582 3247 1617 3300 V.
1637 3275 1673 3292 -
1690 3248 1721 3300 ni
1737 3249 1775 3302 A.
1795 3246 1834 3320 ⁸⁷)
1853 3249 1882 3300 in

517 3325 562 3378 ·N·
587 3323 720 3380 desinunt
744 3326 776 3379 Β.
803 3328 836 3382 P.
855 3359 892 3372 -
917 3327 1049 3382 desinunt
1066 3329 1095 3381 in
1122 3327 1167 3384 ·N·
1188 3330 1224 3384 V.
1243 3331 1279 3385 A.
1301 3334 1336 3405 44)
1356 3341 1461 3386 ceteras
1489 3351 1552 3388 vero
1572 3335 1604 3388 Β.
1623 3335 1657 3388 P.
1676 3364 1710 3376 -
1729 3343 1758 3386 et
1776 3343 1882 3387 ceteras

516 3415 562 3481 (τε
580 3413 656 3486 sero)
678 3413 714 3470 V.
734 3414 770 3468 A.
799 3417 833 3488 44)
859 3425 999 3488 correptas
1018 3417 1051 3470 Β.
1075 3416 1111 3470 V.
1136 3415 1174 3470 A.
1194 3448 1230 3462 -
1248 3415 1344 3473 breves
1363 3422 1396 3475 Ρ.
1423 3423 1459 3488 4ο)
1476 3439 1536 3474 esse
1561 3429 1671 3476 constat
1686 3423 1719 3476 Β.
1738 3422 1772 3476 P.
1790 3423 1828 3476 A.
1846 3451 1882 3466 -

516 3509 625 3554 constat
643 3519 703 3554 esse
724 3502 759 3556 V.
779 3504 816 3573 44)
835 3503 879 3558 De
896 3503 1103 3576 praepositione
1122 3505 1154 3560 Β.
1173 3506 1205 3559 Ρ.
1225 3537 1260 3548 -
1277 3507 1321 3560 De
1339 3507 1594 3582 praepositionibus
1615 3511 1653 3566 V.
1671 3509 1708 3564 A.
1733 3512 1775 3579 (irs
1791 3528 1879 3582 marg.

516 3589 569 3642 litt.
588 3591 708 3662 minist.)
728 3590 765 3662 ⁴¹)
783 3591 961 3646 Accusatirae
979 3593 1199 3664 praepositiones
1218 3591 1293 3648 solsc
1311 3596 1346 3652 B.
1365 3597 1397 3652 P.
1416 3629 1452 3639 -
1469 3597 1692 3670 praepositiones
1710 3599 1881 3650 accusativae

516 3674 590 3730 solae
610 3676 646 3733 V.
665 3707 701 3720 -
727 3679 951 3750 praepositiones
977 3679 1130 3734 accusative
1156 3689 1223 3735 sunt
1240 3681 1299 3736 sols
1317 3685 1355 3740 A.
1384 3686 1420 3758 44)
1440 3693 1584 3739 utcontra
1603 3687 1686 3740 Β.Ρ.
1706 3719 1742 3728 -
1760 3696 1792 3740 nt
1810 3683 1881 3740 ultra

516 3771 612 3817 eontra
630 3765 667 3820 V.
686 3765 723 3819 A.
743 3767 778 3836 44)
798 3765 842 3822 vel
859 3768 892 3823 Β.
901 3768 934 3820 Ρ.
950 3768 987 3823 V.
1006 3789 1043 3817 =
1059 3768 1095 3820 A.
1116 3768 1152 3838 44)
1169 3777 1200 3822 ut
1220 3787 1233 3822 e
1252 3772 1285 3825 B.
1303 3773 1336 3826 P.
1355 3802 1390 3814 -
1410 3781 1441 3826 ut
1460 3775 1499 3824 ·Δ·
1515 3775 1551 3828 V.
1564 3807 1599 3816 -
1615 3783 1646 3828 nt
1665 3775 1728 3828 aA.
1749 3775 1785 3846 44)
1797 3773 1880 3827 Cont-

420 3859 423 3866 '
515 3867 611 3903 munes
629 3852 663 3907 B.
682 3854 714 3907 P.
733 3886 769 3896 -
788 3871 947 3908 communes
965 3871 1029 3908 vero
1049 3855 1085 3910 V.
1104 3856 1140 3908 A.
1161 3857 1196 3928 ⁴⁷)
1215 3857 1259 3910 De
1275 3855 1473 3932 loquellsribus
1493 3871 1589 3915 autern
1599 3863 1634 3917 Β.
1653 3863 1685 3916 P.
1705 3861 1767 3934 (sed
1784 3859 1879 3934 loque-

515 3935 634 4012 laribus)
654 3969 687 3982 ·-
705 3939 894 4016 loquelaribus
913 3943 961 4012 (ε
979 3947 1080 4015 sutem)
1101 3943 1138 3999 V.
1158 3944 1195 3997 Α.
1216 3945 1252 4016 44)
1269 3945 1523 4018 praepositionibus
1542 3949 1573 4002 B.
1591 3949 1630 4004 A.
1650 3949 1688 4006 V.
1707 3979 1742 3990 -
1761 3967 1877 4021 praepo-

516 4025 664 4081 sitionibus
683 4038 714 4082 nt
733 4047 786 4084 con
803 4032 835 4084 P.
863 4034 899 4102 ¹⁹)
919 4049 1047 4104 nmquam
1064 4030 1096 4085 B.
1118 4063 1152 4072 -
1175 4049 1294 4106 unquam
1314 4035 1350 4090 V.
1369 4036 1407 4089 A.
1425 4038 1459 4096 P.
1485 4039 1520 4107 44)
1541 4037 1660 4091 retinent
1676 4036 1710 4090 B.
1729 4037 1767 4090 A.
1789 4036 1821 4092 V
1819 4074 1826 4088 ·
1845 4065 1880 4078 -·

517 4116 638 4172 retinent
663 4115 698 4169 de
722 4135 776 4190 qno
802 4125 908 4172 tanturn
931 4117 1069 4192 loquimur
1091 4119 1126 4176 P.
1156 4120 1191 4186 ⁵¹)
1217 4121 1261 4174 De
1279 4123 1473 4178 interiectione
1492 4125 1523 4178 Β.
1548 4125 1580 4178 P.
1598 4126 1636 4179 A.
1657 4124 1698 4196 (irs
1716 4144 1805 4198 marg.
1825 4125 1876 4178 litt.

517 4204 634 4274 minist.)
653 4235 688 4249 -
706 4204 749 4257 Dc
768 4205 1009 4261 interiectionibus
1030 4206 1067 4260 V.
1087 4207 1125 4280 44)
1144 4217 1209 4260 sont
1226 4209 1259 4262 Β.
1278 4211 1316 4264 A.
1335 4211 1367 4264 P.
1386 4234 1421 4262 =
1441 4213 1477 4268 V.
1498 4214 1536 4284 44)
1554 4209 1760 4284 monosyllabae
1778 4211 1880 4264 inerim

516 4291 549 4346 Β.
568 4291 600 4346 Ρ.
621 4289 658 4345 V.
676 4321 712 4331 —
738 4285 1025 4366 monosillabe'longe
1049 4293 1151 4348 luerint
1168 4297 1205 4350 A.
1234 4297 1269 4366 44)
1289 4293 1343 4350 heu
1360 4299 1394 4352 Β.
1413 4300 1449 4352 A.
1471 4299 1506 4356 V.
1527 4331 1561 4342 —-
1579 4295 1633 4352 heu
1650 4317 1683 4352 se
1701 4302 1734 4355 P.
1764 4301 1803 4372 44)
1821 4300 1879 4354 lue·

516 4379 573 4442 rint
589 4377 622 4430 Β.
641 4379 672 4431 P.
691 4403 727 4428 =
746 4380 782 4434 V.
801 4378 837 4435 A.
865 4381 901 4452 44)
922 4382 1050 4454 quoniam
1070 4385 1102 4437 B.
1122 4385 1152 4438 P.
1171 4415 1207 4429 -
1226 4404 1339 4458 quatum
1358 4387 1395 4444 V.
1414 4387 1452 4442 A.
1478 4389 1513 4459 44)
1538 4387 1659 4459 speciem
1677 4389 1711 4443 Β.
1728 4389 1767 4442 A.
1787 4389 1820 4444 V
1819 4426 1826 4440 ·
1847 4418 1879 4430 -

515 4465 638 4538 speciem
655 4466 708 4517 istn
727 4468 759 4520 P.
781 4468 818 4539 44)
837 4469 956 4541 partium
975 4470 1107 4524 orationis
1127 4471 1249 4526 retinent
1266 4475 1298 4527 Β.
1319 4505 1350 4516 -
1370 4475 1491 4548 partiunt
1509 4475 1630 4529 retinent
1647 4475 1781 4528 emtionis
1797 4475 1831 4528 P.
1845 4505 1879 4515 -

515 4555 635 4608 retinent
653 4554 772 4626 partium
791 4555 922 4609 otstiouis
942 4556 978 4612 V.
997 4555 1033 4610 A.
1054 4559 1089 4630 ⁵⁹)
1109 4555 1273 4614 iudicandae
1292 4563 1324 4616 Β.
1343 4564 1375 4617 P.
1395 4595 1430 4604 —
1449 4551 1645 4616 esistimandae
1665 4563 1701 4619 V.
1719 4563 1756 4617 A.
1776 4563 1814 4634 44)
1833 4581 1879 4634 pa·

515 4660 566 4716 pse
584 4643 617 4696 B.
648 4641 683 4698 V.
710 4674 740 4684 -
771 4661 844 4716 pape
861 4646 898 4698 A.
916 4646 948 4699 Ρ.
978 4647 1015 4717 44)
1035 4655 1101 4700 sunt
1117 4648 1149 4701 Β.
1168 4649 1205 4702 A.
1225 4650 1257 4703 P.
1277 4673 1313 4699 =
1332 4651 1369 4707 V.
1396 4653 1433 4721 ⁸²)
1454 4647 1634 4724 diphthongis
1654 4651 1690 4708 V.
1709 4649 1740 4706 P.
1760 4683 1797 4692 -
1815 4647 1878 4720 dip-

516 4729 627 4802 thongis
646 4731 678 4783 Β.
697 4764 733 4774 -
752 4729 949 4814 diptongisuA.
969 4735 1005 4806 44)
1024 4743 1121 4806 patent
1139 4737 1170 4790 Β.
1189 4738 1221 4790 Ρ.
1241 4769 1275 4779 -
1293 4748 1390 4811 patent
1407 4747 1439 4793 nt
1457 4758 1522 4794 evax
1541 4737 1594 4792 heu
1614 4739 1650 4797 V.
1669 4737 1709 4796 A.
1734 4739 1772 4809 44)
1792 4737 1878 4811 expli·

516 4821 555 4873 cit
572 4815 692 4872 feliciter
710 4821 743 4874 Β.
762 4842 798 4871 =
818 4821 853 4875 V.
872 4822 908 4874 A.
928 4823 959 4875 P.

462 4963 492 5031 s)
510 4961 767 5032 praepositionibus.
788 4959 965 5032 Superiorib.
985 4961 1038 5033 gt:
1059 4977 1089 5018 tst
1106 4983 1181 5020 coss.
1201 4967 1228 5037 b)
1248 4973 1374 5023 retinent.
1394 4965 1569 5039 superscrib.
1589 4963 1625 5020 ah
1643 4963 1705 5021 esd.
1723 4982 1761 5020 sn.
1779 4966 1878 5039 dequo

515 5061 623 5102 tautum
648 5051 794 5120 loquimur.
821 5047 846 5120 e)
872 5051 935 5106 hess.
962 5049 1137 5122 Supersorih.
1157 5051 1207 5125 gt:
1228 5075 1285 5110 use.
1313 5057 1343 5130 d)
1366 5062 1488 5129 speeiem.
1508 5051 1684 5128 superscrih.
1706 5049 1740 5106 sb
1761 5051 1821 5108 sstl.
1840 5071 1876 5106 sn.

515 5151 570 5188 sem
