4042 6070
382 568 535 626 lllCllll'l'l
554 569 817 628 FRAGMENTUM
834 568 887 628 DE
905 570 1052 630 uorem
1071 571 1120 627 ΕΤ
1140 571 1372 630 ruouottttttt.
1545 574 1611 642 129

149 719 218 782 uiui
240 718 390 802 generis,
414 737 528 804 neque
552 719 667 783 neutri
688 722 831 785 nomina
851 721 981 806 placuit
1004 723 1072 784 boo
1091 721 1196 785 modo
1221 721 1392 784 enuntiari
1408 737 1472 805 per
1485 719 1611 804 geniti-

149 842 224 886 vum
240 818 423 906 pluralem,
446 841 486 886 ac
499 823 652 886 maxime
668 836 807 896 neutra,
830 841 874 886 ne
892 837 925 886 et
939 824 996 888 hic
1013 823 1102 886 fierit
1115 825 1325 904 scriperem
1340 825 1383 904 ²')
1406 821 1613 884 nominativi

149 923 343 1006 singularis,
367 935 402 985 et
420 935 533 988 essent
556 924 626 987 iam
643 943 715 988 non
736 925 889 1009 triptota,
906 924 1181 1004 redemptarum
1198 919 1313 1006 ²³),·ut
1326 935 1410 1009 puta
1424 945 1489 1008 pro
1513 935 1613 986 tem-

148 1025 334 1110 plorum,
358 1025 700 1110 templum,quod
724 1027 829 1109 est²⁸)
848 1027 1065 1102 nominativi,
1089 1039 1124 1090 et
1136 1026 1334 1101 accusativi,
1358 1037 1392 1087 et
1409 1025 1569 1090 vocativi.

231 1133 261 1190 5.
286 1125 373 1192 Item
387 1127 566 1211 utriusque
590 1128 809 1212 supradictae
826 1128 1067 1192 declinationis
1083 1128 1217 1190 dativus
1235 1139 1269 1189 et
1284 1125 1451 1190 ablativus
1470 1123 1613 1210 pluralis

150 1227 210 1292 ·ls·
225 1226 357 1307 syllaba
371 1228 586 1305 terminatur,
603 1231 770 1316 exceptis,
783 1251 871 1314 quae
887 1227 1122 1314 ambiguitatis
1136 1249 1236 1292 causa
1254 1226 1512 1302 discernendae,
1529 1243 1614 1288 con-

150 1330 385 1394 trarationem
398 1343 538 1415 recepta
556 1345 647 1411 suut,
672 1331 861 1407 filiabus,
885 1331 1051 1408 deabus,
1075 1331 1274 1416 equabus,
1298 1326 1507 1402 mulabus,
1531 1326 1614 1388 item

151 1431 362 1507 ambabus,
385 1430 564 1506 duabus,
588 1434 723 1509 domo,
746 1434 983 1510 domorum,
1001 1433 1207 1497 domibus.
1230 1432 1339 1515 quue
1354 1429 1488 1513 antiqui
1504 1447 1615 1512 paene

149 1533 180 1598 iu
198 1532 363 1596 omuibus
377 1530 560 1609 faciebant,
578 1555 666 1618 quae
682 1534 745 1600 sub
761 1535 880 1599 eadem
896 1535 1059 1600 finalitate
1070 1537 1107 1598 iu
1122 1547 1272 1620 utroque
1285 1552 1411 1618 genere
1426 1550 1520 1593 nune
1533 1547 1616 1614 pro·-

153 1634 316 1712 feruntur,
338 1647 377 1698 ut
392 1648 475 1720 puta
489 1638 649 1720 magni,
673 1638 857 1720 maguis,
882 1650 915 1701 et
939 1657 1132 1722 maguae,
1156 1635 1339 1719 magnis,
1363 1632 1522 1719 pudici,
1545 1651 1617 1717 pu·

152 1737 281 1813 dicis,
317 1748 350 1799 et
379 1738 584 1822 pudicae,
615 1739 810 1823 pudicis,
842 1738 1014 1818 liberti,
1043 1738 1241 1812 libertis,
1273 1749 1308 1800 et
1337 1735 1542 1810 libertae,
1565 1733 1616 1796 l·i-

152 1835 292 1903 bertis.
316 1837 411 1902 Haeo
426 1840 571 1925 antiqui,
596 1840 641 1904 ob
656 1841 923 1904 discernendum
941 1861 1079 1917 sexum,
1110 1842 1146 1903 in
1168 1839 1342 1904 femininis
1359 1836 1616 1922 magnabus,

153 1939 399 2024 pudicabus,
422 1939 669 2006 libertabus
687 1942 859 2020 dicebant,
875 1941 993 2006 *seda
1007 1943 1155 2027 posteris
1173 1941 1233 2004 illa
1246 1952 1391 2016 tantum,
1409 1960 1496 2023 quae
1515 1959 1617 2024 supe·
1628 1954 1652 2000 r.
1665 1969 1728 2002 ιιι,

153 2043 218 2104 rius
237 2043 404 2118 diximus,
428 2043 463 2105 iu
478 2063 544 2106 usu
557 2057 691 2108 retenta
703 2057 798 2121 sunt,
821 2055 967 2130 propter
986 2045 1070 2108 iuris
1084 2044 1340 2118 necessitatem,
1365 2041 1460 2126 quod
1477 2059 1616 2104 omnem

152 2143 410 2227 ambiguitatem
425 2143 559 2208 auferre
573 2146 684 2210 voluit
702 2169 746 2210 ex
764 2146 976 2210 testamentis
991 2158 1095 2230 atque
1108 2145 1231 2229 legatis
1246 2146 1288 2227 ⁸).

232 2247 263 2312 6.
288 2245 426 2308 Tertiae
446 2246 687 2312 declinationis
711 2247 879 2313 ablativus
894 2248 1078 2332 singularis
1103 2260 1162 2310 aut
1175 2247 1243 2324 ·E·,
1267 2258 1327 2309 aut
1343 2245 1380 2309 ·1·
1402 2244 1616 2308 terminatur.

154 2345 198 2423 ·l·,
220 2348 250 2410 si
270 2347 374 2410 fuerit
393 2349 607 2426 terminatus,
632 2350 748 2414 addita
772 2351 866 2414 ·UM·
891 2349 1032 2432 syllaba,
1056 2349 1137 2414 facit
1157 2349 1351 2433 genitivum
1370 2345 1558 2432 pluralem,
1581 2358 1620 2409 ut

153 2447 197 2510 ab
219 2451 302 2513 boo
325 2449 471 2526 facili,
495 2453 643 2514 horum
665 2451 876 2528 facilium,
900 2453 1022 2528 forti,
1047 2451 1234 2514 fortium.
1267 2449 1318 2512 ·E·
1338 2469 1422 2512 vero
1444 2448 1541 2510 finito
1559 2467 1619 2510 eo·

155 2549 228 2615 dem
253 2569 355 2626 casu,
378 2552 484 2616 modo
510 2552 560 2616 ·E·
586 2551 701 2616 littera
717 2543 760 2634 ²⁵)
783 2555 819 2616 iu
840 2553 933 2616 ·UM·
954 2573 1122 2617 conversa
1142 2553 1200 2614 fiet
1214 2551 1385 2635 genitivus
1404 2548 1559 2636 pluralis,
1583 2561 1621 2610 ut

155 2650 201 2714 ab
223 2654 304 2716 hoc
327 2654 515 2730 homine,
540 2654 689 2717 horum
712 2656 952 2732 homiuum3
975 2655 1082 2720 modo
1104 2655 1141 2716 in
1165 2653 1202 2715 ·1·
1226 2664 1438 2717 commutata
1457 2663 1491 2715 et
1506 2647 1622 2714 addita

156 2753 264 2830 ·UM·,
294 2767 333 2818 ut
362 2753 410 2820 ab
440 2757 520 2820 boc
552 2757 682 2834 colle,
711 2758 858 2822 borum
884 2756 1082 2833 collium,
1114 2755 1162 2819 ab
1183 2758 1262 2818 hoo
1285 2767 1446 2831 monte,
1469 2755 1621 2815 horum

153 2858 373 2921 montium.
397 2856 547 2938 Quando
572 2870 687 2922 tamen
712 2859 780 2934 ·E·,
805 2858 944 2944 quando
967 2857 1004 2920 ·1·
1028 2858 1249 2932 terminetur,
1279 2854 1553 2936 technici⁵)vix
1569 2853 1622 2916 di-

154 2958 358 3033 stinxerunt,
374 2959 524 3044 ideoque
539 2973 579 3024 ut
594 2953 635 3044 ²⁶)
650 2981 696 3024 ex
709 2960 848 3024 illorum
859 2960 1044 3025 traditione
1064 2959 1235 3043 collegere
1251 2960 1294 3041 ¹⁷)
1308 2959 1420 3044 potui,
1439 2976 1541 3041 quam
1556 2973 1622 3040 po·

157 3068 226 3122 tero
241 3061 363 3144 paucis
384 3081 570 3147 exponam.

236 3165 266 3226 7.
289 3161 422 3226 Neutra
447 3165 582 3241 omnia,
607 3185 695 3251 quae
716 3166 931 3230 nominativo
953 3165 1121 3250 singulari
1142 3165 1192 3227 ·n·
1216 3162 1342 3226 fuerim
1360 3161 1560 3236 terminata,
1588 3172 1623 3223 et

138 3261 302 3341 ,ablativo
325 3265 492 3350 singulari
511 3267 562 3332 Ἐ·
577 3267 692 3331 littera
708 3269 886 3343 finiuntur,
898 3268 1092 3352 cademque
1109 3267 1146 3330 iu
1168 3264 1262 3338 ·UM·
1282 3262 1447 3346 syllabam
1464 3283 1622 3327 commu·

156 3375 222 3426 tata
245 3365 375 3430 facient
398 3369 590 3450 genitivum
608 3367 800 3453 pluralem,
830 3383 870 3433 ut
898 3389 1068 3455 poema,
1104 3379 1321 3453 poemate,
1354 3378 1620 3451 poematum

154 3465 373 3543 emblema,
403 3468 675 3545 emblemate,
706 3469 1025 3546 emblematum3
1056 3470 1240 3556 plasma,
1272 3468 1501 3554 plasmate,
1531 3466 1622 3550 pla·

154 3579 343 3632 amatum.
366 3569 411 3631 Et
430 3584 509 3633 sunt
526 3573 645 3635 omnia
660 3573 859 3637 huiusmodi
872 3592 1013 3656 graeca,
1037 3571 1133 3634 nullo
1148 3572 1216 3636 alio
1230 3589 1356 3653 genere
1377 3567 1520 3636 subhac
1537 3567 1621 3628 fiua-

152 3665 247 3730 litate
267 3671 304 3732 in
326 3671 463 3736 tertiam
480 3675 680 3737 venientem
704 3675 973 3739 declinationem
999 3674 1042 3754 ⁶).
1081 3673 1152 3756 Qui
1174 3684 1287 3736 autem
1310 3681 1620 3756 poematorum,

154 3770 519 3851 emblematorum,
543 3776 852 3860 plasmatorem
877 3776 1153 3849 declinaverunt,
1182 3775 1307 3836 vitiose
1324 3785 1357 3835 et
1375 3784 1496 3834 contra
1516 3771 1621 3833 ratio-

149 3873 358 3938 nemlocuti
378 3889 473 3953 suut,
497 3897 563 3940 nec
579 3891 630 3942 est
644 3899 764 3942 eorum
785 3878 971 3942 auctoritas
986 3875 1217 3951 admittenda,
1241 3876 1323 3938 licet
1340 3875 1457 3958 magui
1474 3873 1542 3936 sint
1559 3891 1622 3938 uo-

152 3974 257 4040 miuis
275 3973 319 4058 ²).
1502 3967 1505 3974 ’

237 4079 270 4142 8.
295 4077 381 4141 ltem
397 4081 515 4144 omnia
534 4082 650 4145 neutri
666 4083 803 4164 generis
824 4081 874 4145 ·E·
894 4081 1087 4156 terminata,
1112 4092 1146 4143 et
1160 4077 1310 4144 ablativo
1330 4078 1497 4161 singulari
1514 4077 1550 4138 ·l·
1565 4076 1623 4139 lit·

151 4187 226 4242 tera
249 4178 424 4258 finientur,
449 4194 483 4246 et
502 4183 620 4247 addita
643 4183 736 4246 ·UM·
755 4183 886 4266 syllaba
903 4183 1030 4248 facient
1051 4184 1242 4266 genitivum
1265 4179 1451 4266 pluralem,
1481 4190 1520 4241 ut
1542 4196 1624 4240 mo-

148 4279 257 4356 uile,
295 4282 464 4360 monili,
502 4284 742 4359 monilium;
781 4284 933 4362 sedile,
969 4284 1113 4362 sedili,
1148 4282 1369 4359 sedilium3
1403 4269 1623 4366 praesepe,

146 4383 374 4467 praesepi,
397 4388 679 4473 praesepium.

191 4615 231 4679 ²¹)
255 4611 333 4666 fieret
352 4613 535 4686 cuss'perrocre
551 4647 585 4658 —
602 4635 768 4688 euspnruett
789 4619 856 4671 Ced.
878 4618 914 4688 ιι)
932 4615 1116 4696 τιτράπτωια
1137 4617 1203 4670 cod.
1224 4634 1257 4666 ea
1272 4633 1321 4665 em.
1340 4633 1381 4690 pr.
1402 4631 1455 4672 ne,
1475 4629 1548 4682 quae
1568 4616 1625 4680 prt-

259 4717 333 4752 mum
353 4719 530 4781 respuerem
548 4711 701 4774 scripserat.
723 4707 759 4774 ι4)
774 4702 849 4776 quod
868 4713 962 4757 est-
980 4702 1057 4776 quod
1075 4729 1118 4745 -·
1142 4705 1207 4756 Cod.
1227 4707 1266 4754 ita
1284 4694 1317 4756 ra*
1339 4707 1381 4749 est
1393 4711 1460 4750 nota
1473 4699 1627 4752 Tironiana

260 4803 423 4854 expressum.
446 4791 509 4844 Vid.
529 4793 609 4862 Kopp
629 4793 750 4844 Leeicon
770 4793 951 4845 Tironianum
968 4813 996 4863 p.
1017 4797 1079 4852 tlt.
1100 4791 1135 4864 ¹⁵)
1155 4789 1245 4843 littera
1264 4817 1299 4825 —
1317 4783 1436 4837 litteram
1457 4786 1525 4838 eod.
1546 4784 1627 4854 ”lul
1708 4833 1710 4840 ,

258 4903 297 4915 ·-
314 4883 345 4926 ut
363 4875 439 4946 quod
470 4879 535 4930 eod.
554 4877 593 4950 τῷ
611 4876 686 4951 quod
703 4885 811 4948 punctis
830 4881 952 4951 undique
971 4883 1101 4949 impositis
1115 4877 1275 4949 improbate.
1297 4875 1332 4943 ¹⁷)
1349 4870 1483 4944 collegere
1501 4878 1541 4927 ita
1557 4871 1625 4928 oea.

184 4967 222 5036 a)
257 4963 314 5017 cfr.
335 4964 442 5020 Charis.
463 4973 505 5027 39.
526 4969 556 5022 P.
576 4971 805 5041 Pomptinam.
826 4971 856 5022 L.
878 4972 907 5042 b)
927 4969 1082 5023 Technicos
1102 4967 1186 5029 dicit,
1206 4967 1253 5038 qui
1271 4963 1337 5016 alias
1355 4962 1510 5037 Artigrsphi
1530 4963 1626 5037 appel-

260 5049 358 5105 lentur.
382 5062 407 5124 ο)
432 5044 547 5128 graeca,
567 5061 644 5112 nullo
662 5089 698 5100 -
722 5064 871 5114 venientem
889 5058 1106 5111 declinationem.
1122 5056 1215 5109 Locus
1239 5061 1402 5124 corruptus,
1428 5052 1543 5106 forsitan
1561 5061 1628 5124 post

260 5159 363 5211 graeca
381 5143 477 5196 maiori
496 5143 677 5206 distinctione
696 5143 957 5217 interpungendum,
976 5141 1125 5216 etreliqua
1143 5144 1184 5196 sie
1201 5139 1333 5212 legenda:
1352 5139 1442 5196 Nulla
1457 5144 1514 5196 alio
1530 5158 1629 5212 genere

258 5229 309 5282 sub
324 5231 378 5284 dae
386 5230 534 5303 finalitate
554 5238 583 5286 in
602 5237 710 5290 tertiam
729 5239 835 5288 venient
854 5235 1072 5290 declinationem.
1092 5233 1125 5302 d)
1146 5227 1211 5284 vid.
1232 5225 1338 5284 Charis.
1359 5231 1420 5286 tlt.
1441 5229 1470 5280 P·

1415 5301 1433 5366 9
1533 5321 1542 5350 ι
