4022 6068
414 501 478 572 raa
643 495 798 554 mensu
821 491 1085 553 masuerum
1107 491 1159 548 nr
1176 489 1325 550 nemun
1343 489 1394 546 rr
1409 489 1645 549 raouomnn.

320 635 323 642 ’
410 645 516 710 hulta.
540 641 671 709 Rursus
694 643 870 709 finitorum
892 643 960 708 alia
982 657 1063 708 sunt
1083 641 1303 729 principalia,
1326 640 1394 704 alia
1417 641 1616 706 derivativa.
1644 639 1760 708 Finita
1781 645 1878 731 prin-

412 749 538 833 cipalia
559 749 640 812 tria:
665 767 759 830 ego,
783 759 842 823 tu,
866 746 951 811 ille.
975 744 1090 808 Finita
1113 745 1302 810 derivativa
1324 743 1368 807 V.
1391 741 1547 807 Numero
1562 741 1730 829 singulari
1752 765 1876 824 meus,

409 861 521 928 tuus,
544 867 656 925 suns3
679 867 825 914 numero
844 851 886 934 ¹¹)
909 847 1036 936 plurali
1058 860 1215 925 noster,
1238 857 1390 924 vester,
1413 847 1610 930 horumque
1633 847 1877 914 iemiuinasoi-

286 985 293 1000 ·
408 951 490 1016 licet
512 966 546 1015 et
567 964 702 1015 neutra.

492 1059 544 1118 50.
575 1053 693 1117 Minus
723 1071 829 1136 quam
859 1053 955 1116 finita
983 1052 1044 1117 v1.
1077 1052 1175 1129 iste,
1206 1052 1314 1136 ipse,
1338 1051 1425 1129 hic,
1454 1051 1505 1126 is,
1528 1049 1656 1126 idem,
1688 1053 1771 1128 sui3
1793 1053 1875 1115 item

407 1175 485 1218 cum
517 1157 587 1220 suis
617 1154 792 1218 femininis
821 1166 855 1218 ct
882 1139 1034 1230 neutris,
1064 1175 1109 1218 ex
1138 1153 1264 1239 quibus
1294 1151 1403 1215 idem
1436 1163 1470 1216 et
1501 1152 1683 1216 masculini
1706 1165 1740 1216 et
1762 1156 1875 1218 neutri

404 1259 542 1340 generis
573 1270 641 1334 est,
673 1255 733 1320 sed
761 1257 797 1318 in
828 1257 1019 1321 masculino
1052 1255 1089 1318 ·1·
1120 1255 1340 1341 producitur,
1370 1253 1407 1316 in
1429 1267 1554 1318 neutro
1578 1255 1775 1340 corripitur.
1801 1255 1874 1319 Sui

407 1377 505 1420 casus
528 1358 631 1422 hahet
653 1358 739 1423 llll:
756 1370 907 1422 tantuma
936 1359 1147 1443 genitivum,
1181 1356 1355 1432 dativum,
1390 1357 1641 1433 accusativum,
1670 1355 1874 1433 ablativum;

405 1461 597 1544 genitivum
628 1462 709 1536 sui,
738 1459 892 1524 dativum
924 1460 1025 1537 sibi,
1056 1460 1291 1524 accusativum
1319 1478 1379 1536 se,
1410 1457 1599 1522 ablativum
1626 1478 1646 1521 a
1669 1477 1729 1533 ιο,
1760 1472 1796 1523 et
1825 1471 1874 1522 est

406 1563 520 1624 omnis
542 1563 700 1647 generis,
723 1564 860 1627 numeri
882 1563 1073 1647 utriusque.

409 1709 412 1718 -
489 1667 541 1728 51.
565 1664 704 1728 lulinita
726 1665 804 1729 vll.
829 1665 944 1748 quis,
969 1664 1122 1748 qualis,
1146 1662 1264 1739 talis,
1286 1673 1487 1747 quantus,
1515 1673 1674 1737 tantus,
1698 1675 1870 1747 quotus,

404 1774 538 1841 totus,
563 1785 643 1829 cum
665 1767 735 1829 suis
757 1764 920 1830 videlicet
941 1757 978 1846 Ι’)
1001 1765 1177 1829 femininis
1200 1778 1235 1829 et
1255 1764 1398 1826 neutris.

490 1864 553 1929 His
575 1867 707 1931 addunt
729 1868 870 1952 quidam
894 1881 998 1952 quot
1020 1881 1055 1932 et
1076 1879 1160 1942 tot,
1185 1887 1230 1929 ex
1252 1865 1378 1951 quibus
1401 1875 1557 1949 quotus
1579 1877 1614 1928 et
1636 1877 1756 1928 totus
1785 1865 1872 1930 iacta

403 1979 500 2042 sunt,
532 1969 621 2032 sicut
648 1990 668 2032 a
699 1970 794 2054 quis
818 1971 951 2046 cuias,
980 1981 1014 2032 et
1041 1981 1231 2033 anoster
1259 1979 1448 2042 nostras,
1479 1987 1498 2028 a
1521 1980 1668 2031 vester
1690 1981 1870 2044 vestras,

402 2069 583 2145 cuiatis,
614 2073 837 2148 nostratis,
859 2073 1077 2148 vestratis,
1101 2093 1190 2156 quae
1215 2068 1342 2135 Graeci
1362 2063 1403 2151 ”)
1432 2072 1587 2146 ressais,
1617 2071 1781 2152 iprenses,
1804 2075 1870 2152 ops·

400 2173 496 2233 duxds·
519 2170 649 2236 dicuni.

419 2263 424 2270 ’
486 2275 538 2338 52.
563 2273 662 2356 Quae
686 2295 731 2338 cx
751 2276 1031 2359 pronominibus
1043 2295 1161 2340 casum
1177 2276 1375 2340 vocativum
1389 2275 1584 2360 recipiunt?
1605 2272 1758 2336 Finitum
1775 2274 1872 2358 prin-

401 2374 513 2458 cipale
536 2375 708 2440 secundae
723 2397 894 2461 personae
907 2379 1049 2452 merito;
1072 2377 1116 2442 ad
1138 2380 1228 2441 hanc
1243 2378 1335 2442 enim
1353 2399 1373 2440 a
1393 2379 1508 2462 prima
1525 2375 1686 2458 dirigitur
1706 2367 1743 2456 ¹⁵)
1758 2395 1872 2438 sermo

398 2475 576 2560 proiectus
600 2476 681 2552 Tu;
703 2488 742 2539 ut
762 2513 805 2524 —-
828 2478 888 2541 Tu
911 2496 1081 2562 quoque
1103 2478 1312 2543 litoribus
1335 2481 1502 2553 nostris,
1526 2477 1689 2540 Aeneia
1712 2478 1870 2552 nutrix,

399 2589 618 2640 aeternam
642 2579 826 2642 moriens
850 2579 999 2642 lamam
1024 2579 1169 2646 Caieta
1192 2580 1355 2645 dedisti
1375 2575 1471 2664 ἠ)·).
1501 2581 1586 2643 ltem
1610 2577 1707 2640 finita
1730 2579 1869 2658 deriva-

398 2675 471 2739 tiva
494 2697 514 2740 a
534 2678 649 2762 prima
675 2699 826 2762 persona
852 2681 1046 2757 venientia,
1077 2702 1168 2766 quae
1197 2682 1354 2766 quamvis
1377 2683 1529 2768 aprima
1556 2679 1792 2754 deducantur,
1815 2701 1873 2742 se-

399 2777 532 2840 cundae
557 2790 672 2841 tamen
695 2779 853 2845 obtinent
875 2781 1004 2859 locum,
1027 2795 1065 2844 ut
1087 2783 1130 2846 ad
1153 2804 1209 2846 eas
1228 2785 1267 2866 17)
1295 2803 1435 2867 quoque
1458 2784 1530 2845 iure
1553 2799 1666 2843 sermo
1688 2780 1873 2866 proiectus

398 2878 569 2962 dirigatur
595 2875 634 2964 ¹⁸)
664 2901 685 2943 a
711 2884 834 2968 prima.
870 2883 960 2946 Nam
984 2885 1021 2946 in
1043 2885 1107 2960 his,
1133 2905 1220 2968 quae
1244 2905 1290 2946 ex
1307 2883 1462 2948 'secunda
1489 2893 1677 2956 nascuntur
1701 2883 1768 2963 Ψ).
1793 2929 1802 2945 .
1826 2929 1835 2945 .
1862 2929 1870 2946 .

397 2980 506 3044 dehis
523 2982 775 3046 sermononad
790 2991 845 3047 eas
869 2983 1031 3068 dirigitur
1045 2987 1096 3067 ¹⁶).
1122 2983 1226 3050 Omi
1240 2986 1296 3049 vel
1319 3005 1341 3049 o
1363 3005 1495 3061 meus,
1519 3005 1540 3048 o
1564 3004 1667 3059 mea,
1691 3002 1870 3057 omeum,

396 3102 418 3146 o
440 3097 607 3158 noster,
635 3103 656 3146 o
683 3096 849 3161 nostra,
876 3105 898 3150 c
929 3099 1146 3152 ιιιιειιιιιιι.ι
1174 3087 1356 3152 Terentius
1382 3091 1424 3171 ¹¹)
1444 3121 1488 3136 -
1507 3087 1562 3148 mi
1586 3081 1868 3168 pampinat),

396 3186 452 3246 mi
485 3185 696 3260 Phaedria
722 3188 765 3269 ²²)
787 3189 829 3269 ⁶).
852 3223 897 3240 -
933 3187 1109 3271 Vergilius
1145 3225 1190 3242 -
1220 3189 1375 3254 Proice
1414 3188 1495 3252 tela
1531 3206 1653 3250 manu
1692 3185 1869 3267 sanguis

395 3304 509 3348 meus
525 3285 568 3371 ³).
582 3323 624 3334 -
638 3288 879 3352 Terentius-
893 3309 979 3354 mea
994 3289 1235 3370 Glycerium
1252 3283 1293 3374 ²³)
1308 3292 1422 3376 inquit
1440 3289 1484 3372 ²⁶)
1498 3309 1577 3352 cur
1599 3301 1637 3350 te
1660 3287 1698 3350 is
1720 3287 1868 3370 perdi-

395 3389 539 3468 tum‘).
555 3423 600 3438 -
621 3389 706 3452 Item
730 3389 814 3454 alibi
835 3425 880 3442 ·-
901 3391 1027 3456 Thais
1051 3412 1149 3468 mea,
1172 3413 1306 3458 meum
1329 3394 1522 3458 suavium
1538 3385 1866 3473 ²⁵)s)-.-altbi-o

394 3501 545 3552 noster
567 3489 807 3571 Chremes).
823 3527 868 3542 -

479 3594 530 3656 53.
563 3591 698 3674 Quare,
731 3613 810 3658 cum
841 3593 933 3673 ille,
965 3593 1057 3673 illa,
1088 3595 1197 3660 illud
1220 3607 1254 3660 et
1276 3595 1373 3674 iste,
1397 3597 1495 3672 ista,
1523 3594 1638 3660 istud
1659 3605 1782 3658 neutra
1804 3611 1867 3656 sua

394 3710 458 3774 per
480 3691 535 3754 ·D·
565 3693 715 3758 litteram
748 3693 893 3771 iaciant,
916 3699 1024 3782 ipse,
1048 3697 1157 3780 ipsa,
1181 3699 1336 3782 ipsum,
1364 3719 1435 3762 nou
1456 3719 1522 3785 per
1543 3698 1611 3774 ·D·,
1635 3695 1697 3760 sed
1717 3715 1782 3780 per
1805 3693 1867 3755 Μ·

394 3790 544 3856 litteram
568 3794 680 3890 iaciat.
715 3795 809 3879 Quia
823 3799 917 3884 apud
937 3800 1100 3882 antiquos
1116 3794 1159 3880 ²⁶)
1181 3800 1383 3865 nouaclum
1407 3802 1511 3887 ipse,
1535 3798 1721 3863 sedetiam
1745 3798 1868 3881 ipsus

430 4063 465 4135 ”)
480 4079 592 4118 numero
601 4067 672 4131 -,Δ
686 4084 797 4120 neurerc
810 4067 876 4120 ch.
887 4059 920 4123 τὶ
929 4089 946 4122 a
964 4090 1026 4123 vero
1040 4085 1144 4144 puncto
1153 4076 1280 4144 imposito
1289 4074 1468 4142 improbatur.
1489 4075 1524 4144 ¹³)
1541 4067 1721 4122 videlicet-
1735 4065 1868 4120 vidilicet

501 4152 568 4205 cort.
581 4155 614 4226 ”)
629 4153 853 4225 Graeci-greci
875 4155 941 4209 Cori.
963 4159 998 4230 ¹⁵)
1008 4155 1319 4230 dirigitur-diregitur
1330 4161 1397 4213 coa.
1414 4151 1449 4232 ¹⁶)
1459 4159 1701 4211 Aeneianntrix-
1717 4153 1869 4206 dedisti-

496 4239 527 4292 in
552 4257 583 4292 ea
608 4243 700 4294 nutrix
727 4239 830 4295 de'disti
849 4260 872 4296 a.
892 4259 928 4296 us.
948 4243 966 4296 i.
987 4261 1012 4298 e.
1032 4243 1136 4300 dedisti
1157 4249 1225 4301 Ceri.
1254 4247 1288 4316 ¹⁷)
1307 4265 1362 4316 eas,
1381 4253 1421 4303 ita
1443 4247 1509 4302 Cori.
1531 4249 1566 4317 ”)
1587 4243 1775 4315 dirigatur-
1793 4239 1867 4294 diri-

497 4335 543 4380 tur
562 4329 624 4401 (aie)
645 4331 711 4384 eod.
730 4333 764 4402 ¹⁰)
785 4333 866 4403 Quas
879 4331 1024 4401 posthanc
1042 4352 1133 4388 ocrem
1149 4348 1299 4408 sequuntur
1311 4337 1381 4389 adeo
1400 4337 1527 4396 evanida,
1546 4347 1576 4388 ut
1594 4335 1711 4402 amplius
1729 4334 1786 4402 legi
1805 4349 1867 4383 acra

495 4419 616 4488 possint,
635 4435 668 4472 ea
686 4423 805 4488 spatium
823 4433 885 4472 ecte
904 4422 1060 4474 valueram
1078 4424 1221 4478 literarum
1238 4425 1355 4492 explent.
1383 4424 1419 4495 ¹⁰)
1438 4419 1619 4492 dirigitur-
1637 4417 1772 4490 diregitur
1792 4419 1864 4472 Ged-

497 4508 535 4576 ¹¹)
554 4505 755 4559 Terentius-
774 4505 874 4560 terenti
903 4507 969 4560 cod.
997 4510 1033 4579 ²⁸)
1052 4507 1186 4562 Phaedria
1203 4539 1239 4551 —
1264 4506 1352 4561 sedria
1378 4511 1445 4562 cod.
1472 4511 1509 4582 ²³)
1536 4505 1696 4578 Glycerium
1718 4537 1757 4548 -
1774 4504 1865 4558 clice-

495 4593 566 4645 rium
586 4595 655 4648 eod.
675 4595 712 4664 ⁸⁴)
732 4593 877 4666 iuquit-
894 4593 923 4645 in
942 4593 1009 4666 quid
1030 4597 1096 4650 cort.
1114 4611 1209 4651 natum
1235 4599 1342 4652 videtur
1361 4591 1393 4652 sd
1412 4593 1510 4670 inquid
1530 4617 1544 4648 e
1563 4593 1631 4666 quid
1649 4596 1715 4664 agis,
1735 4595 1825 4647 verbis
1847 4615 1866 4646 a

492 4681 598 4734 Nostro
617 4687 646 4736 itt
664 4686 749 4734 eltuto
769 4683 891 4735 Terentii
908 4685 969 4735 toro
986 4689 1196 4752 praetermissis,
1223 4687 1298 4757 qued
1318 4690 1401 4738 etiam
1425 4698 1491 4736 ncta
1518 4687 1661 4752 [fortassis
1685 4684 1864 4749 Tironiana)

493 4767 558 4822 huic
572 4775 632 4824 vcca'
644 4774 771 4841 imposita
786 4771 933 4827 tattow.
954 4772 991 4843 ³⁵)
1009 4787 1100 4824 meum
1117 4773 1242 4830 suavium
1257 4803 1295 4815 -·
1310 4790 1347 4826 m.
1366 4789 1389 4825 s.
1412 4772 1479 4828 ch.
1500 4773 1536 4843 ¹⁶)
1555 4773 1684 4844 antiquos
1702 4800 1737 4814 -
1747 4769 1864 4822 anticus

498 4855 567 4909 coa

432 4960 463 5030 a)
490 4957 645 5027 Vite-Aen·
664 4931 725 5013 Vll·
746 4968 787 5020 12
814 4965 843 5033 tt
862 4965 974 5017 Terent.
992 4962 1078 5020 Andr.
1097 4966 1119 5024 1.
1137 4967 1164 5029 s,
1184 4969 1228 5024 st.
1247 4966 1273 5036 a)
1292 4966 1405 5018 renus
1424 4961 1549 5016 nannai.
1568 4963 1590 5016 1.
1610 4969 1637 5024 2.
1658 4967 1700 5022 rs.
1726 4963 1759 5034 a)
1779 4961 1863 5032 virg.

495 5045 629 5188 pravi(-
647 5051 717 5192 8355
729 5050 755 5121 ε)
774 5051 886 5106 Terent.
906 5049 994 5109 hadr.
1011 5053 1034 5108 1.
1055 5059 1081 5118 l,
1100 5059 1160 5115 tot·
1175 5057 1211 5126 ll
1230 5052 1342 5109 Terent.
1360 5049 1487 5108 Eunuch.
1505 5051 1554 5106 ΠΙ.
1574 5057 1602 5116 2,
1619 5057 1663 5112 23.
1691 5053 1722 5123 ς)
1741 5049 1866 5104 Terent

523 5149 541 5186 u
576 5171 583 5186 .
629 5170 636 5186 .
655 5139 682 5196 2,
719 5173 726 5189 .
