4036 6068
398 515 503 601 aa
858 525 1413 580 rnonrrnsuruon.

292 663 389 772 '‘js-fl
487 673 560 736 487.
584 670 1090 738 ⁴'Declinatiollcrculia
1114 671 1488 757 Numerisingularie
1479 665 1537 752 '⁰:)
1562 663 1874 738 bicllerculeo,

400 771 523 836 buius
554 773 777 852 Herculis,
808 777 907 840 huic
937 775 1134 852 Herculi,
1166 778 1280 839 hunc
1312 773 1557 850 Herculem,
1589 788 1611 834 o
1643 767 1875 842 Hercules,

400 873 451 936 ab
474 875 553 940 boc
576 875 774 948 Hercule.

485 976 562 1042 Hoc
591 979 621 1042 si
650 999 834 1046 numerum
854 975 895 1060 ⁵¹)
923 981 1095 1067 pluralem
1124 980 1236 1046 facero
1259 989 1403 1064 cogetur
1417 967 1481 1061 ⁵'),
1512 975 1558 1042 ad
1581 975 1729 1040 tonnam
1750 991 1882 1057 supra·

399 1079 564 1166 scriptam
579 1071 620 1161 ⁵³)
645 1081 877 1146 declinabitur
891 1074 944 1166 ⁵²).

484 1183 558 1248 488.
589 1181 852 1254 Declinatio.
874 1185 1047 1252 Adonis.
1078 1184 1224 1249 Numeri
1253 1182 1454 1268 singularis:
1484 1181 1556 1244 bic
1584 1178 1725 1252 Adon,
1748 1175 1876 1238 huiua

397 1283 579 1358 Adonis,
604 1287 701 1349 hnic
721 1287 875 1364 Adoni,
897 1290 1011 1352 huuc
1034 1287 1247 1361 Adonem,
1272 1308 1293 1350 o
1315 1285 1463 1360 Adon,
1487 1281 1537 1347 ab
1560 1284 1638 1347 hoc
1659 1279 1820 1343 Adone.

485 1389 558 1454 489.
588 1387 841 1454 Declinatio
874 1391 1099 1455 incubonia
1123 1381 1177 1473 ⁵5³).
1206 1389 1351 1454 Numeri
1374 1385 1576 1471 singularis:
1600 1384 1670 1446 bic
1693 1378 1872 1455 incubo,

401 1489 529 1552 buius
552 1489 807 1568 incubouis,
831 1493 930 1558 huic
954 1475 1174 1568 incuboni,
1198 1493 1313 1555 huuc
1334 1488 1620 1560 incubonem,
1643 1505 1665 1548 o
1689 1480 1871 1558 incubo,

400 1589 451 1654 ab
473 1593 554 1656 boc
575 1592 808 1660 incubone.

485 1693 562 1757 Hoc
584 1695 612 1758 si
635 1715 818 1760 numerum
833 1691 874 1778 ⁵⁶)
898 1696 1067 1784 pluralem
1090 1696 1204 1760 iacere
1226 1709 1370 1781 cogetur
1383 1683 1426 1776 ε7)
1449 1693 1494 1758 ad
1516 1691 1664 1756 formam
1681 1677 1725 1773 ⁵⁸)
1748 1705 1873 1771 supra·
1919 1775 1925 1784 Ι

400 1796 564 1882 scriptam
588 1797 818 1864 declinabitur
839 1793 893 1882 59).

484 1901 559 1966 499.
595 1900 848 1966 Declinatio
878 1902 1003 1966 acuis.
1041 1900 1187 1964 Numeri
1217 1897 1420 1984 singularia:
1452 1898 1524 1961 bic
1552 1913 1705 1966 sonex,
1741 1890 1870 1954 buius

399 1993 589 2083 teuis⁰⁰),
613 2003 713 2067 huic
736 2003 841 2080 seni,
865 2005 979 2066 huuc
1001 2021 1160 2080 senem,
1184 2023 1206 2066 o
1228 2021 1378 2078 senex,
1409 1998 1457 2064 ab
1480 2000 1560 2063 boc
1583 2016 1700 2070 seue3
1731 1991 1872 2056 numeri

397 2101 558 2186 pluralis.
588 2105 629 2167 hi
652 2125 775 2170 senes
794 2096 856 2189 ⁶¹),
880 2108 1029 2169 borum
1051 2124 1193 2168 renum
1213 2097 1276 2188 ⁰¹),
1307 2103 1374 2166 hit
1396 2101 1593 2178 senibus,
1623 2101 1699 2164 bos
1721 2114 1870 2170 tenes,

397 2223 419 2267 ο
442 2224 584 2281 aeneo,
608 2205 658 2270 ab
682 2207 748 2272 bis
771 2206 958 2273 renibus.

481 2309 555 2374 491.
585 2308 837 2374 Declinatio
864 2309 1001 2374 bovis.
1030 2309 1176 2396 Numeri
1200 2307 1400 2393 singularia:
1431 2306 1501 2370 hic
1530 2318 1565 2370 et
1591 2292 1749 2380 baec⁰³)
1770 2298 1870 2373 boo,

395 2408 523 2472 huius
546 2407 684 2486 bovis,
716 2412 816 2475 huic
838 2411 959 2488 bovi,
983 2414 1094 2476 buno
1117 2424 1151 2475 et
1173 2400 1339 2492 bano⁰¹)
1362 2408 1530 2484 bovem,
1553 2427 1575 2470 o
1597 2404 1694 2480 boa,
1717 2401 1766 2467 ab
1788 2403 1873 2464 boc

396 2519 430 2572 et
451 2508 501 2572 ab
533 2503 669 2594 hac⁰⁸)
690 2510 797 2576 bove
828 2527 862 2578 et
892 2515 985 2590 boe;
1016 2515 1153 2577 numeri
1176 2512 1319 2600 pluralia
1339 2503 1400 2594 (Β)
1431 2510 1476 2574 1ιί
1499 2522 1534 2573 et
1554 2511 1630 2573 hae
1650 2497 1694 2587 ⁶⁷)
1717 2503 1870 2578 boves,

397 2610 543 2674 borum
577 2611 723 2688 boum,
754 2616 819 2680 bie
860 2629 893 2680 et
922 2608 1052 2698 hiem)
1080 2613 1217 2679 bobus
1241 2607 1304 2697 ⁶⁹),
1337 2615 1412 2678 boa
1441 2623 1476 2677 et
1503 2611 1639 2692 baa⁷⁰)
1670 2607 1821 2682 bovee,
1846 2625 1869 2667 o

396 2711 551 2788 boves,
574 2713 624 2776 ab
647 2715 691 2797 11)
712 2717 778 2778 his
801 2730 835 2780 et
858 2716 906 2780 ab
928 2718 993 2781 bis
1013 2721 1056 2799 71)
1078 2716 1210 2781 bobus
1230 2711 1284 2800 ⁷³).

483 2817 556 2882 492.
578 2815 681 2880 Nunc
703 2817 740 2880 iu
762 2820 830 2882 hoc
852 2819 995 2884 nornine
1018 2819 1212 2904 quaeritur,
1235 2839 1305 2904 qua
1328 2818 1370 2882 de
1393 2835 1496 2882 cauea
1519 2836 1538 2878 a
1561 2814 1667 2878 bore
1688 2823 1722 2876 et
1743 2831 1763 2873 a
1786 2807 1873 2873 boe

398 2915 509 2982 lacere
541 2919 749 3004 reperiatur3
777 2922 843 2984 hac
874 2921 916 2986 de
944 2939 1047 2985 causa
1076 2942 1096 2985 a
1123 2920 1232 2985 bove
1264 2921 1376 2986 iacere
1404 2917 1668 3005 pronuntiatur,
1699 2910 1870 2998 quoniam

397 3038 638 3105 quaecumque
667 3023 810 3086 nomina
841 3025 1044 3089 animalium
1083 3023 1300 3088 nominativo
1330 3043 1413 3086 casu
1441 3018 1578 3084 numeri
1612 3014 1758 3103 pluralia
1788 3011 1869 3076 ·ES·

395 3120 520 3186 litteris
549 3123 778 3202 definiuntur,
810 3126 897 3190 baec
925 3147 970 3190 ex
1001 3126 1125 3190 eodem
1152 3126 1369 3190 nominativo
1393 3143 1475 3188 casu
1496 3121 1633 3184 numeri
1659 3117 1803 3205 pluralis
1823 3106 1894 3195 7⁴)'

290 3213 317 3264 V·
334 3213 444 3288 ²4²··S·
470 3224 633 3288 ultimum
661 3227 827 3290 omittunt
856 3241 890 3291 et
916 3227 1103 3292 ablativum
1135 3249 1252 3294 casum
1284 3227 1422 3291 numeri
1449 3222 1634 3309 singularia
1664 3217 1870 3292 ooteuduut;

394 3338 534 3390 atvero
557 3325 755 3404 etaboe,
786 3328 844 3392 illa
868 3329 910 3394 de
934 3349 1037 3394 causa
1060 3331 1172 3396 lacere
1194 3331 1458 3418 pronuntiatur,
1489 3326 1654 3412 quoniam
1675 3341 1867 3410 quaecum-

393 3448 461 3514 que
484 3429 627 3492 nornlua
648 3428 848 3494 animalium
873 3431 916 3494 ab
940 3433 992 3494 ·E·
1016 3449 1178 3518 correpto
1209 3434 1330 3496 venire
1354 3429 1592 3516 reperiuntur,
1622 3429 1708 3491 haec
1735 3443 1781 3488 ex
1802 3441 1866 3508 ge-

392 3531 511 3596 netivo
535 3552 617 3596 caan
638 3534 775 3596 numeri
797 3532 941 3620 pluralis
962 3533 1102 3599 ultimas
1125 3534 1274 3614 litterae,
1307 3555 1394 3620 quas
1416 3531 1544 3596 babent
1565 3542 1645 3594 ante
1668 3545 1868 3592 consonan-

393 3646 462 3698 tem
486 3635 665 3720 oppositas
688 3636 854 3699 omittunt
872 3629 933 3715 ⁷⁵),
958 3648 992 3700 et
1014 3637 1066 3700 ·E·
1088 3637 1239 3701 litteram
1262 3638 1455 3724 accipiunt,
1477 3635 1570 3698 unde
1592 3631 1781 3696 ablativum
1805 3649 1867 3693 ca-

392 3755 467 3800 ttun
491 3737 628 3800 numeri
651 3737 835 3821 singularia
858 3739 1046 3802 ostendunt
1065 3733 1119 3822 ⁷⁰).

478 3841 550 3906 493.
573 3838 827 3904 Declinatio
852 3840 994 3904 marie.
1017 3841 1163 3906 Numeri
1184 3841 1387 3926 singularis:
1412 3841 1482 3904 bic
1505 3857 1609 3913 ntae,
1634 3836 1758 3900 baina
1782 3854 1867 3897 nra·

393 3939 465 4017 ria,
488 3938 590 4004 bulo
613 3941 735 4019 mari,
758 3943 872 4006 bunc
901 3963 1076 4019 marem,
1107 3963 1128 4006 o
1153 3963 1259 4020 mas,
1283 3943 1439 4007 abhoc
1463 3960 1595 4016 mare;
1625 3938 1761 4002 numeri
1783 3934 1867 4022 plu-

436 4225 472 4291 ⁵⁰)
497 4222 610 4278 Numeri
628 4222 774 4292 tiugulurit
792 4228 824 4281 B.
836 4228 872 4282 V.
891 4251 927 4278 .·-..
945 4228 973 4281 A
1002 4229 1039 4297 ιι)
1058 4244 1200 4280 nnmerum
1219 4229 1256 4284 V.
1275 4229 1312 4284 A.
1331 4259 1367 4271 --
1386 4245 1525 4280 notuerunt
1544 4227 1578 4281 Β.
1598 4228 1637 4293 ⁵¹)
1654 4233 1768 4294 cogetur
1778 4222 1814 4274 V.
1824 4223 1864 4276 A.

493 4341 531 4356 ·-
549 4313 658 4382 cogitur
675 4315 707 4366 Β.
735 4315 770 4384 ἰ)
790 4314 1004 4386 suprascriptum
1024 4316 1059 4370 V.
1079 4317 1115 4369 A.
1135 4347 1171 4358 -
1188 4316 1375 4388 tupraacripta
1400 4317 1434 4368 Β.
1462 4317 1500 4388 ⁵⁸)
1519 4312 1704 4367 declinabitur
1722 4313 1759 4365 V.
1777 4311 1807 4362 Ρ.
1827 4339 1867 4352 --

495 4398 650 4454 declinatur
668 4403 702 4454 Β.
718 4403 755 4456 A.
782 4405 816 4469 ⁵⁸)
836 4400 983 4456 incubonir
1001 4404 1034 4456 Β.
1053 4407 1089 4460 V.
1107 4406 1137 4458 P.
1157 4438 1192 4448 —
1211 4402 1340 4461 incumbo
1363 4405 1396 4458 A.
1415 4409 1455 4458 itu
1472 4417 1637 4458 consumet.
1664 4402 1699 4469 56)
1718 4416 1866 4450 uunreruru

494 4490 531 4547 V.
549 4519 587 4532 -
603 4507 745 4544 nnmerum
762 4493 794 4544 B.
814 4492 851 4562 ⁵²)
871 4501 985 4560 cogetur
1004 4493 1040 4547 V.
1059 4524 1094 4534 —
1113 4495 1222 4564 cogitur
1240 4495 1270 4546 Β.
1291 4495 1328 4565 ⁵⁸)
1347 4493 1459 4546 sormam
1479 4493 1515 4547 V.
1535 4523 1570 4534 -
1588 4492 1673 4544 forme
1691 4489 1723 4542 B.
1744 4490 1779 4556 ⁵⁹)
1798 4485 1865 4536 11⁰⁰

494 4579 520 4632 ei
529 4615 612 4634 .....
624 4575 810 4635 declinabitur
827 4581 859 4634 Β.
881 4581 917 4634 V.
935 4603 972 4630 =
989 4581 1026 4636 A.
1050 4584 1086 4651 81)
1113 4583 1187 4634 aonia
1206 4584 1242 4637 V.
1262 4583 1298 4634 A.
1317 4611 1353 4622 —
1371 4599 1469 4634 seuere
1487 4583 1520 4634 B.
1547 4573 1585 4652 ⁶⁸)
1611 4595 1692 4632 acuet
1713 4575 1750 4628 V.
1767 4573 1804 4626 A.
1825 4605 1864 4614 -—

491 4687 577 4722 renea
594 4670 627 4722 B.
646 4671 682 4739 ⁶²)
701 4685 797 4722 aeuum
815 4671 848 4726 B.
869 4669 905 4722 V.
924 4671 955 4724 P.
974 4699 1010 4710 -
1028 4671 1134 4722 renium
1152 4671 1188 4724 A.
1215 4672 1251 4737 6’)
1271 4679 1299 4723 et
1317 4667 1383 4722 baec
1403 4670 1439 4724 V.
1460 4669 1496 4728 A.
1519 4669 1602 4740 =„1’.
1626 4667 1664 4737 ⁶⁸)
1684 4674 1713 4719 et
1729 4661 1801 4716 hauc
1820 4663 1859 4714 V.
1880 4687 1888 4704 ·

492 4759 528 4812 A.
546 4781 584 4808 τε
602 4758 632 4810 Β.
652 4758 692 4828 ⁶⁵)
710 4753 744 4808 ab
762 4753 817 4809 boe
835 4766 864 4810 et
881 4754 916 4808 ab
934 4753 986 4808 hae
1006 4757 1042 4811 V.
1062 4791 1096 4804 -
1114 4756 1148 4811 ab
1167 4757 1221 4812 boc
1239 4759 1263 4810 B
1281 4760 1311 4812 1².
1334 4787 1367 4802 -
1386 4755 1420 4810 ult
1440 4758 1475 4810 A.
1502 4759 1538 4824 60)
1559 4754 1663 4808 numeri
1684 4751 1799 4825 pluralia
1820 4749 1859 4804 V.

491 4861 527 4888 *-
545 4846 579 4901 Ν.
600 4847 630 4900 Ρ.
650 4847 686 4900 A.
704 4869 742 4898 ==
757 4848 790 4901 Β.
810 4849 846 4916 61)
866 4855 895 4898 ot
913 4843 962 4898 lue
981 4845 1013 4902 V
1011 4885 1017 4897 .
1038 4847 1073 4901 A.
1092 4871 1129 4898 =
1145 4849 1178 4902 Β.
1198 4849 1236 4912 ⁶⁸)
1256 4855 1285 4899 et
1302 4844 1344 4900 bit
1359 4848 1396 4900 V.
1415 4846 1538 4900 A.=B.
1558 4846 1595 4914 69)
1611 4841 1702 4896 bobus
1717 4842 1748 4894 Β.
1759 4869 1793 4881 -
1807 4837 1864 4890 bu-

492 4931 545 4986 buo
572 4935 608 4986 V.
631 4934 668 4987 A.
697 4937 733 5005 ⁷⁰)
759 4942 788 4988 et
813 4932 862 4988 lm
888 4937 924 4989 V.
942 4935 979 4992 A.
997 4957 1034 4988 ει.-
1053 4937 1082 4989 Β.
1111 4941 1147 5006 71)
1167 4932 1202 4986 ab
1221 4936 1253 4988 Β.
1273 4936 1308 4988 V.
1329 4955 1364 4986 τ..-
1384 4936 1418 4986 A.
1439 4939 1474 5002 ⁷⁸)
1495 4942 1523 4984 et
1541 4932 1574 4984 ub
1594 4929 1637 4986 laia
1657 4933 1693 4985 V.
1713 4928 1749 4982 A·
1768 4951 1806 4978 =
1826 4931 1860 4981 Β.

495 5025 530 5091 71)
549 5018 640 5074 bobua
658 5023 690 5075 B.
710 5053 745 5064 -
763 5019 855 5076 bubus
876 5023 957 5077 V.A.
978 5026 1015 5094 ⁷⁸)
1035 5020 1148 5094 pluralia
1169 5024 1204 5078 V.
1225 5024 1260 5078 A.
1279 5053 1316 5066 -
1334 5020 1480 5092 singularis
1500 5024 1531 5076 Β.
1560 5023 1596 5088 ⁷⁵)
1616 5021 1747 5075 omittunt
1765 5018 1799 5070 Β.
1822 5017 1863 5070 V.

493 5139 528 5150 —
546 5108 677 5162 omittunt
695 5117 761 5162 tunc
780 5111 817 5166 A.
843 5111 880 5182 76)
901 5115 982 5182 (luae
998 5131 1071 5166 nuuc
1085 5123 1236 5182 sequautur
1250 5113 1447 5185 paradigmata
1465 5116 1542 5166 euin
1560 5111 1627 5166 eor.
1644 5109 1679 5162 A.
1695 5107 1748 5160 lton
1761 5107 1864 5160 ordine

494 5199 637 5267 leguntur:
654 5195 751 5274 ambo,
770 5207 842 5262 tros,
861 5215 934 5260 maa,
970 5199 1093 5270 Iupiter,
1113 5198 1187 5264 duo,
1205 5209 1321 5272 reptem.
