4032 6070
568 525 1128 585 recurassntnou.
1512 529 1581 601 utu

195 677 270 744 425.
295 673 384 739 Item
406 674 442 738 iu
464 675 530 738 bac
550 675 784 762 suprascripta
801 668 846 760 θ’)
870 675 980 742 forma
1002 677 1195 763 quaeritur,
1227 697 1295 762 qna
1322 675 1365 740 de
1388 694 1490 739 causa
1512 675 1581 738 sint

125 779 230 864 aliqua
251 778 416 853 nomina,
440 797 530 862 quae
552 777 669 840 dativo
692 777 748 842 vel
763 781 806 880 ⁹⁰)
829 779 981 843 ablativo
1004 800 1086 843 casu
1106 781 1243 842 numeri
1262 777 1406 866 pluralis
1428 788 1507 841 ante
1526 777 1583 859 ¹⁰⁰)

124 881 268 946 nltimam
293 878 460 960 syllabam
484 891 519 944 et
539 899 604 965 per
626 879 664 943 ·1·
689 892 722 944 et
744 901 807 965 per
826 885 851 963 ’)
874 881 929 944 ·U·
952 882 1102 947 litteram
1126 881 1323 945 scribantur
1338 884 1384 965 ²),
1412 893 1451 944 ut
1478 892 1581 966 puta:

125 981 268 1046 abhoc
291 993 401 1059 artu,
424 983 490 1044 bis
512 981 568 1045 vel
591 980 641 1045 ab
664 982 729 1046 his
751 983 951 1048 artubus?
980 984 1098 1068 Quare
1119 985 1188 1048 hoo
1210 1003 1409 1059 monemus,
1441 981 1535 1066 quod
1553 973 1582 1062 ³)

126 1103 356 1168 quaecumque
377 1084 521 1148 nomina
542 1083 694 1151 ablativo
718 1106 799 1150 casu
820 1087 956 1150 numeri
979 1085 1162 1170 singularis
1185 1085 1240 1146 ·U·
1262 1083 1377 1148 littera
1394 1085 1584 1148 terminan-

126 1200 182 1264 tur,
204 1199 241 1250 et
263 1186 398 1250 dativus
421 1199 456 1250 et
477 1185 647 1252 ablativos
661 1179 688 1270 4)
713 1208 811 1254 casus
827 1183 856 1270 ⁵)
878 1189 1014 1252 numeri
1029 1187 1172 1274 pluralis
1187 1207 1265 1251 cum
1281 1187 1349 1249 illis
1371 1185 1584 1262 nominibus,

126 1308 202 1373 quae
231 1286 385 1352 ablativo
417 1307 498 1352 casu
525 1291 663 1354 numeri
685 1291 870 1374 singularis
901 1291 951 1354 ·E·
974 1291 1088 1354 littera
1111 1290 1244 1354 scilicet
1267 1301 1428 1374 correpta
1450 1281 1479 1371 6)
1502 1287 1586 1351 defi-

127 1389 270 1466 niuntur,
296 1389 425 1454 similes
448 1389 575 1456 babere
598 1391 808 1478 probantur,
832 1395 918 1458 baec
940 1395 976 1460 in
1000 1393 1206 1479 supradictis
1230 1391 1366 1456 casibus
1389 1404 1468 1454 ante
1484 1391 1511 1472 ⁷)
1533 1388 1587 1451 ul-

128 1491 237 1554 timam
261 1489 429 1572 syllabam
450 1512 515 1576 per
537 1493 575 1556 ·1·
599 1507 633 1558 et
654 1513 719 1580 per
741 1495 796 1560 ·U·
819 1495 969 1559 litteram
988 1489 1017 1581 ’)
1039 1496 1325 1582 pronuntiantur,
1356 1504 1395 1555 ut
1415 1504 1515 1578 putat
1538 1489 1588 1554 ab

128 1595 194 1656 boc
223 1605 354 1679 partu
385 1605 419 1658 et
449 1593 500 1658 ab
528 1597 608 1660 bac
636 1610 777 1682 parte,
806 1598 872 1662 bis
902 1611 936 1662 et
963 1597 1014 1662 ab
1043 1599 1109 1662 bis
1138 1594 1338 1684 partibus
1368 1593 1424 1658 vel
1445 1605 1588 1680 partu-

127 1693 191 1758 bus
207 1697 258 1776 9),
283 1694 418 1760 scilicet
440 1697 522 1780 quia
543 1699 610 1762 bis
632 1699 689 1762 vel
711 1698 760 1764 ab
783 1699 849 1763 his
870 1699 1068 1786 partibus
1091 1712 1125 1762 et
1139 1699 1182 1763 ab
1200 1699 1251 1761 ·E·
1272 1708 1433 1783 correpta
1446 1695 1628 1782 nominav,
1645 1735 1694 1790 ,35¹

130 1795 230 1859 lacere
254 1796 536 1861 demonstrantur
555 1801 606 1883 ¹⁰).
632 1799 690 1865 Sic
713 1813 747 1864 et
769 1813 893 1878 cetera,
906 1799 973 1864 alia
989 1803 1029 1886 '')
1052 1801 1211 1874 nomina,
1236 1819 1324 1884 quae
1341 1797 1491 1862 ablativo
1507 1817 1590 1860 casu

128 1899 257 1962 numeri
288 1900 472 1984 singularis¹
508 1901 561 1964 ·U·
590 1903 707 1967 littera
736 1903 987 1980 terminantur,
1023 1915 1057 1966 et
1088 1904 1128 1986 '’)
1159 1901 1294 1965 dativus
1328 1898 1385 1963 vel
1420 1899 1589 1963 ablativos

129 2016 216 2062 casus
235 1992 276 2082 ¹³)
299 2001 436 2066 numeri
456 2002 601 2088 pluralis
625 2023 703 2068 cum
727 2003 795 2067 illis
814 1997 853 2088 ¹⁴)
879 2003 1098 2082 nominibus,
1128 2023 1218 2088 quae
1240 1989 1390 2065 ablalivo
1420 2021 1501 2064 casu
1523 2021 1589 2064 uu-

129 2101 206 2164 meri
236 2101 423 2186 singularis
447 2103 498 2166 ·E·
521 2104 636 2169 littera
664 2107 910 2185 terminantur,
934 2107 1065 2171 similes
1087 2105 1215 2170 habere
1238 2104 1459 2190 reperiuntur
1473 2095 1528 2185 ''),
1552 2102 1590 2164 in

129 2201 240 2266 eodem
262 2196 302 2290 ¹⁶)
326 2204 443 2270 dativo
464 2209 505 2289 ¹⁷)
529 2227 609 2270 casu
632 2207 769 2271 numeri
792 2207 935 2292 pluralis
950 2221 984 2272 et
1005 2207 1140 2294 per'·l·,
1163 2219 1199 2270 et
1216 2226 1280 2292 per
1302 2206 1357 2269 ·U·
1379 2206 1528 2270 litteram
1547 2197 1590 2288 ¹⁸)

129 2316 195 2369 ante
216 2304 378 2370 ultimam
402 2305 567 2389 syllabam
592 2309 696 2374 scribi
719 2311 1000 2395 pronuntiantur.
1293 2373 1295 2379 ,

202 2407 278 2474 teu.
302 2407 390 2472 ltem
413 2410 450 2472 in
473 2412 670 2497 supradicta
692 2411 805 2476 forma
828 2412 1020 2497 quaeritur,
1043 2411 1231 2494 vitus¹⁹),
1261 2429 1340 2474 cum
1363 2408 1516 2472 dativum
1535 2407 1591 2471 vel

130 2505 309 2572 ablativum
341 2530 458 2575 casum
484 2515 527 2594 ¹⁰)
557 2514 696 2577 numeri
724 2512 869 2599 pluralis
899 2512 1029 2576 similes
1058 2532 1137 2576 cum
1160 2512 1229 2574 illis
1251 2496 1472 2587 nominibus,
1502 2529 1591 2594 quae

131 2607 271 2674 ablativo
302 2631 384 2676 casu
414 2616 551 2680 numeri
574 2616 758 2699 singularis
780 2615 833 2678 ··E·
856 2615 972 2680 littera
995 2626 1155 2700 correpta
1183 2613 1433 2689 terminantur,
1463 2611 1592 2675 habere
1630 2645 1635 2652 -

131 2711 316 2796 reperiatur
331 2716 385 2797 ²¹),
409 2717 543 2800 quade
567 2738 669 2782 causa
691 2718 728 2781 iu
751 2717 872 2780 lisdem
891 2717 1098 2803 supradictis
1115 2713 1250 2779 casibus
1265 2715 1308 2796 ²²)
1332 2725 1410 2776 ante
1433 2713 1591 2776 ultimam

132 2811 288 2896 syllabam
311 2812 595 2905 nonper·1·'³)
624 2832 659 2883 et
679 2840 744 2906 per
766 2819 820 2882 ·U·
847 2819 999 2883 litteram
1022 2818 1268 2906 pronuntietur
1291 2806 1335 2898 ³⁵)
1358 2815 1487 2878 scribi?
1517 2815 1593 2877 Hac

132 2911 167 2976 de
192 2935 313 2993 cansa,
341 2919 508 3002 quoniam
537 2923 658 2988 vitus
681 2917 723 3006 ¹⁵)
750 2941 823 2985 non
846 2921 976 2986 similes
1006 2921 1260 3007 suprascriptos
1284 2937 1381 2982 casus
1400 2909 1441 2997 ²⁶)
1465 2915 1592 2978 habere

132 3033 199 3080 cnm
222 3017 293 3082 illis
323 3020 525 3085 nominibus
547 3025 608 3108 ¹⁷),
639 3045 727 3109 quae
749 3022 901 3086 ablativo
926 3043 1007 3086 casu
1035 3022 1172 3085 numeri
1195 3019 1378 3104 singularis
1402 3017 1453 3080 ·E·
1477 3017 1592 3080 littera

132 3117 256 3184 scilicet
278 3133 439 3206 correpta
456 3126 697 3204 terminantur,
718 3123 966 3212 pronuntiatur
984 3117 1038 3208 ¹⁸),
1062 3124 1092 3187 si
1107 3123 1247 3210 quidem
1271 3119 1319 3185 ab
1341 3123 1418 3183 hac
1440 3119 1532 3183 vitu
1550 3121 1592 3200 ⁶),

164 3345 198 3417 ’')
223 3347 411 3420 tupmeripla
428 3349 507 3404 B.V.
521 3352 553 3404 Ρ.
567 3383 605 3396 -
620 3349 778 3424 supradicta
799 3352 836 3406 A.
856 3353 891 3423 θ’)
910 3349 954 3405 vel
971 3353 1004 3404 B.
1024 3380 1059 3394 ·-
1078 3359 1107 3405 et
1126 3348 1161 3405 V·
1176 3347 1214 3403 A·
1233 3349 1281 3416 ¹⁰⁰)
1301 3353 1364 3398 tntu
1383 3347 1415 3402 V
1413 3385 1419 3397 ·
1438 3377 1473 3388 -
1492 3345 1592 3418 poalB
1641 3361 1663 3371 “

227 3434 264 3487 A.
294 3437 317 3506 ¹)
337 3443 366 3488 et
383 3453 434 3508 per
453 3437 484 3490 ·1·
505 3446 534 3492 st
551 3457 601 3510 per
620 3439 664 3495 ·U·
685 3441 721 3495 V.
739 3471 776 3484 -
801 3447 830 3492 et
847 3457 898 3512 per
915 3439 947 3491 ·l·
966 3449 995 3493 et
1011 3438 1058 3494 ·U·
1077 3437 1115 3493 A.
1133 3466 1171 3479 ·-
1196 3443 1225 3489 et
1242 3453 1293 3507 per
1312 3433 1357 3488 ·U·
1386 3435 1437 3506 (=
1449 3434 1540 3506 reliq.)
1559 3433 1589 3486 Β.

231 3522 253 3592 ’)
271 3519 431 3578 scribantur
449 3525 486 3580 V.
500 3528 537 3580 A.
557 3558 593 3569 -
611 3523 748 3582 scribatur
766 3529 798 3581 B.
818 3529 841 3598 3)
861 3525 937 3599 qnod
956 3527 993 3582 V.
1003 3525 1039 3581 A.
1058 3558 1094 3568 -
1113 3533 1181 3598 quot
1198 3525 1232 3578 Β.
1252 3519 1391 3594 ⁴)datiros
1410 3531 1439 3574 et
1456 3517 1591 3574 ablativos

232 3605 314 3662 m.
332 3619 415 3665 -et
434 3609 527 3668 dativo
546 3623 574 3670 et
591 3613 710 3668 ablativo
729 3617 761 3668 Β.
775 3617 808 3670 P.
829 3616 853 3687 ⁵)
873 3631 952 3666 casus
970 3614 1007 3667 A.
1025 3644 1061 3656 -
1080 3599 1178 3666 cascos
1199 3613 1235 3667 V.
1254 3643 1289 3653 -
1306 3627 1371 3663 casu
1388 3610 1420 3663 Β.
1441 3610 1473 3664 P.
1493 3610 1518 3681 ⁶)
1538 3608 1591 3660 soi-

229 3690 295 3748 lieet
322 3707 450 3770 coneptu
476 3700 512 3757 V.
529 3702 565 3755 A.
593 3711 771 3774 —correpta
791 3701 950 3755 scilicetll.
977 3705 999 3772 7)
1018 3709 1082 3754 ante
1101 3700 1138 3757 V.
1155 3729 1191 3743 ·-
1209 3707 1276 3770 post
1292 3700 1324 3756 Β.
1342 3700 1377 3753 A.
1403 3698 1425 3768 ’)
1444 3714 1494 3768 per
1513 3697 1544 3748 ·1·
1564 3705 1593 3749 et

231 3797 280 3853 per
298 3782 347 3838 ·U·
371 3783 490 3838 litteram
511 3787 546 3844 V.
565 3809 670 3862 -per
688 3789 730 3842 ·E·
750 3797 778 3844 ct
796 3809 847 3862 per
865 3789 910 3844 ·U·
929 3787 1020 3842 liltcru
1038 3790 1070 3843 Β.
1092 3819 1128 3831 -
1146 3806 1197 3858 per
1216 3787 1247 3840 ·l·
1266 3795 1294 3839 et
1312 3804 1363 3858 per
1380 3783 1426 3839 ·U·
1443 3781 1544 3837 littoris
1558 3784 1591 3838 P.

231 3897 266 3910 ·-
284 3871 316 3922 ·1·
336 3881 366 3925 et
384 3872 430 3928 ·U·
447 3871 567 3928 litteram
584 3878 622 3931 A.
650 3879 675 3949 ⁹)
694 3876 828 3948 partubus
847 3879 878 3931 Β.
897 3879 933 3930 A.
952 3907 987 3924 -·
1006 3873 1120 3928 artubus
1140 3876 1176 3930 V.
1205 3878 1239 3945 ¹⁰)
1260 3872 1482 3925 demonstrantur
1500 3873 1535 3930 B.
1554 3871 1591 3925 V.

232 3985 268 4000 -
285 3953 490 4015 demonstratur
506 3964 544 4018 A.
567 3971 601 4034 ”)
621 3960 672 4015 alia
691 3965 723 4018 B.
742 3987 777 4014 =
797 3965 832 4020 V.
851 3965 887 4018 A.
910 3969 944 4036 ¹¹)
964 3972 992 4016 et
1009 3966 1042 4017 Β.
1062 3965 1097 4018 V.
1118 3991 1153 4003 —
1171 3970 1202 4013 ut
1219 3962 1256 4015 A.
1280 3964 1313 4031 ”)
1334 3959 1440 4013 dativus
1456 3955 1499 4014 vel
1518 3956 1592 4010 abla-

232 4043 303 4099 tivos
322 4063 401 4102 casus
421 4049 457 4106 V.
471 4051 507 4104 A.
527 4079 563 4092 -
581 4048 636 4106 dat.
657 4049 701 4106 vul
719 4049 876 4104 oblatrasu
895 4053 928 4106 Β.
951 4053 984 4120 ”)
1003 4049 1059 4104 illis
1078 4050 1109 4105 B.
1127 4049 1162 4103 V.
1181 4045 1279 4100 -bis
1297 4049 1334 4102 A.
1364 4049 1399 4117 ¹⁵)
1419 4047 1592 4118 reperiuntur

232 4131 262 4184 Β.
282 4133 319 4188 V.
337 4165 375 4175 —
392 4137 564 4208 reperiantur
581 4139 617 4192 A.
649 4141 684 4211 ¹⁶)
704 4141 732 4192 iu
752 4136 849 4192 codem
867 4141 898 4192 Β.
918 4139 953 4194 V.
971 4141 1003 4191 P.
1022 4167 1058 4180 -
1075 4138 1144 4190 itena
1160 4133 1189 4186 in
1209 4131 1307 4186 codem
1325 4135 1361 4188 A.
1391 4136 1426 4206 ¹⁷)
1447 4133 1539 4186 dativo
1557 4134 1591 4187 Β.

229 4217 264 4274 V.
282 4221 321 4273 A.
339 4219 529 4294 Supplaendum
548 4234 577 4278 et
594 4224 721 4280 ablativo.
743 4229 777 4299 ”)
795 4225 915 4281 litteram
934 4225 1062 4282 V.A.-
1078 4223 1171 4276 littera
1189 4222 1222 4274 B.
1255 4223 1289 4292 ¹⁹)
1307 4221 1380 4276 vitus
1400 4223 1432 4276 Β.
1453 4223 1488 4278 V.
1506 4223 1539 4276 P.
1558 4249 1593 4262 -

227 4305 317 4358 victu
335 4306 372 4361 A.
393 4313 428 4380 ¹⁰)
449 4307 569 4364 dativum
587 4311 631 4366 rel
650 4312 797 4368 ablativum
817 4332 909 4367 casum
930 4315 965 4370 V.
984 4313 1021 4366 A.
1035 4343 1072 4354 -
1085 4308 1141 4365 dat.
1159 4307 1202 4364 vel
1219 4305 1300 4362 ablat.
1320 4327 1385 4362 casu
1402 4312 1435 4364 B.
1456 4313 1491 4380 ”)
1511 4327 1591 4381 repe-

227 4393 313 4448 riatur
329 4394 363 4447 Β.
382 4395 418 4449 V.
436 4425 474 4438 -
496 4401 668 4470 reperiantur
685 4403 721 4456 A.
747 4403 783 4472 ¹²)
803 4401 969 4474 supradictis
995 4397 1106 4456 casibus
1124 4400 1157 4452 B.
1177 4398 1212 4453 V.
1231 4427 1268 4440 -
1286 4395 1396 4448 casibus
1422 4393 1591 4468 supradictis

225 4481 260 4536 A.
279 4483 532 4556 -suprascriptis
552 4487 661 4542 casibus
689 4491 720 4543 P.
749 4495 786 4564 ¹³)
805 4507 862 4544 non
880 4508 930 4562 por
949 4489 980 4542 ·1·
1000 4489 1037 4542 A.
1058 4519 1092 4529 -
1111 4503 1167 4538 non
1187 4493 1215 4538 et
1233 4502 1283 4556 per
1302 4485 1333 4536 ·l·
1361 4485 1396 4538 V.
1416 4514 1450 4525 -
1469 4501 1525 4534 uon
1544 4486 1592 4552 (=

227 4585 276 4640 per
295 4568 341 4643 ·l·)
359 4571 392 4622 Β.
419 4572 456 4642 ”)
482 4577 678 4644 pronuntietur
696 4578 733 4632 V.
745 4607 777 4622 -
795 4579 1010 4650 pronuntientur
1034 4577 1068 4630 B.
1079 4574 1115 4627 A.
1137 4575 1174 4646 ²⁵)
1193 4574 1265 4626 vitus
1283 4574 1314 4626 B.
1336 4573 1372 4626 V.
1391 4599 1426 4614 ·-
1444 4571 1533 4623 victus
1553 4571 1588 4622 A.

228 4657 263 4728 Ι’)
282 4673 364 4709 easns
382 4658 416 4711 Β.
435 4660 472 4713 A.
491 4692 527 4702 -
546 4679 643 4716 casuns
664 4665 699 4718 V.
727 4667 768 4737 ²⁷)v
791 4663 950 4718 nominibus
970 4665 1005 4720 V.
1018 4664 1053 4717 A.
1064 4663 1096 4716 Β.
1115 4681 1149 4715 ex
1167 4679 1217 4714 em.
1237 4679 1278 4731 pr.
1298 4679 1332 4712 ιιι.
1358 4689 1392 4700 -
1411 4653 1589 4710 onominibns

227 4741 257 4794 B.
277 4763 296 4796 ιι
313 4764 355 4814 pr.
376 4764 411 4798 ιιι.
432 4747 468 4817 ”)
487 4752 683 4820 pronuntiatur
700 4753 733 4806 Β.
754 4754 789 4809 V.
809 4783 845 4796 -·
863 4753 1076 4824 pronuntiantur
1093 4751 1130 4804 A.

172 4828 203 4898 ιι)
228 4827 300 4883 llaec
317 4833 391 4885 vitus
408 4864 446 4875 —
464 4851 513 4898 cs,
532 4835 583 4887 alia
602 4838 687 4891 forma
706 4859 756 4912 ριο
775 4838 822 4893 bic
839 4840 990 4902 vitus-i,
1009 4855 1078 4912 quae
1096 4835 1237 4892 invenitur
1254 4833 1283 4884 in
1302 4831 1401 4903 Papiae
1420 4830 1509 4885 lexico
1529 4829 1589 4886 ab.

227 4933 250 4968 r.
269 4925 297 4970 et
315 4916 392 4992 apud
411 4921 534 4975 Marium
549 4926 721 4982 Victorinum
737 4934 817 4989 2499·
827 4946 848 4981 s.
859 4928 889 4982 P.
909 4939 959 4990 „et
978 4931 1025 4980 viti
1043 4930 1071 4978 ιἰι
1090 4929 1189 4988 ιοιίι”,
1208 4929 1288 4974 etest
1306 4920 1476 4976 Graecorum
1494 4912 1511 4976 ri
1526 4915 1589 4980 irus.

229 5003 262 5058 ’ᾗ
281 5003 417 5077 St'llssssfi
436 5009 518 5080 01¹le
537 5017 599 5070 ³3³.
620 5024 648 5068 et
665 5013 792 5088 Append.
809 5026 895 5070 nostr.
916 5017 938 5086 ς.
958 5019 983 5074 3.
1005 5013 1134 5068 Ceterum
1154 5010 1280 5066 eNcstro
1300 5005 1491 5063 emendabitur
1511 5007 1591 5062 locus

227 5091 330 5148 ummo
347 5095 522 5152 Palaemonis
550 5105 626 5160 1371.
654 5103 684 5156 Ρ.
712 5105 787 5170 „Hic
813 5109 914 5166 victus,
943 5104 977 5160 ab
1002 5100 1053 5155 boc
1077 5106 1166 5162 victu,
1193 5101 1314 5156 victobus
1330 5099 1423 5168 sarcit:
1449 5117 1513 5153 ιιιιιιι
1532 5100 1591 5153 vtti-

229 5179 291 5242 tas.
311 5181 347 5236 ab
366 5200 398 5238 eo
417 5185 491 5257 qnod
508 5201 571 5244 suut
590 5194 687 5244 vitea.“

1278 5247 1391 5342 ιμ’
