4032 6070
433 533 506 606 mn
890 527 1449 586 raoarensn1non

434 697 675 768 quaecumque
703 677 846 740 nomina
873 674 1025 742 ablativo
1054 697 1135 741 casn
1162 676 1299 740 numeri
1320 673 1511 760 jeingularis
1537 666 1578 757 ¹⁶)
1609 672 1666 739 ·0·
1698 673 1815 740 littere
1836 687 1907 740 ter-

432 783 621 860 minantur,
644 782 729 844 haec
751 797 941 864 numquam
965 767 1181 843 nominativo
1205 798 1287 842 casu
1309 777 1446 842 numeri
1468 775 1653 862 singularis
1677 777 1758 842 ·EL·
1780 778 1908 842 litteris

431 884 661 960 definiuntur3
692 895 727 948 et
753 882 832 948 ideo
861 881 930 946 hic
958 880 1171 945 masculus
1195 883 1254 962 Ι7),
1284 899 1357 946 non
1386 881 1455 944 hio
1485 878 1648 943 mascel
1678 877 1788 944 lacere
1818 899 1907 966 pro-

429 987 621 1052 nuntiatur.
1633 1041 1636 1049 .

516 1091 588 1156 349.
620 1085 707 1150 ltem
736 1083 773 1150 iu
804 1081 869 1148 hac
897 1083 1132 1170 suprascripta
1156 1083 1468 1169 formaquaernur
1490 1083 1626 1168 quade
1648 1101 1752 1148 causa
1774 1083 1903 1169 Vergi-

429 1191 497 1254 lius
527 1188 688 1253 vocativo
717 1207 799 1252 casu
825 1185 962 1250 numeri
994 1184 1177 1268 singularis
1201 1177 1238 1266 Ι“)
1267 1223 1312 1238 -
1338 1205 1460 1250 socer
1488 1206 1602 1249 arma
1629 1183 1812 1250 Latinus
1834 1188 1903 1250 ha-

429 1291 528 1356 beto
552 1291 592 1372 19)
610 1290 643 1372 ·)
664 1326 706 1338 -
734 1287 990 1376 pronuntiarit?
1017 1285 1087 1351 Sed
1115 1287 1280 1371 quoniam
1309 1289 1395 1353 haec
1424 1287 1512 1350 ratio
1542 1299 1734 1352 metrorum
1762 1299 1832 1364 est,
1868 1299 1904 1351 et

429 1393 509 1456 ideo
532 1395 600 1456 hoc
621 1411 813 1468 monemus,
837 1389 933 1476 quod
948 1391 1016 1452 hcc
1032 1390 1075 1470 ”)
1097 1388 1133 1452 in
1149 1391 1267 1453 metris
1284 1402 1524 1475 competenter
1538 1401 1686 1454 tractare
1702 1388 1900 1454 debeamus.

515 1497 586 1560 350.
610 1494 713 1558 Nunc
736 1493 771 1556 in
795 1495 860 1558 hec
883 1489 1117 1576 suprascripta
1134 1493 1178 1573 Ἰ)
1202 1491 1312 1555 lorma
1334 1493 1471 1575 generis
1495 1489 1689 1565 masculini,
1716 1512 1785 1576 qua
1808 1491 1901 1556 dixi-

428 1617 504 1660 mus
527 1595 679 1662 ablativo
703 1613 784 1658 casn
807 1594 943 1656 numeri
971 1590 1155 1676 singularis
1176 1594 1219 1673 ²²)
1249 1593 1392 1657 nomina
1416 1591 1475 1659 ·0·
1497 1592 1611 1656 littera
1635 1594 1835 1669 terminari,
1866 1605 1900 1657 et

427 1699 643 1762 nominativo
667 1717 749 1761 casu
771 1697 906 1760 numeri
931 1693 1115 1778 singularis
1139 1693 1219 1756 ·US·
1242 1691 1366 1757 litteris
1381 1707 1462 1779 post
1479 1708 1729 1758 consonantem
1752 1694 1901 1770 deliniri,

426 1801 495 1864 lroc
518 1817 717 1872 monemus,
741 1797 837 1882 qnod
859 1817 905 1860 ex
927 1816 967 1858 ea
984 1785 1023 1876 ¹³)
1048 1813 1089 1858 eo
1112 1793 1229 1881 plures
1252 1796 1329 1858 soni
1352 1797 1487 1880 possint
1509 1796 1678 1862 exhiberi.

510 1901 565 1964 De
589 1899 700 1964 forma
722 1899 858 1984 generis
881 1895 1085 1974 masculini,
1109 1916 1178 1982 qua
1200 1895 1370 1972 diximus,
1395 1894 1545 1961 ablativo
1570 1919 1652 1962 casu
1673 1896 1812 1960 numeri
1828 1897 1899 1960 sin-

424 2002 555 2088 gularis
572 1993 615 2084 st)
637 2001 780 2066 nomina
795 1995 837 2085 ²⁵)
862 1998 919 2066 ·0·
942 1998 1058 2062 littera
1081 1998 1258 2061 terminari
1281 2008 1315 2060 et
1333 1999 1550 2064 nominativo
1573 2021 1655 2064 casu
1677 1999 1900 2064 numeri-siu·

318 2116 347 2166 v.
363 2104 553 2189 angularis
577 2101 657 2170 ·US·
682 2103 805 2167 litteris
835 2113 916 2190 post
944 2112 1195 2166 consonantem
1217 2099 1354 2165 deliniri
1376 2093 1436 2184 ¹⁶),
1465 2115 1632 2188 quanmm
1663 2102 1751 2168 ratio
1773 2121 1899 2188 posce-

424 2205 500 2283 bat,
523 2207 757 2271 tractavimus.

329 2305 401 2358 ΝΗ)
509 2311 582 2374 351.
605 2305 698 2372 *DE
723 2305 845 2372 ·AU8·.
870 2306 1121 2391 Quaecumque
1133 2305 1276 2368 uomina
1290 2307 1427 2390 generis
1441 2307 1623 2372 masculini
1645 2307 1797 2373 ablativo
1816 2326 1898 2372 casn

423 2409 560 2471 numeri
583 2407 768 2493 singularis
791 2407 848 2472 ·0·
871 2407 986 2470 littera
1008 2408 1238 2472 terminantur
1260 2420 1294 2471 et
1315 2409 1531 2473 nominativo
1561 2431 1642 2474 casu
1664 2411 1803 2474 numeri
1826 2411 1897 2474 sin-

422 2509 553 2594 gularis
585 2507 697 2571 ·AUS·
727 2508 851 2572 litteris
881 2509 1110 2584 definiuntur,
1140 2522 1179 2572 ut
1204 2512 1246 2591 ²⁷)
1272 2523 1370 2594 puta:
1395 2510 1443 2574 ab
1473 2513 1552 2576 hoc
1581 2511 1799 2590 Menelao,
1829 2513 1896 2578 hic

422 2609 656 2682 Menelaus,
681 2611 766 2673 haec
783 2601 824 2692 ¹³)
848 2611 981 2674 adhoc
1004 2609 1204 2694 exemplum
1229 2611 1464 2676 declinantur:

507 2709 653 2774 Numeri
676 2710 878 2794 singularis:
903 2711 971 2774 hic
993 2709 1226 2786 Menelaus,
1251 2713 1376 2778 huius
1399 2713 1601 2788 Menelai,
1629 2714 1726 2780 huic
1748 2713 1895 2779 Mene·

424 2809 511 2886 lac,
535 2811 643 2874 huuc
665 2810 923 2888 Menelaum,
947 2831 968 2874 o
986 2815 1027 2894 ²⁹)
1051 2811 1264 2888 Menelae,
1289 2814 1339 2878 ab
1363 2818 1442 2880 hoc
1464 2815 1680 2892 Menelao;
1710 2829 1744 2880 et
1773 2816 1895 2903 plura-

423 2911 520 2977 liter:
545 2911 587 2974 ni
609 2909 814 2988 Menelai,
838 2915 987 2976 horum
1009 2912 1327 2992 Menelaorum,
1356 2918 1423 2983 his
1445 2917 1672 2996 Menelais,
1705 2921 1782 2984 hos
1811 2919 1894 2984 Me-

422 3013 588 3090 nelaos,
612 3033 633 3078 o
656 3012 861 3090 Menelai,
885 3013 934 3078 ab
957 3015 1024 3079 his
1047 3014 1267 3082 Menelais.

509 3114 569 3181 Sic
591 3127 625 3180 et
647 3115 715 3178 alia
736 3117 873 3199 generis
897 3117 1080 3180 masculini
1102 3119 1255 3193 nomina,
1280 3140 1369 3204 quae
1392 3121 1544 3186 ablativo
1561 3140 1643 3196 casu
1665 3123 1803 3186 numeri
1821 3124 1895 3186 sin-

421 3217 551 3302 gularis
575 3216 631 3284 ·0·
654 3217 768 3282 littera
786 3219 1016 3282 terminantur
1039 3231 1072 3282 et
1088 3219 1303 3286 nominativo
1322 3243 1402 3288 casu
1418 3223 1556 3286 numeri
1572 3223 1756 3308 singularis
1779 3225 1893 3290 ·nUs·

421 3318 545 3384 litteris
575 3319 804 3397 deliniuntur,
834 3320 879 3384 ad
906 3318 1107 3406 exemplum
1136 3320 1323 3388 Menelai
1353 3345 1417 3412 per
1447 3345 1568 3390 omnes
1594 3319 1636 3408 ³⁰)
1659 3346 1758 3390 casus
1784 3326 1895 3392 decli·

422 3433 558 3487 nentur.

506 3527 578 3590 352.
602 3523 705 3587 Nunc
727 3523 764 3587 in
786 3525 852 3590 hac
875 3523 986 3590 forma
1008 3525 1255 3611 suprascripta,
1280 3548 1349 3612 qua
1371 3527 1524 3592 diximus
1548 3531 1686 3614 generis
1708 3532 1892 3596 masculini

419 3625 563 3689 nentina
585 3625 736 3690 ablativo
761 3645 842 3692 casn
864 3627 1000 3690 numeri
1024 3627 1207 3711 singularis
1231 3627 1288 3693 ·0·
1312 3629 1426 3695 littera
1448 3632 1627 3696 terminari
1650 3645 1684 3696 et
1708 3626 1751 3714 Ἰ)
1774 3634 1891 3698 nomi-

418 3727 537 3791 nativo
568 3746 649 3790 casu
678 3727 814 3790 numeri
846 3727 1030 3811 singularis
1053 3722 1095 3812 31)
1127 3729 1238 3793 ·nUs·
1269 3731 1391 3794 litteris
1422 3732 1573 3808 deliniri,
1604 3737 1671 3798 hoc
1693 3755 1891 3812 monemus,

419 3829 516 3913 quod
546 3829 614 3891 sint
643 3827 759 3913 aliqua
789 3829 948 3904 nomina,
978 3849 1067 3913 quae
1094 3831 1268 3895 interdum
1299 3846 1444 3920 propter
1476 3849 1585 3900 metra
1613 3837 1670 3902 vel
1698 3850 1891 3902 structuras

419 3949 465 3992 ex
483 3923 526 4010 ³³)
550 3928 700 3992 ahlatiuo
725 3951 806 3994 casu
828 3931 964 4024 numeri
987 3930 1170 4014 singularis
1193 3925 1234 4016 Η)
1258 3934 1315 3999 ·Ο·
1340 3936 1499 3998 ultimum
1524 3948 1559 3999 et
1580 3938 1615 4001 in
1640 3938 1734 4002 ·UM·
1756 3939 1892 4005 litteras

419 4041 640 4105 convertant,
668 4043 707 4094 ut
729 4032 927 4116 genetivum
959 4053 1075 4096 casum
1104 4036 1240 4098 numeri
1268 4037 1412 4122 pluralis
1443 4037 1612 4114 efficiant,
1643 4053 1681 4103 ut
1707 4055 1810 4127 puta:
1841 4043 1892 4108 ab

418 4131 501 4195 hoc
526 4131 690 4210 Danao,
720 4133 871 4196 horum
900 4134 1098 4199 Danaum.
1131 4136 1201 4202 Sed
1229 4139 1333 4214 haec,
1366 4161 1454 4226 quae
1478 4141 1546 4203 sint
1567 4142 1731 4222 nomine,
1763 4157 1892 4230 etqua

419 4315 1895 4352 ’Ἥ
2001 4319 2002 4353 j

463 4467 498 4538 ¹⁸)
515 4465 623 4518 numeri
641 4463 786 4536 singularis
806 4467 842 4524 V.
861 4467 897 4522 A.
918 4498 953 4514 -
971 4470 1077 4524 numeri
1095 4469 1226 4542 singulari
1243 4475 1277 4530 Β.
1299 4476 1334 4548 ¹²)
1353 4475 1491 4531 masculus
1509 4478 1541 4531 Β.
1560 4478 1597 4532 A.
1609 4507 1640 4521 -
1654 4475 1795 4532 masculus
1814 4489 1842 4534 et
1853 4481 1892 4532 V.
2000 4505 2001 4544 .

526 4555 560 4629 Ι·)
578 4554 704 4608 vocativo
713 4591 811 4609 ......
828 4553 973 4626 singularis
992 4559 1025 4612 Β.
1046 4559 1082 4614 V.
1093 4560 1123 4612 P.
1136 4583 1173 4610 =
1184 4561 1224 4615 A.
1245 4564 1280 4635 ¹⁰)
1300 4559 1399 4616 habeto
1418 4566 1450 4618 B.
1467 4566 1502 4620 V.
1513 4567 1543 4620 Ρ.
1553 4589 1589 4616 =
1603 4566 1640 4620 A.
1668 4569 1704 4638 Ι·)
1724 4563 1779 4619 hoc
1796 4568 1831 4622 Β.
1851 4568 1892 4622 V.
2000 4547 2001 4576 ¹

521 4644 553 4698 Ρ.
570 4666 608 4694 =
625 4642 663 4702 A.
682 4644 718 4713 Ι·)
738 4645 923 4715 suprascripta
940 4645 974 4698 B.
984 4646 1020 4699 V.
1030 4647 1060 4698 P.
1079 4679 1115 4690 -
1132 4649 1290 4720 supradicta
1309 4652 1344 4704 A.
1366 4653 1403 4721 ²¹)
1421 4651 1566 4722 singularis
1585 4656 1617 4708 B.
1630 4656 1667 4708 V.
1686 4656 1772 4710 =A.
1801 4659 1839 4725 Ἰ)
1858 4673 1895 4708 ea

518 4733 552 4787 Β.
566 4755 602 4783 =
614 4730 696 4787 V-A.
717 4731 753 4802 ¹⁴)
772 4731 879 4782 numeri
897 4731 1042 4802 singularis
1060 4735 1097 4789 A.
1116 4759 1153 4786 ==
1172 4739 1208 4793 V.
1234 4740 1271 4812 ¹⁵)
1291 4736 1401 4792 nomine
1420 4741 1456 4795 V.
1468 4741 1505 4794 A.
1523 4771 1560 4784 ·-
1577 4757 1677 4794 nomen
1695 4745 1727 4796 P.
1754 4745 1792 4816 ²⁶)
1812 4741 1894 4796 abl·-

519 4820 576 4874 tivo
595 4837 661 4872 casu
679 4854 796 4871 .....
817 4813 926 4871 definiri
945 4821 982 4875 V.
998 4823 1035 4874 A.
1053 4845 1090 4872 =
1108 4824 1139 4877 B.
1170 4828 1205 4895 ²⁷)
1225 4835 1257 4879 ut
1273 4827 1305 4880 Β.
1325 4825 1360 4879 A.
1380 4849 1418 4876 =
1436 4827 1471 4880 V.
1502 4829 1538 4900 ¹⁸)
1557 4825 1624 4882 haec
1641 4831 1675 4884 Β.
1694 4833 1727 4884 P.
1749 4860 1780 4875 -
1802 4840 1832 4884 et
1849 4833 1892 4885 A.

517 4929 555 4957 ·.-.-
572 4907 608 4962 V.
629 4907 666 4976 ⁸⁹)
685 4925 702 4960 o
723 4907 758 4961 V.
779 4905 816 4960 A.
834 4936 870 4949 -
889 4903 916 4960 lt.
937 4907 969 4980 (i.
988 4928 1011 4962 e.
1030 4907 1095 4980 lice)
1114 4913 1146 4966 Β.
1168 4913 1204 4984 ³⁰)
1224 4930 1318 4968 omnes
1339 4914 1375 4968 V.
1394 4897 1574 4970 A.-cnrdis
1593 4919 1626 4972 B.
1647 4921 1684 4990 Ἰ)
1704 4926 1733 4972 et
1749 4919 1784 4973 Β.
1806 4921 1896 4974 V.=
1998 4919 1999 4948 ¹

520 4991 551 5044 Ρ.
571 4992 608 5063 Ι·)
628 4992 673 5047 ·0·
691 4991 784 5046 littere
802 4997 835 5048 .'.
856 5033 862 5048 .
884 5035 890 5047 .
910 4997 1016 5050 numeri
1034 4997 1180 5070 singularia
1198 5002 1230 5056 B.
1252 5003 1287 5058 V.
1310 5003 1337 5058 P.
1357 5023 1393 5055 =
1410 5003 1456 5068 A„
1480 5005 1517 5076 ¹³)
1536 5022 1569 5058 ex
1587 5007 1618 5060 B.
1639 5007 1675 5062 V.
1696 5007 1726 5061 P.
1747 5037 1783 5050 -··
1802 5015 1834 5062 et
1852 5009 1893 5062 A.

520 5077 557 5148 ¹⁴)
575 5079 681 5131 numeri
699 5079 845 5151 singularis
863 5083 895 5137 Β.
916 5085 947 5139 V
945 5121 952 5136 .
973 5086 1002 5139 P.
1021 5107 1058 5136 -..-.·
1076 5086 1111 5144 A.

460 5179 840 5253 emmmm
