4022 6068
181 1141 493 1236 ‘molent
516 1147 1103 1248 mmmmm
1123 1148 1232 1237 ms
1255 1151 1550 1240 nonime
1608 1147 1713 1258 ‘wig'
1787 1157 1796 1181 “

217 1529 246 1591 l.
274 1525 519 1590 Nominativus
548 1527 667 1591 finitur
695 1527 818 1592 litteris
840 1527 941 1604 xl11;
971 1527 1151 1594 vocalibus
1173 1529 1226 1606 V,
1256 1529 1294 1593 id
1316 1541 1382 1607 est,
1415 1527 1604 1594 mnu-1-

143 1625 189 1692 Ὀ·
210 1627 285 1704 ·U·,
307 1639 346 1691 ut
370 1627 567 1705 Sisenna,
592 1628 764 1704 monile,
797 1631 959 1716 sinapi,
991 1629 1164 1707 Cicero,
1194 1651 1312 1707 veru;
1336 1632 1602 1696 semivocalibus

143 1729 195 1805 vl,
216 1729 262 1793 id'
278 1742 346 1807 est,
371 1727 422 1792 ·L·
445 1729 507 1794 ·M·
531 1729 583 1793 ·N·
609 1729 661 1793 ·R'·
686 1717 732 1794 ·S'·
757 1731 825 1808 ·X·‚
851 1731 1015 1810 consul,
1040 1753 1272 1809 scamnum,
1301 1733 1479 1811 l'lumen,
1505 1733 1603 1800 Cae-

142 1851 213 1908 sar,
237 1829 403 1913 Livius,
427 1831 554 1907 silex3
579 1833 682 1895 mutis
705 1833 855 1909 duabus,
880 1833 916 1896 id
938 1845 1007 1912 est,
1032 1835 1084 1898 ·T·
1108 1847 1141 1898 et
1164 1833 1228 1912 ·C·‚
1250 1845 1290 1897 ut
1312 1847 1458 1921 caput,
1481 1835 1558 1901 lac.

212 1936 242 2000 2.
284 1931 475 1997 Genetivus
511 1931 639 2010 tribus,
674 1933 708 1997 id
739 1947 809 2014 est,
840 1933 885 1998 ·S·
917 1933 956 1998 ·1·
989 1933 1055 2014 ·E·,
1084 1947 1123 1999 ut
1155 1935 1362 2015 Catonis,
1387 1937 1600 2024 magistri,

142 2051 290 2098 musae.

212 2137 243 2200 3.
266 2135 413 2200 Dativus
436 2135 499 2213 lli,
523 2137 649 2214 idest,
674 2135 712 2199 ·l·
736 2135 795 2201 ·O·
819 2137 882 2216 ·E·,
905 2152 944 2203 ut
966 2139 1091 2224 agili,
1115 2139 1259 2216 docto,
1284 2139 1454 2204 sch'olae
1477 2141 1514 2219 ¹).

213 2239 244 2302 l.
274 2237 501 2301 Accusativus
531 2237 599 2316 IV,
628 2239 663 2301 i'd
693 2252 763 2316 est,
794 2239 854 2304 ’Μ’
883 2239 931 2304 ·8·
959 2241 1012 2304 ·T²
1045 2239 1113 2318 ·E·,
1142 2254 1182 2304 ut
1207 2243 1431 2339 liorqinem,
1461 2241 1600 2318 iurans,

140 2350 273 2424 caput,
295 2338 463 2404 monile.
1206 2425 1208 2432 y

213 2445 244 2504 5.
268 2440 459 2505 Vocativus
487 2441 573 2518 Vll,
604 2440 655 2505 ·A·
687 2441 738 2506 ·E·
770 2442 808 2506 ·l·
839 2441 899 2507 ·M·
928 2443 981 2507 ·lt·
1012 2441 1065 2504 ·X·
1096 2442 1172 2521 ·0·,
1201 2455 1240 2507 nt
1261 2463 1394 2522 musa,
1423 2443 1598 2521 monile,

139 2537 241 2617 Livi,
266 2561 499 2616 scamnum,
532 2533 701 2623 Caesar,
731 2544 855 2622 silex,
887 2544 1004 2611 Cato.
1037 2543 1107 2610 Sed
1128 2547 1165 2610 in
1188 2546 1374 2631 generibus
1395 2546 1527 2610 neutris
1550 2545 1598 2609 si·

138 2641 219 2706 milis
242 2655 294 2705 est
315 2643 542 2710 nominativo.

213 2745 243 2810 6.
270 2743 451 2810 Ablativus
479 2748 685 2811 terminatur
710 2747 891 2813 vocalibus
917 2748 970 2827 V,
996 2762 1037 2812 ut
1065 2745 1114 2812 ab
1140 2749 1218 2812 hac
1247 2748 1409 2826 schola,
1441 2747 1492 2812 ab
1513 2748 1596 2812 boo

136 2845 302 2924 monile,
327 2845 375 2910 ab
398 2849 476 2910 hoc
498 2848 619 2932 agili,
643 2849 692 2912 ab
715 2852 794 2914 hoc
817 2851 960 2928 docto,
984 2851 1032 2916 ab
1054 2852 1132 2915 hoc
1153 2871 1269 2928 vern;
1297 2851 1380 2914 item
1404 2849 1465 2914 ·M·
1490 2849 1536 2915 ·S·
1560 2863 1595 2916 et

138 2943 201 3024 ·ll·,
222 2959 263 3011 nt
283 2967 480 3034 nequam,
503 2969 654 3036 nugas,
678 2951 826 3019 instar.

212 3053 243 3114 7.
274 3049 523 3134 Quaecumque
557 3053 700 3116 nomina
730 3054 946 3117 nominativo
977 3053 1145 3138 singulari
1174 3051 1212 3116 ·1·
1241 3052 1391 3116 litteram
1415 3049 1601 3115 habuerint

137 3161 208 3212 ante
235 3149 392 3214 ultimam
425 3151 610 3234 syllabam,
640 3157 725 3218 haec
755 3156 917 3239 genetivo
946 3154 1113 3237 singulari
1150 3153 1295 3217 eandem
1329 3153 1527 3239 duplicant,
1562 3155 1632 3216 ιη’

136 3249 200 3314 ltic
219 3251 480 3331 Mercurius,
503 3255 627 3320 huius
650 3255 880 3330 Mercurii;
904 3254 974 3317 hic
997 3255 1226 3340 Vergilius,
1249 3255 1373 3318 huius
1396 3252 1600 3337 Vergilii3

138 3351 182 3415 sic
214 3355 316 3416 etiam
351 3357 388 3418 in
421 3357 569 3434 neutris,
604 3369 642 3420 ut
676 3359 756 3421 hoc
786 3356 961 3434 dolium,
995 3357 1077 3421 boc
1108 3355 1277 3432 lolium,
1311 3355 1437 3419 buius
1470 3355 1598 3431 dolii,

136 3451 255 3518 huius
278 3455 395 3532 lolii,
417 3456 505 3521 lilii
525 3461 554 3540 ²)
577 3457 658 3521 lacit
681 3469 714 3522 et
738 3470 860 3523 cetera.

213 3559 243 3622 8.
269 3556 398 3622 Omnia
419 3561 563 3623 nomina
585 3560 800 3623 nominativo
826 3559 916 3625 ·OR·
940 3555 1071 3642 syllaba
1093 3557 1199 3633 finita,
1222 3571 1281 3621 aut
1303 3557 1494 3622 masculina
1506 3572 1598 3636 sunt,

134 3668 170 3718 ut
191 3657 343 3737 bonor,
373 3672 433 3724 aut
459 3660 625 3726 feminina
654 3675 751 3738 sunt,
780 3674 819 3724 ut
849 3645 1001 3736 arbor,
1024 3672 1083 3722 aut
1104 3672 1251 3738 neutra,
1269 3671 1309 3723 ut
1338 3680 1515 3745 aequor,
1538 3672 1599 3724 aut

135 3761 343 3838 eommunia,
373 3775 412 3826 ut
441 3763 602 3828 melior.
642 3762 764 3828 Solum
793 3763 908 3827 omnis
938 3763 1077 3848 generis
1111 3761 1286 3842 invenitur
1313 3781 1474 3826 memor
1501 3762 1598 3849 quod

135 3871 247 3942 potest
266 3862 468 3927 adverbium
493 3864 605 3928 iacere
628 3867 885 3930 memoriter.

216 3967 244 4032 9.
272 3963 327 4028 Ad
354 3967 608 4030 nominativum
637 3987 754 4030 casnm
782 3963 889 4029 verba
918 3965 1104 4030 accedunt:
1135 3963 1316 4040 dicitur,
1348 3963 1501 4039 fertur,
1522 3983 1597 4029 ιιο-

133 4063 322 4143 minatur,
353 4079 392 4130 ut
419 4105 461 4119 -
488 4069 648 4134 dicitur
678 4066 784 4133 Cato
817 4087 859 4131 se
888 4066 1105 4131 occidisse
1127 4063 1335 4128 —·iertnr
1369 4063 1596 4151 Pompeius

134 4165 175 4226 in
202 4165 327 4232 litore
357 4169 542 4258 Aegypti
565 4169 753 4234 iacuisse
769 4199 820 4220 -a
838 4169 1078 4233 nominatur
1098 4166 1313 4252 Angustus
1335 4169 1449 4232 inter
1473 4187 1597 4254 quos-

133 4265 232 4334 dam.

218 4374 264 4436 10.
287 4372 538 4458 Quaecumque
560 4373 777 4438 nominativo
801 4391 883 4436 casu
903 4383 982 4436 ante
1006 4370 1053 4436 *8⁸
1076 4369 1435 4436 litteramhabuerint
1456 4371 1512 4435 ·U·
1534 4391 1595 4456 ge·

130 4471 277 4549 minum,
299 4475 437 4558 generis
461 4487 541 4538 sunt
568 4475 768 4551 masculini,
796 4487 836 4537 ut
858 4494 1025 4549 servus,
1048 4493 1196 4559 equus,
1226 4475 1400 4550 arduus,
1424 4491 1593 4549 corvus,

132 4591 290 4650 cerrus,
322 4587 487 4651 torvum
513 4575 574 4641 sed
605 4577 727 4642 alvus
758 4575 832 4640 sola
861 4575 1076 4662 geminatur,
1104 4587 1144 4639 ut
1173 4613 1217 4624 —
1238 4592 1405 4640 curvam
1429 4593 1595 4658 compa·

130 4672 252 4756 gibus
272 4678 409 4742 alvum
429 4677 469 4760 ⁶).
497 4734 503 4740 .
1152 4679 1157 4687 “

178 4963 200 5030 ·)
223 4961 327 5018 scholae
349 4965 417 5018 Cod.
436 4985 469 5018 ex
486 4985 537 5021 em.
554 4987 595 5039 pr.
616 4987 650 5024 m.
670 4965 761 5020 scolae
783 4967 848 5021 Occi.
870 4986 887 5020 a
904 4985 949 5037 pr.
968 4983 1003 5018 m.
1025 4967 1046 5038 ¹)
1066 4961 1133 5029 lilii,
1152 4965 1312 5026 delendum,
1333 4967 1384 5018 nisi
1402 4969 1525 5036 superius
1545 4982 1592 5018 ea·

234 5051 324 5108 ciderit
342 5055 510 5125 exemplum:
529 5051 582 5108 lscc
600 5050 696 5108 lilium.

173 5159 205 5222 a)
228 5155 298 5228 Virg.
317 5160 384 5214 Aen.
404 5159 441 5214 11.
460 5165 504 5218 51.
