4036 6068
413 567 481 636 attt
862 525 1424 642 r‘n'outtnsnttton.

499 713 569 778 530.
595 711 785 796 Quaeritur
805 734 874 800 qua
897 713 940 780 de
963 733 1064 778 causa
1089 715 1212 779 miles
1234 735 1299 800 per
1321 713 1385 790 ·S·,
1411 725 1444 776 et
1469 705 1513 796 ⁷⁵)
1534 729 1607 778 non
1628 729 1694 796 per
1715 711 1767 774 ·Χ·
1792 710 1884 776 litte·

412 831 485 875 ram
510 804 550 892 76)
582 814 771 894 scribatnr;
800 819 866 880 bac
896 817 939 880 de
962 837 1081 896 causa,
1114 817 1279 902 quoniam
1308 833 1548 901 quaecumque
1578 815 1719 877 nomina
1743 815 1883 898 generis

411 917 606 980 communis
629 919 792 1000 genetivo
815 922 854 1001 ⁷⁷)
885 939 967 984 casu
989 921 1126 982 numeri
1149 919 1334 1004 singularis
1358 917 1454 982 uls·
1478 915 1608 998 syllaba
1630 916 1881 990 terminantur,

410 1015 497 1079 irasc
520 1037 709 1104 numquam
733 1021 949 1085 nominativo
973 1041 1052 1086 casu
1076 1021 1213 1086 numeri
1236 1019 1421 1104 singularis
1438 1013 1481 1100 ⁷⁸)
1505 1020 1557 1080 ·x·
1572 1016 1687 1081 littera
1710 1015 1882 1081 deliniun-

413 1127 476 1180 tur.
501 1119 602 1182 Nunc
626 1141 702 1184 cum
721 1125 761 1201 79)
786 1137 819 1188 et
838 1117 879 1204 ⁸⁰)
903 1126 970 1188 hoc
996 1118 1039 1207 61)
1063 1143 1192 1186 nomen
1214 1125 1338 1187 buius
1361 1121 1517 1184 militis
1539 1119 1652 1186 lacere
1675 1120 1880 1205 reperiatur,

412 1231 445 1282 et
469 1219 548 1282 ideo
572 1223 640 1286 hic
663 1223 786 1288 miles
809 1245 873 1311 per
894 1225 954 1298 ·8·.
977 1244 1049 1290 non
1070 1246 1136 1312 per
1158 1225 1210 1288 ·X·
1233 1225 1383 1290 litteram
1406 1222 1661 1308 pronuntiatur.

496 1323 569 1388 531.
599 1323 789 1406 Quaeritur
814 1347 883 1412 qua
909 1328 953 1391 de
982 1347 1085 1393 causa
1116 1326 1373 1392 Hannibalis
1400 1324 1450 1387 Ἀ·
1474 1318 1517 1405 6’)
1546 1323 1661 1388 littera
1681 1318 1743 1406 ⁸³),
1776 1343 1881 1409 qnam

411 1421 514 1486 habet
547 1439 626 1490 ante
654 1426 811 1490 ultimam
842 1427 1026 1510 syllabam,
1056 1429 1230 1515 producto
1266 1441 1413 1492 accentu
1448 1427 1711 1512 pronuntietnr;
1744 1428 1810 1488 bac
1837 1425 1880 1489 de

411 1545 528 1602 causa,
561 1528 726 1610 quoniam
756 1551 996 1616 quaecumque
1023 1531 1167 1595 nomina
1189 1531 1326 1614 generis
1349 1527 1529 1602 masculini
1557 1527 1774 1591 nominativo
1797 1545 1878 1590 casn

410 1627 546 1690 numeri
570 1629 754 1712 singularis
775 1631 859 1694 nu·
881 1632 1005 1696 litteris
1035 1633 1264 1709 deliniuntur,
1296 1633 1382 1695 baec
1404 1629 1548 1694 eandem
1565 1621 1608 1712 66)
1632 1629 1682 1691 ·Α·
1706 1629 1876 1704 litteram,

411 1747 514 1810 quam
544 1729 672 1794 babent
694 1726 738 1814 ⁸⁵)
765 1745 844 1796 ante
876 1734 925 1796 ·L·
954 1735 1114 1798 ultimum
1139 1735 1381 1810 constitutam,
1413 1733 1601 1796 secundum
1626 1732 1795 1794 rationem
1818 1749 1876 1792 sc-

410 1847 534 1892 norum
559 1851 698 1897 necesse
722 1848 774 1898 est
795 1847 833 1897 nt
854 1856 918 1920 per
939 1855 1060 1899 omnes
1084 1857 1182 1900 casus
1196 1829 1237 1916 66)
1260 1836 1456 1922 producant
1476 1829 1530 1918 67).

496 1935 568 1998 332.
594 1933 782 2017 Quaeritur
804 1957 872 2020 qua
893 1937 936 1999 de
949 1957 1051 2000 causa
1069 1939 1229 2002 vocativo
1244 1959 1324 2002 casu
1345 1937 1483 2000 numeri
1506 1933 1691 2018 singularis
1714 1954 1735 1996 o
1760 1933 1833 1996 dee
1849 1937 1878 2015 ⁸)

410 2053 474 2119 per
502 2034 586 2098 duas
616 2035 667 2100 ·E·
692 2031 735 2119 ⁸⁸)
766 2037 895 2102 litteras
926 2038 1112 2116 scribatur3
1142 2043 1208 2104 hac
1229 2040 1272 2104 dc
1296 2059 1418 2114 causa,
1448 2037 1612 2123 quoniam
1638 2053 1879 2122 quaecumque

408 2137 550 2200 nomina
573 2135 723 2202 ablativo
748 2159 829 2204 casu
852 2129 990 2204 numeri
1012 2144 1197 2226 singularis
1221 2141 1278 2206 Ὀ·
1301 2141 1417 2206 littera
1440 2141 1682 2212 terminantur,
1706 2151 1740 2202 et
1762 2137 1879 2200 nomi·

408 2236 526 2302 nativo
550 2259 630 2302 casu
653 2241 790 2304 numeri
811 2243 996 2327 singularis
1019 2243 1132 2310 bns·
1146 2240 1189 2325 69)
1211 2244 1337 2308 litteris
1359 2244 1585 2317 deliniuntur,
1609 2243 1706 2316 haec,
1730 2252 1881 2324 excepto

302 2326 330 2376 V·
347 2325 568 2422 ’ilgenetivo
593 2361 674 2404 casu
702 2343 840 2406 numeri
867 2344 1032 2431 pluralis,
1054 2365 1118 2430 per
1143 2357 1277 2410 ceteros
1307 2365 1405 2410 casus
1422 2346 1466 2428 ⁹⁰)
1488 2343 1564 2430 pari
1586 2361 1733 2405 numero
1747 2342 1791 2424 9·)
1814 2339 1885 2422 syl-

405 2440 561 2506 labarum
586 2457 726 2530 oportet
746 2445 863 2512 scribi.

491 2547 564 2610 533.
597 2547 788 2630 Quaeritur
816 2569 884 2633 qua
920 2549 962 2612 de
993 2571 1096 2615 causa
1122 2551 1251 2616 buius
1282 2549 1423 2633 Geir)
1451 2569 1515 2636 per
1535 2566 1639 2610 unam
1665 2547 1703 2609 ·1·
1728 2545 1880 2610 litteram

407 2644 595 2722 scribarum
619 2649 683 2712 bac
706 2650 749 2713 de
773 2671 891 2726 causa,
916 2653 1081 2736 quoniam
1106 2672 1346 2738 quaecumque
1368 2653 1511 2715 nomina
1534 2648 1685 2714 ablativo
1709 2665 1791 2710 casn
1815 2665 1884 2708 nn·

408 2748 497 2810 meri
519 2749 703 2832 singularis
726 2749 784 2816 Ὀ·
808 2752 923 2816 littera
944 2755 1177 2818 terminantur
1198 2770 1231 2819 et
1253 2755 1470 2818 nominativo
1495 2773 1577 2816 casu
1598 2749 1733 2814 numeri
1757 2747 1883 2831 singu·

407 2848 489 2914 laris
513 2850 612 2916 ¹1US·
636 2852 766 2934 syllaba
789 2853 1020 2933 deliniuntur,
1051 2859 1137 2922 baec
1159 2857 1321 2942 genetivo
1345 2875 1428 2922 casu
1450 2855 1586 2920 numeri
1609 2850 1794 2936 singularis
1817 2869 1883 2936 per

405 2971 510 3014 unam
536 2953 572 3015 ·l·
596 2953 745 3018 litteram
774 2957 982 3022 scribuntur.

338 3131 341 3137 1
492 3057 566 3120 534.
591 3055 781 3139 Quaeritur
802 3057 845 3122 ab
868 3079 910 3122 eo
934 3059 1028 3144 quod
1052 3059 1143 3126 dixit
1164 3061 1342 3145 Vergilius
1362 3095 1406 3110 -
1426 3073 1547 3142 terga
1569 3045 1782 3136 dabantffl)
1815 3054 1880 3135 )-

407 3175 478 3244 qua
506 3157 549 3222 de
577 3178 681 3224 cansa
709 3161 790 3224 boc
816 3173 980 3244 tergum
1012 3175 1046 3226 et
1066 3155 1110 3245 96)
1141 3182 1213 3226 non
1240 3165 1322 3226 hoc
1351 3175 1496 3246 tergus
1525 3159 1636 3223 iacere
1667 3156 1879 3241 reperiatur3

313 3260 387 3313 catu
406 3257 501 3324 *bac
521 3259 565 3324 de
589 3279 700 3336 cansa,
725 3263 891 3345 quoniam
915 3283 1153 3348 quaecumque
1165 3265 1308 3327 nomina
1321 3265 1458 3349 generis
1481 3261 1594 3326 neutri
1618 3249 1697 3340 a⁹⁵)
1720 3255 1881 3319 nomina·

407 3361 480 3426 tivo
504 3381 586 3425 casu
608 3364 744 3428 numeri
767 3363 951 3447 singularia
974 3366 1010 3428 in
1040 3367 1237 3429 accusativo
1261 3387 1343 3430 casu
1365 3366 1502 3428 numeri
1525 3360 1670 3448 pluralis
1692 3377 1756 3443 per
1778 3355 1881 3438 sylla-

406 3461 487 3528 bam
515 3481 586 3526 non
618 3477 799 3542 crescunt,
831 3467 916 3529 haec
938 3486 1128 3552 numquam
1153 3457 1198 3551 96)
1223 3469 1439 3532 nominativo
1464 3487 1545 3530 casu
1567 3463 1704 3526 numeri
1727 3456 1881 3541 singula-

407 3564 456 3628 ris
478 3561 559 3627 ·th·
581 3563 706 3630 litteris
729 3566 958 3644 definiuntur,
983 3581 1016 3632 ct
1038 3569 1117 3634 ideo
1140 3582 1278 3654 terga,
1302 3573 1380 3636 hoc
1402 3582 1568 3653 tergum
1591 3565 1682 3646 etat)
1705 3581 1778 3624 uon
1801 3561 1881 3622 hoc

408 3678 556 3750 tergus
579 3666 691 3732 lacere
714 3671 970 3754 pronuntiatur.

495 3771 568 3834 535.
602 3768 791 3852 Quaeritur
813 3771 856 3834 ab
880 3793 921 3834 eo
945 3772 1039 3856 quod
1063 3771 1153 3836 dixit
1174 3773 1351 3858 Vergilius
1381 3809 1425 3823 -
1446 3771 1637 3854 Tergora
1659 3763 1884 3849 diripiunt

411 3870 592 3952 costis‘)
609 3905 651 3920 --
667 3892 735 3956 qua
749 3871 792 3935 de
806 3893 908 3936 causa
921 3867 965 3954 96)
988 3875 1070 3937 hoc
1093 3889 1239 3958 tergus
1263 3888 1296 3938 et
1311 3876 1356 3957 ⁹⁹)
1378 3893 1450 3941 nun
1472 3875 1553 3938 boc
1573 3865 1884 3972 ,tergumuiacerc

411 3970 671 4056 pronuntiatum
694 3975 759 4041 bac
782 3973 825 4038 de
849 3994 967 4054 causa,
990 3977 1156 4060 quoniam
1180 3995 1420 4062 quaecumque
1441 3975 1584 4038 nomina
1605 3969 1743 4055 generis
1765 3965 1886 4029 neutri

416 4355 427 4376 .
456 4299 493 4370 ⁷⁵)
513 4305 540 4350 66
559 4299 591 4351 Β·
613 4298 648 4352 V·
667 4321 703 4348 =
722 4300 756 4354 A.
777 4301 816 4370 ⁹⁶)
836 4297 953 4354 litteram
974 4305 1010 4358 V.
1030 4307 1066 4358 A.
1086 4336 1120 4346 -
1140 4302 1230 4358 littera
1248 4307 1280 4360 B.
1302 4307 1339 4378 ²⁷)
1359 4305 1485 4376 genetivo
1504 4303 1536 4356 Β.
1557 4301 1594 4356 V·
1614 4315 1682 4349 -1
1701 4292 1829 4368 geneiivo
1849 4293 1888 4344 A·

520 4387 557 4456 ²⁸)
576 4385 680 4438 numeri
699 4383 843 4456 singularis
862 4389 892 4442 ΒΙ
904 4391 939 4446 A.
959 4389 1157 4462 -singularis
1177 4395 1281 4446 numeri
1301 4393 1336 4446 V.
1357 4399 1391 4460 ⁷⁹)
1412 4409 1474 4444 curu
1493 4391 1525 4446 Β.
1545 4389 1582 4444 V.
1601 4418 1636 4428 -
1655 4402 1737 4456 quum
1756 4382 1794 4434 A.
1812 4381 1892 4453 ⁸⁰)tt

412 4525 426 4540 ..
519 4475 551 4529 Β·
573 4474 610 4529 V·
628 4495 664 4524 =
681 4474 718 4528 A·
745 4476 779 4546 ⁸¹)
799 4471 853 4527 boc
872 4477 907 4530 V.
927 4477 963 4530 A.
983 4511 1017 4518 —
1036 4475 1103 4530 buec
1122 4481 1152 4534 B.
1180 4481 1215 4547 ”l
1237 4483 1275 4534 ·Α·
1295 4481 1325 4534 B.
1345 4504 1381 4530 =
1401 4479 1436 4534 V.
1456 4479 1491 4534 A.
1519 4478 1555 4545 ι’)
1573 4475 1666 4527 litters
1686 4471 1764 4524 ΚΒ.
1785 4487 1819 4520 r:
1836 4486 1891 4518 em.

519 4583 562 4636 1²7·
578 4581 613 4616 Μ·
640 4561 677 4614 A·
696 4591 732 4602 “·
748 4558 867 4614 litteram
887 4563 919 4617 Β.
940 4585 957 4616 α
979 4585 1022 4633 pr.
1045 4585 1078 4618 m.
1108 4567 1144 4634 66)
1168 4565 1235 4620 baec
1254 4567 1367 4629 caudens
1388 4569 1423 4622 V.
1442 4597 1479 4610 -
1496 4562 1564 4616 banc
1589 4559 1683 4613 cudens
1707 4559 1742 4612 B.
1761 4585 1797 4600 ι-
1816 4553 1892 4604 bruc

522 4647 637 4704 candem
656 4648 693 4702 A.
713 4649 750 4721 ⁸⁵)
769 4645 873 4703 babent
890 4651 921 4706 B.
944 4653 980 4712 V.
999 4655 1034 4706 A.
1057 4650 1190 4708 -babet
1210 4657 1238 4708 Ρ.
1267 4658 1302 4724 ¹⁶)
1323 4673 1402 4706 casus
1420 4655 1453 4708 Β.
1472 4654 1509 4706 A.
1527 4679 1563 4692 -
1581 4664 1679 4700 castrus
1699 4647 1735 4701 V.
1764 4645 1800 4706 ⁸²)
1820 4659 1892 4710 prc-

523 4737 627 4792 tlucaut
644 4737 676 4790 B.
696 4735 732 4794 V.
751 4746 787 4780 ·-‘
804 4737 975 4809 producatur
992 4740 1028 4792 A.
1050 4743 1086 4812 ι6)
1107 4741 1146 4793 ·Ε·
1166 4743 1196 4794 Β.
1210 4743 1246 4797 V.
1266 4766 1303 4792 =
1319 4743 1355 4797 A.
1382 4743 1417 4812 ⁸⁹)
1438 4739 1530 4794 bus·
1548 4739 1582 4790 Β.
1602 4736 1639 4790 V.
1655 4735 1692 4786 A.
1710 4761 1748 4774 -
1766 4728 1835 4784 'U8·
1858 4729 1892 4779 Ρ-

523 4829 559 4898 ⁹⁰)
580 4841 659 4877 casus
677 4825 709 4878 B.
729 4826 765 4879 A.
783 4856 820 4868 -
838 4843 936 4878 casuue
957 4827 992 4880 V.
1012 4830 1048 4898 ο“)
1068 4847 1180 4882 numero
1201 4830 1236 4882 V.
1255 4833 1291 4884 A.
1310 4861 1347 4872 -
1363 4847 1476 4882 uomrro
1495 4829 1526 4880 B.
1546 4829 1583 4888 ⁹¹)
1604 4823 1656 4878 Gai
1674 4821 1706 4874 Β.
1727 4818 1765 4872 V.
1783 4845 1821 4859 -
1838 4815 1896 4868 Cri

524 4912 561 4967 A·
581 4915 616 4981 ⁹¹)
637 4907 741 4967 dabant
758 4943 794 4954 -
812 4911 918 4968 dubunt
936 4916 967 4967 n.
980 4915 1015 4968 V.
1025 4916 1061 4968 A.
1081 4917 1119 4986 νε)
1141 4925 1168 4969 et
1187 4917 1218 4970 n
1239 4919 1275 4972 V.
1293 4941 1330 4966 =
1347 4917 1383 4971 A.
1403 4919 1440 4988 νε)
1459 4933 1473 4966 ι
1493 4915 1524 4966 n.
1545 4913 1580 4967 V.
1600 4911 1636 4965 Α.
1655 4931 1691 4958 =
1708 4908 1741 4959 r.
1760 4906 1797 4972 νε)
1809 4919 1898 4953 nm

519 5017 607 5082 ‘qnam
625 4999 658 5052 Β.
679 5000 715 5054 V.
734 5030 770 5043 -
788 5017 926 5072 nunquam
945 5004 981 5056 A.
1009 5009 1045 5070 9ι’)
1065 5013 1092 5058 et
1111 5007 1142 5057 B.
1163 5005 1200 5059 V.
1219 5028 1254 5056 ,τ
1272 5006 1308 5060 Α,
1334 5007 1369 5076 tt)
1389 5021 1442 5078 qu.
1468 5001 1502 5054 de
1522 5017 1603 5052 causa
1628 4999 1658 5052 Β,
1680 4997 1717 5052 V,
1736 4995 1821 5048 1².-
1840 4987 1898 5040 bac

528 5084 563 5138 de
582 5101 663 5138 causa
682 5086 810 5156 quonism
827 5087 864 5140 A.
884 5108 899 5140 e
915 5108 980 5141 mox
995 5095 1168 5164 sequentibus
1181 5113 1399 5168 praeoccupans.
1419 5095 1454 5162 9θ)
1474 5099 1502 5144 ct
1520 5091 1552 5144 Β.
1571 5088 1608 5144 V·
1628 5109 1664 5136 =
1681 5087 1718 5140 A·

458 5215 491 5282 ι)
514 5207 571 5264 Cir·
602 5201 895 5263 suessanum...
913 5207 962 5263 lu·
982 5210 1017 5265 υ.
1037 5217 1081 5271 m.
1102 5216 1130 5282 bt
1150 5213 1301 5286 vamina
1322 5215 1384 5268 xn.
1403 5217 1465 5274 res.
1486 5217 1511 5284 e)
1531 5211 1606 5280 vam.
1626 5210 1694 5262 aa.
1714 5203 1736 5256 r.
1755 5206 1821 5258 att.
