4036 6068
585 477 1147 540 saorransurnon.
1534 479 1605 552 n

142 623 308 710 praesenti
337 625 410 692 sive
439 626 597 694 instanti:
626 628 823 714 probaris
846 641 1004 716 tempore
1025 627 1233 715 praeterito:
1260 624 1489 714 probatum
1511 645 1604 692 esse

143 725 193 790 rel
215 725 367 804 fuisses
389 740 548 814 temporo
571 727 687 796 futuro
703 722 763 814 ⁷⁸)r
787 731 1015 819 probatum
1037 732 1095 796 iri
1112 725 1164 814 ⁷⁵).

221 828 330 894 Modo
362 830 530 914 optativo,
563 841 719 916 tempore
749 835 923 919 praesenti
952 834 1024 898 sive
1049 833 1201 898 instanti.
1233 831 1379 896 Numeri
1400 831 1604 916 singularis:

143 929 268 992 utinam
316 930 499 1017 probor,
547 935 681 1000 utinam
730 935 958 1021 proberis,
1007 935 1143 999 utinam
1184 933 1420 1022 prohetare
1467 933 1607 998 numeri

144 1031 280 1116 pluralis
308 1027 374 1117 ⁷⁶)²
410 1035 545 1099 utinam
578 1035 832 1121 probemur,
862 1039 996 1102 utinam
1030 1035 1300 1124 probemini,
1339 1037 1472 1102 utinam
1508 1053 1606 1120 pro-

146 1133 311 1200 hautun

220 1235 356 1300 Eodem
374 1237 492 1314 modo,
507 1251 665 1325 tempore
679 1241 880 1326 praeterito,
894 1239 1010 1326 speeie
1023 1241 1215 1329 inperfecta
1227 1241 1271 1323 ⁷⁷)
1283 1241 1356 1306 sire
1372 1240 1487 1304 minus
1502 1257 1608 1325 quarn

24 1393 25 1418 ,
143 1336 291 1422 perfecta
317 1338 373 1404 vel
400 1340 608 1406 inchoativa.
637 1341 783 1406 Numeri
812 1342 1020 1428 singularis:
1053 1344 1185 1408 utinam
1213 1341 1436 1428 probarer,
1473 1343 1607 1406 utinam

146 1439 416 1522 probareris,
450 1443 583 1506 utinam
612 1443 895 1529 probaretur;
929 1446 1067 1508 numeri
1094 1444 1238 1532 pluralis
1261 1437 1323 1526 ⁷⁸)r
1350 1444 1485 1510 utinam
1511 1463 1609 1530 pro-

146 1539 353 1618 baremur,
377 1543 511 1609 utinam
533 1545 845 1630 probaremini,
867 1547 1000 1610 utinam
1022 1547 1324 1632 probarentur.

221 1641 357 1708 Eodem
387 1645 505 1720 modo,
534 1646 657 1712 eodem
680 1661 838 1734 tempore
861 1651 914 1731 7⁹),
937 1650 1054 1735 speeie
1075 1648 1228 1736 periente
1249 1649 1322 1713 sire
1343 1646 1512 1712 absolute.
1533 1645 1611 1710 Nu·

146 1743 228 1808 tueri
255 1745 455 1828 singularis:
490 1749 623 1811 utinam
652 1749 867 1834 probatus
895 1751 994 1826 sim,
1022 1751 1154 1814 utinam
1184 1750 1396 1836 probatus
1425 1749 1506 1825 sis,
1539 1747 1611 1812 uti·

146 1863 220 1908 uam
256 1845 468 1931 probatus
503 1850 585 1925 sit3
620 1853 757 1914 numeri
791 1852 936 1938 pluralis
965 1843 1031 1938 8“)ε
1067 1853 1200 1916 utinam
1241 1849 1420 1938 probati
1455 1849 1609 1928 simut,

146 1946 274 2012 utinmu
298 1948 478 2032 probati
501 1951 620 2028 sitis,
646 1953 780 2016 ulmam
803 1953 978 2039 probati
1001 1954 1098 2018 sint.

224 2048 272 2114 Et
293 2049 459 2115 ulteriore
481 2051 636 2136 perfeota
656 2053 728 2118 sive
751 2053 919 2120 absoluta.
954 2055 1101 2118 Numeri
1122 2052 1324 2139 singularior
1351 2053 1486 2118 utinam
1513 2069 1611 2136 pro-

147 2148 267 2214 batus
297 2149 472 2229 fuerim,
506 2157 639 2224 utinam
674 2154 883 2241 probatus
912 2155 1067 2232 fueris,
1104 2157 1237 2220 utinam
1273 2153 1486 2241 probatus
1521 2151 1613 2216 fne-

148 2251 217 2328 rit3
245 2253 383 2318 numeri
411 2253 556 2340 pluralis
585 2252 653 2339 ⁸¹):
687 2258 821 2322 utinam
851 2256 1031 2344 probati
1060 2257 1302 2332 fuerimus,
1345 2256 1479 2319 utinam
1515 2271 1612 2339 pro·

147 2350 235 2417 bati
264 2353 452 2432 fueritis,
487 2358 621 2421 utinam
650 2358 835 2444 probati
863 2358 1037 2424 fuerint.
1293 2361 1296 2368 ’
1347 2378 1350 2384 ’

223 2455 359 2520 Eodem
384 2458 502 2534 modo,
524 2459 646 2524 eodem
671 2472 839 2546 tempore,
856 2463 971 2548 speeie
993 2457 1334 2545 plusquamperfecto
1355 2458 1428 2522 sive
1449 2455 1614 2520 reeorda-

149 2557 215 2620 tira
234 2557 291 2622 vel
311 2572 445 2624 exacta.
473 2559 620 2645 Numeri
647 2563 850 2646 singularia:
879 2564 1013 2626 utinam
1043 2561 1255 2646 probatus
1290 2579 1446 2633 essem,
1479 2557 1618 2620 utinam·

148 2658 356 2742 probatus
379 2681 513 2737 esses,
536 2664 668 2728 utinam
691 2662 901 2750 probatus
925 2675 1054 2738 esset3
1082 2661 1218 2726 numeri
1231 2659 1375 2747 pluralis
1396 2653 1458 2743 ⁸'):
1479 2659 1613 2722 utinam
1649 2735 1652 2740 Ι

148 2760 320 2844 probati
364 2783 588 2842 essemus,
624 2765 759 2828 utinam
799 2763 979 2850 probati
1019 2763 1205 2838 essetis,
1249 2762 1383 2826 utinam
1431 2758 1614 2848 probati

150 2875 297 2928 essent.

225 2965 272 3028 Et
300 2965 465 3030 ulteriore
493 2966 833 3054 plusquamperfecto
863 2967 935 3031 sive
965 2964 1182 3030 recordativa
1210 2963 1267 3028 vel
1295 2973 1428 3028 exacta.
1465 2959 1614 3024 Numeri

149 3065 344 3150 singulariae
382 3069 513 3133 utinam
543 3068 760 3154 probatus
790 3068 988 3143 fuissem,
1024 3067 1157 3130 utinam
1194 3063 1404 3150 probatus
1442 3061 1614 3137 fuisses,

149 3168 274 3230 utinam
319 3169 534 3254 probatus
576 3168 757 3246 fuisset;
794 3170 931 3234 numeri
968 3167 1113 3253 pluralia
1147 3161 1212 3248 ⁰¹)=
1257 3165 1388 3228 utinam
1434 3161 1614 3248 probati

151 3265 390 3346 fuissemus,
419 3272 552 3336 utinam
580 3269 757 3356 probati
786 3271 1010 3344 fuissetis,
1037 3268 1168 3331 utinam
1207 3265 1382 3352 probati
1418 3263 1611 3328 fuissent

227 3369 362 3436 Eodem
386 3373 492 3436 modo
514 3385 673 3458 tempore
701 3371 827 3436 futuro.
856 3370 1003 3436 Numeri
1025 3368 1234 3452 singularia:
1264 3367 1397 3430 utinam
1431 3363 1613 3453 prober,
1734 3371 1737 3380 “

149 3469 277 3536 utinam
300 3472 526 3558 proberis,
547 3476 680 3539 utinam
703 3473 929 3560 proborum
952 3472 1086 3536 numeri
1109 3468 1253 3556 pluralis
1269 3458 1332 3550 ’ἢκ
1360 3467 1494 3530 utinam
1516 3483 1614 3552 pro·

149 3567 311 3648 bemur,
334 3575 468 3638 utinam
490 3575 757 3661 probemini,
779 3575 912 3637 utinam
934 3571 1191 3658 probentur.

229 3674 339 3740 Modo
362 3677 586 3741 ooniunotivo
608 3678 680 3742 sive
703 3676 869 3751 iunetivo,
892 3686 1050 3759 tempore
1071 3671 1246 3760 praesenti
1268 3669 1340 3733 sire
1362 3667 1515 3732 instanti.
1537 3646 1652 3730 NuJ.
1667 3659 1719 3710 ²⁹²

148 3777 232 3838 meri
267 3777 470 3861 singularis:
502 3799 580 3842 oum
610 3779 665 3842 vel
695 3779 724 3842 si
752 3776 928 3863 prober,
959 3795 1038 3839 oum
1060 3773 1116 3838 vel
1138 3772 1167 3836 ai
1197 3770 1417 3857 proberis,
1447 3787 1526 3832 eum
1556 3765 1612 3830 vel

147 3877 177 3938 si
210 3877 445 3962 probetur;
476 3881 614 3946 numeri
642 3878 810 3966 pluralis:
843 3897 922 3942 eum
953 3875 1010 3942 vol
1041 3875 1070 3940 si
1097 3873 1353 3962 probemur,
1389 3889 1469 3934 oum
1497 3867 1554 3932 vel
1582 3867 1612 3931 si

146 3975 407 4062 probemini,
438 4001 517 4044 cum
540 3980 596 4045 vel
625 3982 654 4044 si
680 3979 933 4066 probentur.
1068 4043 1076 4066 s
1433 3989 1435 3992 ’

229 4081 363 4146 Eodem
386 4083 504 4157 modo,
528 4095 686 4168 tempore
702 4081 902 4166 praeterito,
925 4079 1041 4165 specio
1063 4074 1253 4162 inperfeota
1274 4073 1347 4136 sive
1370 4072 1483 4134 miuus
1507 4089 1613 4155 quarn

145 4180 297 4266 perfecta
325 4183 381 4246 vel
403 4178 446 4267 ⁸⁵)
475 4186 683 4248 inchoativa.
720 4181 866 4246 Numeri
896 4180 1096 4266 singularis:
1127 4196 1205 4241 oum
1235 4175 1292 4239 vel
1321 4175 1351 4238 si
1378 4171 1613 4259 probarer,

145 4303 225 4346 oum
254 4283 309 4348 vel
338 4285 368 4347 si
397 4283 669 4371 probareris,
693 4303 771 4348 curn
795 4283 850 4347 vel
874 4283 903 4346 si
925 4281 1207 4369 probaretur3
1236 4275 1373 4340 numeri
1394 4263 1614 4360 pluralis⁸⁰lr

145 4403 226 4446 eum
254 4384 310 4449 vel
339 4386 368 4448 si
396 4387 696 4472 probaremur,
721 4407 799 4450 cum
821 4384 878 4449 vel
899 4385 928 4448 si
948 4379 1265 4470 probaremini,
1289 4398 1369 4442 cum
1389 4375 1446 4442 vel
1469 4375 1498 4439 si
1519 4392 1616 4459 pro-

143 4487 373 4556 barentur.

188 4693 226 4762 ⁷⁴)
249 4701 372 4763 tempore
387 4693 479 4746 futuro
497 4693 533 4746 V.
548 4692 585 4745 A.
606 4721 641 4734 -
653 4691 775 4743 futorum
790 4691 822 4744 B.
849 4691 887 4760 ⁷⁵)
903 4689 938 4740 iri
956 4688 993 4741 V.
1008 4687 1044 4740 A.
1058 4715 1093 4726 -
1107 4686 1147 4738 ire
1162 4683 1196 4736 B.
1226 4681 1263 4752 θ’)
1276 4677 1381 4732 numeri
1394 4674 1507 4748 pluralis
1523 4675 1556 4728 V
1553 4711 1561 4728 .
1577 4673 1615 4727 A·

251 4775 287 4831 ε’
301 4780 334 4833 B.
354 4785 390 4847 ⁷²)
405 4781 556 4852 inperfecta
567 4781 600 4834 B.
616 4781 652 4834 V.
669 4809 704 4824 ·-
719 4777 879 4849 imperfecta
891 4776 928 4829 A.
948 4777 985 4844 7·)
1003 4771 1109 4825 numeri
1127 4765 1241 4842 pluralis
1260 4768 1297 4821 V.
1315 4766 1352 4819 A.
1365 4763 1442 4817 ==B.
1462 4763 1500 4832 ⁷⁹)
1512 4757 1611 4812 eodm

252 4875 376 4938 ternpore
402 4869 437 4921 B.
466 4868 502 4922 V.
527 4897 563 4910 -
587 4877 711 4938 tempore
735 4863 833 4919 eodem
858 4863 894 4916 A.
922 4863 959 4928 ⁸⁰)
977 4858 1083 4912 numeri
1101 4855 1215 4929 pluralis
1236 4855 1271 4908 V.
1290 4853 1326 4906 A.
1344 4873 1382 4902 =
1398 4851 1430 4904 B.
1451 4851 1486 4918 '·)
1505 4846 1611 4901 numeri

251 4951 364 5026 pluralis
390 4956 426 5008 V.
451 4957 488 5008 A.
506 4977 543 5004 =
561 4957 592 5008 B.
619 4956 657 5025 ⁸¹)
676 4954 780 5005 numeri
799 4948 913 5024 pluralis
933 4949 969 5004 V.
988 4947 1025 5000 A.
1044 4975 1080 4989 -
1098 4953 1127 5000 et
1143 4939 1242 5027 plusti.
1261 4942 1295 4996 lt.
1320 4940 1356 5009 ⁸⁸)
1376 4935 1483 4990 numeri
1499 4929 1615 5006 pluralis

251 5041 286 5095 V.
306 5042 343 5095 A.
362 5063 398 5091 =
416 5043 448 5095 B.
468 5042 505 5110 ⁸⁴)
524 5042 630 5094 uoueri
647 5037 761 5112 pluralis
782 5039 818 5096 V.
838 5039 875 5093 A.
893 5065 928 5082 -·
948 5045 977 5090 et
994 5031 1092 5107 plural.
1111 5034 1142 5087 B.
1173 5031 1208 5100 ις)
1227 5026 1271 5084 rel
1289 5028 1320 5081 B.
1342 5027 1379 5084 V.
1399 5025 1430 5080 Ρ.
1450 5053 1483 5064 -
1502 5019 1559 5075 tivo
1572 5017 1607 5074 A·

250 5131 283 5198 16)
303 5128 407 5181 numeri
426 5125 539 5201 pluralis
559 5129 597 5186 V.
616 5131 654 5184 A.
673 5151 708 5179 ι.-
726 5129 758 5182 Β.
1079 5137 1080 5141 ’
