4032 6070
595 499 1154 560 ruostsssntnos.
1541 507 1611 584 8⁰8

143 649 181 714 dc
210 665 315 712 cansa
343 663 388 710 ex
416 643 616 731 supradicto
646 667 727 713 casu
756 651 929 715 interdum
959 663 1104 738 propter
1126 665 1236 718 metra
1262 651 1317 718 vel
1339 663 1528 718 structuras
1552 653 1608 736 ·0·

145 751 302 814 ultimum
325 761 361 812 et
382 749 418 812 iu
442 747 537 811 ·UM·
561 749 692 814 litteras
715 765 930 830 convertant,
953 767 992 816 ut
1013 754 1211 838 genetivum
1236 775 1353 818 casum
1376 756 1513 818 numeri
1529 756 1607 842 plu-

72 889 74 894 .
145 852 220 917 ralis
243 851 413 927 efficiant,
437 851 505 914 ltoc
527 852 563 914 in
586 855 705 917 metris
727 854 782 917 vel
805 856 986 918 structuris
1009 867 1248 941 competenter
1270 856 1493 920 tractabimus
1512 851 1564 939 35).
1612 921 1617 929 ,

222 956 297 1020 353.
321 953 407 1016 ltcm
431 954 468 1016 iu
491 954 556 1016 hac
570 957 803 1042 suprascripta
818 957 929 1020 lorma
941 958 1079 1042 generis
1097 957 1293 1037 masculini,
1314 979 1382 1044 qua
1397 959 1549 1022 diximus
1564 952 1608 1042 36)

22 1141 23 1146 ¹
143 1054 289 1121 ablativo
313 1075 395 1118 casu
416 1056 553 1118 numeri
576 1056 759 1141 singularis
782 1061 925 1122 nomina
948 1059 1005 1124 ·0·
1028 1059 1143 1123 littera
1166 1061 1360 1136 terminari,
1392 1072 1426 1123 et
1448 1063 1607 1124 nomina-

143 1159 208 1222 tivo
236 1177 320 1222 casu
347 1158 485 1220 numeri
514 1159 698 1243 singularis
727 1159 837 1225 ·AUS·
870 1161 993 1225 litteris
1017 1161 1170 1237 deliniri,
1199 1164 1267 1226 hoc
1290 1181 1488 1238 monemus,
1513 1163 1607 1247 quod

143 1279 182 1324 ex
208 1279 251 1322 ea
280 1279 354 1323 nou
382 1278 425 1324 eo
453 1258 596 1345 plurimi
620 1263 713 1338 soni,
737 1265 896 1340 honest,
927 1285 968 1328 eo
991 1264 1142 1351 plurima
1163 1263 1307 1328 nornina
1328 1265 1464 1350 possint
1480 1259 1523 1348 ³5)
1547 1285 1608 1328 ex-

144 1361 259 1426 biberi.

220 1466 275 1528 De
298 1461 409 1527 torma
431 1465 569 1548 generis
592 1466 790 1544 masculini,
823 1489 892 1553 qua
914 1459 958 1552 ³⁸)
987 1467 1138 1533 ablativo
1163 1488 1244 1532 casu
1266 1468 1403 1532 numeri
1426 1468 1610 1552 singularis

144 1566 280 1630 nomina
311 1563 370 1630 ·0·
401 1565 517 1630 liitera
544 1569 774 1632 terminantur
803 1583 837 1634 et
858 1565 901 1654 ³⁹)
923 1571 1139 1634 nominativo
1164 1591 1244 1634 casu
1267 1571 1403 1634 numeri
1426 1571 1610 1655 singularis

145 1669 251 1732 ·AUS·
274 1668 400 1733 litteris
422 1668 633 1732 definiuntur
647 1663 703 1754 ⁴⁰),
728 1685 894 1756 quantum
919 1675 1006 1736 ratio
1029 1671 1211 1759 poscebat,
1236 1673 1468 1736 tractavimus.
1557 1667 1561 1674 ¹

221 1773 297 1836 354.
324 1769 391 1834 DE
415 1769 528 1834 ·Ens·
549 1763 604 1855 l¹).
634 1765 884 1859 Quaecumque
913 1776 1056 1838 nomina
1086 1775 1223 1859 generis
1253 1774 1435 1838 masculini
1458 1773 1610 1838 ablativo

145 1890 217 1934 casu
238 1871 377 1933 numeri
401 1871 585 1956 singularis
609 1873 665 1937 ·0·
689 1874 803 1940 littera
826 1877 1056 1940 terminantur
1078 1889 1111 1939 et
1133 1877 1349 1939 nominativo
1370 1883 1451 1940 casu
1473 1877 1611 1941 numeri

145 1971 452 2056 singularissEUS·
468 1973 592 2038 litteris
609 1974 828 2053 definiuntur,
853 1990 1013 2063 utputa:
1037 1978 1084 2042 ub
1107 1980 1185 2042 hoc
1208 1977 1390 2055 Ilioneo,
1413 1979 1485 2043 hic
1508 1977 1610 2043 llio-

144 2093 241 2138 neus
257 2066 314 2158 ⁴²),
338 2077 423 2138 baec
446 2075 489 2138 ad
512 2078 580 2141 boo
602 2078 801 2164 exemplum
826 2081 1061 2144 declinantur:

220 2175 370 2240 Numeri
393 2177 593 2262 singularis:
618 2181 685 2244 hic
709 2179 920 2259 Ilioneus,
944 2183 1068 2246 huius
1092 2182 1269 2260 llionei,
1301 2182 1399 2248 huic
1421 2181 1608 2260 Ilioneo,

144 2279 248 2344 hunc
280 2278 505 2357 llioneum,
538 2301 559 2344 o
589 2282 757 2346 Ilionee
779 2286 833 2367 ¹),
864 2283 914 2348 ab
946 2287 1024 2348 hoo
1053 2285 1241 2360 Ilioneo;
1279 2285 1416 2348 numeri
1444 2284 1608 2370 pluralist

144 2381 179 2442 lsi
206 2380 387 2458 Ilionei,
417 2383 565 2448 horum
597 2383 877 2462 llioueorum,
906 2387 971 2450 his
1004 2387 1208 2464 Ilioneis,
1238 2388 1314 2450 hos
1343 2386 1556 2461 Ilioneos,
1586 2406 1608 2450 o

145 2481 319 2561 lliouei,
342 2483 390 2548 ab
413 2485 477 2548 bis
501 2485 696 2552 llioueis.

221 2583 282 2650 Sic
305 2575 350 2669 ⁴³)
372 2598 406 2649 et
432 2587 499 2650 alia
520 2589 657 2672 generis
682 2588 864 2654 masculini
885 2591 1051 2666 uomina,
1084 2609 1173 2674 quae
1197 2587 1348 2652 ablativo
1371 2607 1451 2652 casu
1474 2590 1611 2652 numeri
1624 2603 1651 2651 tt.
1667 2615 1718 2664 εις

143 2686 322 2770 singularis
332 2685 513 2752 ·0·littera
527 2691 757 2755 terminantur
770 2705 803 2756 et
818 2693 1034 2756 nominativo
1050 2712 1131 2756 casu
1149 2691 1285 2754 numeri
1302 2689 1485 2772 singularis
1500 2690 1612 2754 ·EUS·

143 2787 260 2852 litteris
278 2789 500 2869 deliniuntur,
515 2792 558 2855 sd
569 2793 768 2880 exemplum
790 2795 947 2859 Ilionei
961 2814 1024 2880 per
1037 2783 1208 2875 omnesli)
1224 2785 1369 2872 casnsl⁵)
1382 2791 1611 2858 declinantur.

219 2895 294 2957 355.
317 2891 420 2957 Nunc
441 2893 478 2956 in
494 2895 560 2958 bac
582 2898 817 2983 suprascripta
832 2889 876 2979 ⁴⁶)
900 2897 1010 2960 lorma
1027 2897 1216 2982 quaeritur,
1235 2913 1303 2979 qua
1326 2893 1368 2956 de
1385 2913 1486 2957 causa
1505 2915 1612 2958 voca-

145 2991 226 3056 tivus
241 2984 286 3076 ⁴⁷)
303 3013 401 3058 casus
417 2997 555 3060 numeri
570 2998 754 3082 singularis
776 3019 840 3086 per
855 2998 939 3062 duas
950 2999 999 3060 ·E·
1019 2994 1057 3079 ²⁸)
1072 2997 1204 3061 litteras
1219 2995 1413 3080 reperiatur
1425 2985 1468 3074 ve)
1485 2993 1612 3058 scribi?

143 3093 209 3158 liae
226 3089 270 3178 ⁵⁰)
291 3096 335 3160 de
359 3116 476 3174 causa,
501 3101 667 3183 quoniam
692 3121 931 3186 quaecumque
954 3101 1098 3163 nomina
1119 3097 1286 3182 *generis
1309 3095 1492 3158 masculini
1515 3094 1638 3161 ablu-r
1653 3115 1719 3162 sss.

144 3195 209 3260 tivo
231 3216 315 3261 castr
335 3199 472 3261 numeri
495 3201 678 3284 singularis
702 3202 759 3267 ·0·
782 3202 897 3265 littera
918 3202 1148 3264 terminantur
1164 3194 1220 3283 ⁵¹),
1244 3211 1278 3262 et
1291 3197 1509 3262 nominativo
1528 3217 1611 3261 casu
1634 3171 1704 3222 eota.

143 3298 272 3361 numeri
300 3299 485 3382 singularis
518 3303 630 3367 ·EUS·
661 3304 784 3368 litteris
816 3303 1041 3380 deliniuntur,
1072 3304 1158 3367 haec
1187 3313 1336 3387 excepto
1359 3300 1521 3383 genetivo
1544 3318 1610 3362 un-

143 3400 224 3562 peri
254 3400 399 3485 pluralis
426 3423 492 3490 per
521 3417 654 3470 ceteros
686 3427 784 3470 casus
806 3397 850 3490 ⁵¹)
880 3406 957 3491 pari
983 3423 1128 3468 numero
1149 3395 1190 3486 ⁵³)
1220 3401 1429 3484 syllabarum
1450 3393 1494 3483 εἱ)
1524 3402 1610 3465 scri·

167 3514 277 3567 untur.

226 3606 298 3671 356.
323 3605 410 3670 Item
433 3605 558 3672 iubae
586 3609 783 3694 supradicta
808 3609 918 3672 lorma
947 3609 1015 3672 bor.
1037 3625 1237 3681 monemus,
1268 3603 1364 3689 qnod
1393 3604 1462 3667 sint
1493 3603 1610 3688 aliqua

142 3707 297 3786 uomina,
321 3729 410 3793 qnae
433 3709 605 3773 interdum
629 3723 774 3797 propter
796 3723 906 3774 metra
928 3708 984 3772 vel
1007 3721 1195 3773 structuras
1218 3705 1369 3771 ablativo
1386 3697 1428 3789 ·”’)
1450 3726 1531 3770 casu
1545 3723 1611 3768 nu-

141 3807 227 3870 meri
246 3809 431 3894 singularis
454 3809 512 3876 ·O·
535 3812 696 3877 ultimum
721 3826 754 3877 et
769 3807 814 3897 ⁵⁰)
837 3813 873 3876 in
896 3810 989 3876 ·UM·
1013 3812 1143 3876 litteras
1167 3819 1387 3883 convertant,
1415 3821 1454 3872 ut
1476 3807 1610 3894 geneti-

144 4006 1601 4036 —————--—-——-·-————-—--=--—--·-”-···

185 4109 222 4178 ⁸⁵)
248 4108 423 4164 tractabimus
443 4113 479 4168 V.
498 4111 534 4166 A.
554 4142 589 4155 -
608 4111 781 4166 tractivimus
808 4114 843 4166 Β.
864 4113 899 4182 ¹⁸)
920 4111 1027 4182 generis
1044 4107 1189 4165 masculini
1216 4129 1269 4184 qua
1288 4108 1406 4162 diximus
1426 4110 1458 4162 Β.
1474 4109 1510 4164 V.
1528 4110 1558 4162 Ρ.
1575 4141 1611 4153 -

244 4217 295 4271 qua
314 4195 434 4252 diximus
452 4203 560 4270 generis
580 4199 724 4253 masculini
742 4201 779 4255 A.
800 4205 837 4273 17)
857 4201 968 4282 possint
986 4201 1018 4252 B.
1040 4199 1072 4252 V
1070 4237 1076 4250 .
1096 4201 1127 4251 Ρ.
1146 4207 1319 4271 —possunt
1337 4199 1375 4252 A.
1395 4199 1432 4269 ⁴⁸)
1452 4214 1505 4269 qna
1524 4197 1561 4250 V.
1575 4225 1612 4239 ·-

244 4303 311 4358 quaa
329 4285 367 4341 A.
387 4313 421 4333 -ι
441 4287 489 4358 qui
509 4290 537 4346 P.
559 4291 594 4355 ²⁹)
614 4298 643 4342 ct
662 4289 697 4342 V.
716 4290 749 4341 Ρ.
770 4317 799 4331 -
822 4295 851 4340 ct
869 4296 900 4340 ut
918 4288 954 4341 A.
978 4289 1014 4357 Δ·)
1034 4284 1202 4340 deliniuntur
1222 4287 1258 4341 V.
1277 4289 1310 4340 Ρ.
1328 4315 1364 4329 -
1383 4283 1492 4337 deliniri
1510 4282 1547 4337 A.
1566 4283 1611 4336 De
1671 4277 1674 4284 ⁴

242 4374 328 4427 forma
337 4411 432 4429 ......
444 4372 696 4430 deliniunturVP.
705 4377 785 4429 1.-
801 4376 846 4429 Da
855 4377 940 4429 lorma
949 4373 1108 4446 supradicta
1128 4375 1234 4444 generis
1253 4371 1399 4427 masculini
1417 4373 1449 4426 tt.
1469 4371 1506 4441 ⁴¹)
1517 4368 1610 4424 ·EUS·

244 4461 278 4514 V.
288 4463 323 4516 A.
337 4493 374 4504 -·
388 4461 456 4516 ·US·
470 4464 503 4516 Β.
520 4466 549 4516 Ρ.
571 4467 607 4533 ⁴¹)
618 4462 737 4518 lliouctas
748 4466 779 4519 V
777 4501 783 4515 .
793 4465 828 4518 A.
839 4463 1022 4517 -llioneens
1040 4463 1073 4514 Β.
1084 4463 1120 4532 ⁴³)
1130 4462 1172 4514 aie
1189 4463 1221 4516 B.
1232 4463 1268 4518 V.
1280 4477 1389 4514 -sans
1407 4461 1443 4514 A.
1462 4460 1498 4527 ⁴⁴)
1515 4473 1610 4510 omnes

245 4547 329 4603 V.A.
356 4580 393 4592 -
411 4551 500 4603 omnia
519 4553 551 4604 Β.
578 4553 614 4622 ⁴⁵)
634 4568 713 4604 casus
732 4555 764 4605 B.
784 4555 820 4606 A.
845 4583 881 4594 -
900 4569 998 4604 caauus
1018 4551 1054 4606 V.
1082 4551 1118 4618 “t
1141 4551 1329 4622 suprascripta
1353 4549 1385 4602 B.
1413 4548 1499 4601 V.·P.
1518 4569 1555 4595 =
1572 4543 1610 4598 A.

245 4635 281 4707 ⁴⁸)
306 4637 449 4692 vocativus
467 4640 500 4692 Β.
520 4641 556 4694 V.
575 4643 657 4694 A.-
671 4641 854 4692 nominativus
873 4641 904 4691 Ρ.
924 4640 960 4709 “)
981 4639 1022 4691 ·Ε·
1043 4640 1071 4692 Β.
1094 4639 1128 4692 V.
1148 4640 1179 4690 Ρ.
1200 4665 1231 4680 ·-
1253 4635 1339 4688 ·1·A.
1360 4637 1394 4704 ⁴⁰)
1408 4633 1559 4704 reperiatur
1576 4631 1610 4686 Β.

246 4722 279 4777 V.
298 4725 335 4778 A.
354 4755 390 4768 -
405 4729 577 4798 reperiantur
593 4730 625 4781 P.
647 4729 682 4798 ⁵⁰)
697 4725 749 4780 bne
768 4729 804 4783 V.
816 4728 852 4781 A.
869 4757 906 4770 —
921 4723 989 4778 baec
1006 4727 1039 4780 B.
1060 4727 1097 4797 ὅ·)
1118 4725 1297 4776 terminantur
1317 4722 1351 4775 V.
1372 4722 1409 4775 A.
1427 4753 1462 4762 -
1481 4719 1610 4771 termina·

246 4817 288 4863 tur
304 4813 337 4866 B.
358 4815 394 4884 ⁵¹)
414 4831 494 4867 casos
512 4817 544 4868 B.
555 4816 592 4870 A.
605 4847 640 4858 -
660 4832 758 4868 castrus
778 4817 814 4870 V.
842 4817 878 4886 ⁵³)
905 4831 1019 4866 numero
1040 4813 1075 4868 V.
1091 4813 1127 4866 A.
1145 4843 1181 4854 ·-
1196 4827 1307 4864 uomere
1325 4810 1358 4863 B.
1387 4809 1426 4879 η)
1445 4804 1611 4877 syllabarum

247 4897 281 4952 V.
296 4899 332 4954 A.
358 4899 572 4955 -sillabarum
591 4905 622 4956 Β.
644 4901 818 4974 ⁵‘tablativo
838 4905 869 4956 Β.
888 4933 924 4944 -
944 4919 976 4954 ea
995 4898 1114 4954 ablativo
1136 4901 1217 4954 ΚΛ.
1238 4899 1273 4967 ⁵⁸)
1294 4907 1322 4951 et
1339 4899 1371 4951 Β.
1393 4897 1429 4950 V.
1447 4917 1484 4946 =
1501 4893 1539 4948 A.

185 4983 219 5052 a)
245 4985 369 5040 conferri
385 4999 541 5054 merentur,
561 5009 630 5064 quae
649 4991 877 5045 Priscianus-Vll
909 4997 970 5050 738.
991 4991 1021 5044 P.
1040 4985 1139 5041 babet:
1159 4987 1272 5050 ,Jrobo
1292 4997 1383 5040 tumeas
1403 4997 1430 5040 et
1447 4983 1610 5057 quidusdam

245 5076 304 5127 aliia
322 5079 423 5130 artium
440 5083 617 5150 scriptoribus
634 5094 661 5134 et
675 5099 691 5135 ο
705 5079 834 5142 Pentlsee,
854 5091 880 5132 et
896 5098 913 5132 o
932 5079 1042 5151 Tydes,
1066 5088 1092 5132 ct
1114 5077 1263 5140 ollionee,
1284 5093 1365 5148 posse
1385 5074 1442 5130 ‹ttet
1460 5071 1611 5128 secusdum

245 5165 401 5237 unabgium
415 5167 534 5222 launum
545 5169 648 5240 placat,
666 5169 742 5242 quod
756 5177 785 5228 itt
803 5186 854 5222 tran
869 5185 924 5222 non
939 5169 1062 5220 inveni.‘'
