4050 6064
399 549 466 618 444
691 542 918 604 srrssulx
941 543 998 600 ΔΙ)
1025 543 1156 602 ultori
1182 543 1333 600 ARTE!
1352 535 1571 600 llNORH.

399 692 453 757 lus
470 711 543 758 non
565 692 735 777 mascel·)
751 729 795 742 -
816 693 930 770 lanius
952 711 1024 756 non
1046 693 1147 757 laneo
1173 729 1216 742 --
1239 693 1405 758 iuvencus
1426 711 1499 756 non
1521 687 1701 755 iuvenolus
1723 723 1765 738 ·-·
1787 686 1872 752 bar-

398 792 503 860 barus
533 813 605 858 non
634 793 762 858 barhar
788 832 830 845 -
861 813 971 880 equus
993 778 1035 879 ³⁹)
1053 794 1088 877 ⁶)
1118 813 1191 858 uon
1222 815 1368 860 ecus-
1390 813 1525 879 coquus
1538 785 1582 875 ⁴⁶)
1602 809 1675 855 non
1698 809 1804 856 cocus
1827 825 1871 838 ·-

399 915 554 980 coquens
584 916 656 960 non
685 917 812 961 coccus
840 933 885 948 -
913 897 1020 982 coqui
1048 915 1121 960 nou
1152 897 1229 962 coci
1257 931 1300 945 -
1329 915 1408 959 acre
1430 915 1503 960 non
1531 913 1649 958 acrum
1671 928 1713 942 ·-
1735 911 1873 978 pauper

397 997 525 1058 mulier
545 1017 617 1062 uon
647 1019 801 1084 paupera
829 998 956 1062 mulier
984 1035 1026 1046 -
1056 1017 1176 1062 carcer
1206 1017 1279 1060 uon
1309 1017 1448 1061 carcere
1477 995 1702 1061 -brabium
1726 988 1772 1078 4·)
1796 1013 1872 1057 uon

397 1095 567 1162 brabeum
586 1093 630 1181 4’)
656 1137 700 1150 -
727 1120 922 1188 pancarpus
951 1119 1022 1162 non
1051 1119 1240 1185 parcarpus
1270 1135 1313 1146 -
1335 1099 1552 1184 Theophilus
1572 1091 1617 1180 43)
1639 1116 1710 1162 non
1733 1097 1873 1182 izophi-

396 1199 452 1263 lus
466 1193 511 1283 Η)
532 1237 576 1249 —-
597 1202 812 1286 homlagium
830 1205 864 1284 θ)
886 1221 959 1266 nou
982 1201 1218 1286 monologium
1248 1237 1293 1250 -
1314 1201 1512 1282 Byzaceuns
1535 1219 1608 1264 nou
1628 1199 1814 1263 Bizacinus
1827 1231 1870 1245 -

399 1321 558 1388 capsesys
587 1323 660 1366 non
689 1306 839 1390 capsesis
855 1301 886 1387 Α)
915 1341 959 1352 -
987 1303 1119 1367 catulus
1148 1322 1220 1366 uon
1250 1301 1393 1366 catellus
1415 1295 1460 1386 45)
1480 1338 1523 1350 --
1545 1301 1685 1366 doleum
1708 1320 1781 1365 nou
1803 1299 1872 1364 do·

397 1401 485 1466 lium
498 1407 531 1487 ¹)
557 1441 600 1454 -
630 1405 741 1469 calida
763 1426 836 1470 nou
865 1405 964 1470 calda
985 1398 1029 1488 46)
1058 1441 1099 1454 -
1130 1404 1255 1489 lrigida
1283 1424 1356 1468 non
1387 1405 1498 1468 l'ricda
1525 1439 1568 1453 -
1596 1405 1699 1468 vinea
1721 1422 1793 1466 nou
1816 1404 1872 1467 vi-

397 1505 457 1566 nia
470 1496 563 1589 4ι’)Ῑ)
585 1543 629 1554 -
652 1509 757 1572 tristis
779 1528 851 1572 nou
874 1509 992 1571 tristus
1013 1543 1057 1556 -
1078 1517 1189 1570 tersus
1216 1525 1288 1570 non
1312 1517 1419 1570 tertus
1439 1541 1484 1554 -
1504 1504 1691 1569 umbilicus
1713 1523 1784 1568 uon
1800 1505 1873 1568 im-

425 1605 432 1618 '
548 1643 592 1656 -
618 1620 731 1672 turma
752 1629 824 1673 non
847 1623 1024 1674 torma-
1046 1607 1161 1671 celebs
1183 1627 1255 1672 non
1283 1608 1398 1694 celeps
1419 1643 1463 1656 —-
1490 1609 1617 1672 ostium
1639 1628 1711 1672 uon
1733 1619 1872 1670 osteum

398 1741 441 1754 -
462 1707 568 1770 flavus
591 1728 664 1773 uon
686 1711 835 1774 ilaus‘-
857 1728 1046 1775 caveanon
1068 1710 1165 1773 cavia
1179 1723 1375 1774 -senatus
1389 1729 1462 1773 nou
1484 1711 1615 1774 sinatus
1628 1745 1671 1760 -
1684 1709 1817 1774 brattea
1832 1713 1873 1792 ⁸)

397 1827 471 1870 uon
492 1808 617 1874 brattia
639 1849 682 1860 —
705 1812 849 1876 cochlea
871 1833 943 1876 non
967 1812 1078 1876 coclia
1099 1847 1143 1860 -
1165 1813 1346 1876 cochleare
1362 1804 1406 1895 ⁴⁰)
1427 1831 1499 1875 non
1523 1811 1724 1876 cocliarium
1747 1849 1790 1859 -
1806 1833 1873 1898 pa·

397 1908 542 1974 learium
573 1931 644 1975 non
675 1914 859 2000 paliarium
889 1951 933 1962 -
961 1914 1187 2000 primipilaris
1215 1933 1288 1978 uon
1316 1914 1567 1999 primipilarius
1593 1949 1636 1960 -
1658 1912 1774 1976 alveus
1796 1933 1873 1976 nou

398 2010 517 2076 albeus
539 2049 580 2062 -
603 2013 727 2098 globus
741 2008 784 2097 49)
808 2035 880 2078 non
903 2015 1040 2100 glomus
1062 2053 1104 2063 -
1126 2015 1247 2078 lancea
1269 2034 1340 2078 non
1358 2014 1470 2078 lancia
1491 2051 1535 2064 -
1557 2015 1758 2079 lavillanon
1777 2014 1874 2079 lailla

397 2149 440 2161 -
463 2113 558 2178 orbis
586 2127 657 2178 no'n
680 2116 761 2180 orbs
778 2111 822 2200 ⁵⁰)
839 2114 874 2202 l)
901 2154 944 2166 -
974 2117 1146 2181 lormosus
1175 2137 1247 2181 uon
1280 2116 1477 2181 formonsus
1499 2117 1527 2202 ¹)
1548 2154 1591 2164 -
1613 2137 1694 2180 ansa
1716 2137 1789 2180 non
1812 2137 1873 2180 asa

397 2249 440 2262 -
462 2215 635 2300 flagellum
658 2238 731 2282 uon
754 2219 936 2304 fragellum
956 2214 1000 2304 ⁵¹)
1029 2255 1072 2270 -
1095 2219 1248 2282 calathus
1263 2213 1307 2301 ⁵²)
1338 2237 1409 2282 non
1431 2219 1566 2304 galatus
1586 2255 1631 2268 -·-
1652 2218 1780 2302 digitus
1796 2237 1873 2282 uou

398 2314 523 2380 dicitus
545 2355 588 2366 —
620 2319 713 2382 solea
735 2341 807 2384 non
837 2321 924 2385 solia
945 2358 988 2368 -
1011 2320 1147 2384 calceus
1169 2340 1241 2383 uon
1274 2319 1403 2384 celcius
1425 2357 1467 2368 -
1496 2321 1592 2385 iecur
1613 2340 1685 2383 non
1707 2321 1806 2382 iocur
1828 2355 1872 2368 -

397 2417 490 2480 auris
520 2439 592 2483 nou
624 2421 732 2485 oricla
759 2459 801 2469 —
830 2442 968 2486 camera
997 2443 1071 2486 uon
1102 2442 1276 2487 cammara
1304 2458 1347 2468 -
1375 2442 1502 2506 pegma
1528 2441 1599 2486 uon
1628 2421 1870 2513 promel).—

399 2515 518 2581 cluaca
537 2517 566 2602 ¹)
588 2539 660 2584 non
683 2523 823 2586 clauaca
837 2524 873 2607 ¹¹¹)
895 2561 938 2572 -
960 2571 989 2590 ..
993 2571 1133 2590 .....
1155 2562 1198 2572 -
1220 2524 1290 2586 ales
1320 2541 1392 2586 uon
1421 2524 1484 2588 alis
1511 2559 1553 2572 -
1581 2523 1684 2588 iacies
1707 2542 1779 2586 non
1798 2523 1871 2588 laos

398 2656 441 2694 ,-
464 2634 579 2684 cautes
601 2643 674 2685 non
698 2625 806 2686 cautis
827 2662 871 2673 -
893 2625 1012 2710 plebes
1030 2620 1075 2708 53)
1096 2645 1168 2689 non
1190 2624 1303 2711 plebis
1323 2661 1367 2672 -
1388 2637 1483 2689 rates
1506 2645 1578 2688 uon
1600 2627 1687 2689 vatis
1709 2661 1750 2673 -
1774 2623 1872 2689 tabes

397 2741 471 2784 uon
494 2722 582 2788 tabis
612 2761 656 2772 -
685 2725 843 2810 supellex
863 2720 909 2809 ⁵⁴)
937 2746 1009 2789 non
1037 2728 1200 2814 superlcx
1228 2763 1270 2776 -
1300 2747 1382 2812 apes
1404 2746 1476 2790 uon
1499 2729 1573 2812 apis
1600 2763 1643 2774 -
1664 2725 1774 2790 nubes
1797 2746 1871 2789 non

397 2823 501 2887 nubis
524 2861 566 2874 -
588 2825 726 2889 suboles
748 2847 820 2891 non
844 2826 975 2891 subolis
1003 2827 1189 2913 —vulpes
1211 2848 1284 2890 non
1303 2827 1417 2912 vulpis
1438 2865 1481 2876 --
1510 2827 1690 2915 palumbes
1711 2848 1784 2892 non
1806 2849 1872 2912 pa-

397 2925 526 2990 lumbis
549 2928 686 2990 -lues
716 2947 788 2991 non
811 2929 941 2992 luis-
970 2929 1067 2994 deses
1090 2950 1161 2992 non
1184 2929 1275 2992 desis
1301 2966 1344 2977 -
1367 2950 1459 2993 reses
1480 2951 1553 2995 non
1576 2931 1660 2994 rasis
1682 2967 1724 2976 -
1746 2949 1873 3015 vepres

398 3046 471 3090 non
493 3030 609 3114 vepris
631 3067 674 3078 —
697 3029 803 3094 lamas
826 3051 898 3095 non
921 3031 1021 3095 lamis
1041 3069 1085 3079 —
1108 3032 1221 3095 clades
1244 3051 1317 3096 nou
1340 3029 1506 3095 cladis-
1524 3032 1640 3114 Syrtes
1663 3050 1734 3094 uon
1759 3031 1872 3112 Syrtis

397 3163 440 3176 -
463 3130 564 3194 aedes
586 3151 658 3195 non
681 3132 775 3196 aedis
796 3171 839 3182 —
862 3154 960 3198 senes
983 3153 1054 3198 nou
1078 3135 1168 3198 senis
1189 3171 1233 3181 -
1255 3131 1371 3218 proles
1394 3151 1465 3196 non
1480 3132 1589 3219 prolis
1609 3171 1655 3184 -
1675 3133 1873 3197 draconun

399 3229 526 3296 dracco
548 3269 591 3282 —
613 3231 734 3297 oculus
756 3255 829 3298 non
852 3236 950 3301 oclus
971 3270 1015 3286 -
1036 3257 1125 3321 aqua
1147 3255 1220 3298 non
1242 3255 1353 3320 acqua
1374 3233 1537 3298 -alium
1559 3255 1631 3301 uon
1653 3234 1767 3298 aleum
1783 3236 1873 3316 ·)-

424 3557 478 3632 41)
505 3575 591 3631 equus
609 3590 645 3602 —
663 3579 731 3634 equs
752 3564 819 3617 θοαὶ.
839 3565 874 3634 ⁴⁰)
896 3580 1055 3636 coquus-
1073 3581 1158 3637 coqns
1180 3565 1246 3617 Cod.
1267 3565 1304 3633 ⁴¹)
1322 3560 1448 3617 brabium
1467 3594 1503 3604 -
1520 3559 1642 3614 bravium
1663 3561 1729 3616 coel.
1749 3561 1788 3633 ⁴¹)
1805 3557 1871 3612 lm·

503 3643 587 3699 benm
604 3675 640 3690 -·
657 3646 787 3704 brareum
807 3653 874 3704 Cod.
896 3653 931 3717 ⁴³)
951 3648 1122 3722 Theophilus
1140 3685 1176 3693 -
1193 3649 1321 3707 theofilus
1334 3653 1400 3706 Cod.
1417 3653 1452 3720 ⁴⁴)
1468 3647 1604 3722 teophilus
1622 3679 1659 3694 -ο-
1675 3646 1782 3700 itofilus
1799 3649 1874 3701 0⁰¹1·

498 3737 623 3802 forsitan
640 3738 784 3809 legendum
803 3735 949 3810 alophilus.
970 3740 1006 3811 Η)
1017 3737 1124 3792 catulus
1132 3757 1188 3792 uon
1201 3737 1315 3793 catellus
1333 3745 1362 3793 io
1382 3739 1450 3793 cos.
1470 3740 1510 3790 bis
1527 3743 1647 3808 ponitur.
1667 3737 1873 3809 ⁴⁶)1umnrg..·

503 3829 649 3894 utrumqne
669 3823 778 3877 dieitur.
797 3828 834 3896 ⁴²)
852 3827 924 3879 vinis
946 3827 1015 3880 cod.
1035 3847 1069 3879 rx
1087 3845 1138 3880 em.
1156 3847 1191 3898 pr
1217 3847 1252 3879 m.
1271 3859 1303 3868 -
1324 3827 1402 3880 vines
1421 3847 1438 3880 a
1456 3847 1498 3897 pr.
1517 3845 1552 3877 m.
1572 3825 1610 3896 ⁴¹)
1625 3821 1873 3876 cochleare-co·

505 3906 592 3961 cleare
613 3911 681 3965 cod.
701 3915 736 3982 ⁴⁹)
756 3911 855 3984 globus
873 3944 909 3954 -
927 3911 1022 3984 glovus
1044 3915 1111 3967 eod.
1141 3915 1177 3987 ⁵⁰)
1197 3910 1262 3966 orbs
1280 3945 1316 3956 -
1334 3911 1400 3965 urbs
1422 3914 1489 3967 cod.
1509 3915 1640 3966 elemento
1657 3917 1746 3983 primo
1764 3911 1870 3973 deleto,

504 3997 591 4050 altero
608 4005 733 4071 propiori
750 3999 789 4073 τῷ
806 4019 823 4052 n
842 4021 925 4074 quom
944 3999 983 4074 τῷ
1001 4021 1027 4054 o.
1048 4003 1084 4072 ⁵¹)
1103 3999 1246 4072 fragellum
1267 4001 1333 4054 Ced.
1353 3997 1392 4073 τᾷ
1411 4019 1424 4051 r
1440 4013 1545 4072 puncto
1561 4004 1710 4070 supposito.
1739 4000 1776 4069 ⁵³)
1796 3997 1871 4051 cela-

504 4081 568 4136 lbus
586 4115 621 4127 -
639 4085 742 4141 celsitu
763 4089 830 4143 Cori.
851 4090 887 4159 ⁸³)
906 4086 1003 4162 plebes
1021 4119 1057 4130 -
1074 4086 1163 4161 plevis
1185 4090 1251 4143 θοαὶ.
1273 4089 1310 4161 ⁵⁴)
1325 4083 1637 4160 supellex-suppelex
1656 4087 1725 4143 Cod.
1833 4159 1835 4164 ι

448 4241 479 4312 a)
507 4240 548 4295 Cf
562 4239 646 4297 Probi
665 4244 759 4314 fragm.
780 4243 815 4298 de
832 4247 944 4300 nomine
964 4248 1039 4318 §.22
1065 4248 1092 4318 h)
1112 4245 1156 4300 Cf.
1176 4253 1267 4299 huten
1285 4245 1369 4300 Pierii
1389 4245 1526 4318 castigati.
1545 4243 1683 4298 etruriae
1701 4241 1873 4314 Virgilianae

502 4327 632 4382 lectionis
651 4349 679 4402 p.
701 4337 762 4389 112:
780 4333 824 4386 ed.
845 4335 930 4388 Paris.
952 4339 1028 4396 1529.
1040 4339 1065 4404 e)
1084 4335 1272 4408 homsaginm
1293 4333 1331 4386 ils
1350 4331 1438 4400 Cod.;
1458 4351 1492 4386 au
1509 4327 1658 4402 legendnm
1676 4331 1873 4403 omphacium?

504 4418 533 4489 cl)
560 4417 702 4488 Scriptum
728 4430 810 4490 pules
837 4427 974 4494 cupressis.
1001 4425 1027 4496 e)
1053 4419 1163 4475 doleam
1188 4439 1244 4474 uon
1270 4419 1379 4474 dolium
1394 4421 1478 4474 trihus
1502 4425 1611 4492 pencris
1630 4420 1762 4472 rambula
1780 4427 1872 4490 primo

502 4509 681 4576 praepositisff
706 4510 850 4580 legendum
877 4511 999 4562 ridetur:
1025 4508 1130 4562 dolium
1153 4527 1211 4562 uon
1239 4507 1359 4561 duleum.
1383 4511 1420 4578 J)
1448 4508 1491 4560 Cf.
1512 4505 1670 4560 cassiodor.
1691 4504 1727 4559 de
1745 4504 1870 4576 orlbogr.

501 4597 574 4652 228⁴
592 4595 622 4648 Ρ.
639 4597 671 4666 g)
686 4595 792 4650 brattea
811 4597 828 4650 i.
849 4615 872 4650 e.
893 4599 1014 4658 bractea,
1034 4598 1068 4650 cf.
1089 4598 1222 4666 Congium
1241 4583 1263 4651 si
1282 4614 1308 4650 r.
1328 4599 1490 4650 hraeteetor.
1510 4595 1541 4665 l)
1561 4593 1603 4648 Cl.
1623 4593 1723 4646 luceat.
1743 4603 1869 4646 nostrum

502 4678 538 4732 ds
556 4699 629 4734 nom.
650 4691 677 4736 et
695 4701 775 4754 pron.
794 4689 820 4758 ς.
839 4691 882 4746 30.
908 4687 930 4757 ι’)
950 4685 994 4737 Cf.
1014 4683 1097 4738 Pierii
1117 4687 1254 4754 castigatt.
1274 4692 1302 4736 et
1319 4686 1425 4737 variett.
1444 4681 1609 4754 Virgilianae
1627 4679 1756 4734 lectionis
1776 4701 1804 4753 p.
1827 4687 1868 4740 lo.

502 4766 548 4824 ed.
568 4769 651 4825 Paris.
674 4777 751 4832 1529.
776 4773 804 4844 l)
821 4774 863 4826 cf.
888 4791 1041 4845 poemenen
1058 4789 1103 4843 ap.
1123 4770 1194 4825 Plio.
1220 4771 1254 4826 Η.
1273 4771 1307 4824 Ν.
1327 4771 1456 4824 xxxtn.
1484 4781 1552 4824 sect.
1571 4775 1614 4828 3‘2.
1634 4787 1722 4841 prope
1741 4769 1799 4833 fin„
1818 4787 1869 4840 pro

501 4873 556 4928 quo
575 4857 688 4912 Salmas.
714 4861 744 4912 iu
770 4859 828 4914 Sol.
851 4880 879 4933 p.
901 4865 970 4920 1082
987 4859 1055 4929 legit
1080 4879 1278 4932 pegaymenen.
1298 4861 1321 4930 l)
1341 4863 1455 4926 cloec„-
1481 4859 1520 4912 its
1546 4855 1633 4920 eod„
1652 4857 1687 4908 cl'.
1714 4852 1871 4910 Schneider

503 4961 612 5013 sslfflm·
631 4945 678 4999 ltl·
688 4948 710 4999 1·
731 4953 774 5006 32.
793 4951 976 5018 metanoeam
994 4945 1051 5002 rid.
1073 4947 1171 5017 Csugii
1190 4944 1272 5018 gloss.
1291 4944 1365 5000 med.
1385 4955 1413 4998 el
1431 4944 1514 4998 inlitu.
1535 4943 1594 4997 Lat.
1614 4941 1672 4997 ab.
1692 4961 1716 4998 r.
1737 4945 1872 5015 n)rleum

502 5029 532 5098 (i.
558 5048 581 5082 ο.
606 5036 728 5106 ollium„
755 5034 850 5088 eadent
877 5033 1068 5107 orthographia
1094 5033 1211 5088 babetur
1235 5035 1264 5087 in
1290 5032 1361 5088 cort.
1389 5029 1553 5089 corbeiensi
1578 5030 1689 5102 vegetii
1715 5039 1742 5083 et
1769 5030 1797 5082 in
1817 5029 1872 5080 irs-

502 5120 619 5186 gmeulis
645 5119 834 5192 bippistricis‚
853 5141 922 5196 quae
949 5125 1124 5178 continentur
1142 5125 1171 5176 iu
1191 5121 1262 5178 Cod.
1282 5121 1416 5194 rescripto
1434 5120 1499 5176 olim
1518 5117 1648 5176 bobiensi
1667 5135 1743 5172 nnnc
1763 5115 1869 5170 Vindo-

504 5201 621 5260 boueusi
639 5209 713 5263 XVI.
