4032 6070
571 503 1129 562 ruoutsnsntuou.
1513 510 1584 578 m

130 663 195 708 una
208 637 270 726 ⁶¹),
294 651 556 734 quammaxime
577 665 723 740 propter
744 663 932 718 structuras
954 652 1117 738 genetivo
1146 663 1180 716 et
1202 637 1319 718 dativo
1343 671 1425 718 casu
1447 653 1586 718 numeri

130 746 298 832 singularis
321 751 372 816 sic
394 754 554 820 anomale
577 755 779 820 confirmata
794 755 863 821 siut
884 754 1067 831 declinari,
1091 755 1159 820 hoe
1181 766 1248 830 est,
1277 754 1402 818 huius
1425 755 1585 831 sclina,

129 847 213 915 huic
233 851 333 930 soli;
355 854 407 920 sio
428 867 462 920 et
485 869 598 922 cetera
615 857 813 944 supradicta
835 858 979 921 nomina
1001 857 1037 920 in
1055 855 1261 943 supradictis
1278 855 1413 920 casibus
1437 857 1482 920 ad
1493 853 1625 922 huch·
1645 853 1691 918 'oi-

128 969 237 1014 souum
266 955 465 1022 anomalum
493 979 634 1026 necesse
663 972 715 1024 est
737 952 782 1044 61)
814 959 1052 1046 pronuntiarit
1081 971 1116 1024 at
1138 978 1222 1024 vero
1244 978 1309 1046 per
1330 971 1463 1024 ceteros
1487 978 1586 1022 casus

127 1051 164 1116 td
182 1073 304 1120 sonum
328 1059 509 1125 miserae
531 1061 679 1127 debeant
701 1061 879 1128 declinari.

200 1158 274 1222 221.
295 1158 399 1226 Nunc
421 1163 525 1227 etiam
548 1165 615 1228 hoc
645 1182 845 1240 monemus,
880 1163 976 1250 quod
996 1163 1084 1228 haec
1110 1161 1309 1249 supradicta
1334 1163 1479 1228 nomina
1500 1184 1584 1250 pro-

125 1267 196 1340 pter
214 1271 325 1324 metra
347 1263 384 1326 in
406 1264 530 1330 iisdem
551 1259 596 1349 ⁶³)
620 1265 827 1352 supradictis
851 1264 986 1330 casibus
1010 1277 1043 1330 et
1065 1263 1250 1331 anomale*
1274 1277 1308 1328 et
1329 1284 1402 1328 nou
1424 1265 1582 1352 anomale

126 1360 285 1444 permissa
306 1377 386 1430 sunt
399 1366 566 1434 declinari
583 1361 637 1452 6²).
662 1368 732 1434 ssd
750 1371 835 1432 haec
857 1368 1011 1448 nomina,
1035 1387 1105 1452 qua
1126 1367 1169 1430 de
1192 1388 1295 1432 eausa
1316 1369 1353 1430 in
1376 1367 1583 1454 supradictis

128 1461 252 1527 casibus
266 1457 312 1548 ⁶⁵)
334 1481 480 1554 propter
501 1483 689 1537 structuras
712 1472 763 1536 sio
784 1469 944 1535 anomale
967 1470 1169 1534 confirmata
1191 1470 1261 1534 aiut
1282 1469 1520 1556 pronuntiari,
1551 1481 1585 1534 et

126 1563 158 1626 iu
183 1568 301 1632 metris
330 1570 490 1634 anomale
519 1585 554 1638 et
581 1591 653 1637 non
680 1572 839 1637 anomale
868 1571 1038 1658 permissa
1067 1563 1193 1654 sint⁶⁶)
1222 1572 1406 1645 declinari,
1439 1571 1586 1635 eumad

127 1667 285 1734 rationem
316 1684 507 1738 metrorum
539 1675 596 1740 vel
623 1689 873 1740 structurarum
901 1676 1115 1752 venerimus,
1146 1673 1219 1738 illic
1249 1686 1487 1762 competenter
1515 1686 1585 1738 tra-

127 1767 295 1836 ctabimus.

198 1875 272 1938 222.
296 1874 383 1940 Item
407 1879 445 1942 in
466 1880 532 1944 hac
554 1882 753 1967 supradicta
775 1879 887 1946 forma
903 1880 971 1944 hoc
993 1898 1187 1956 monemus,
1211 1877 1306 1964 quod
1322 1869 1463 1963 haec⁶⁷)
1482 1879 1585 1965 quin·

126 1991 184 2058 que
204 1977 349 2042 nomina
372 1991 526 2060 tantum,
550 1983 677 2060 idest,
701 1985 792 2060 dea,
816 2001 988 2068 sponsa,
1012 1980 1141 2060 mula,
1165 2001 1291 2065 equa,
1319 1982 1472 2058 amica,
1501 2001 1584 2067 pro-

124 2087 192 2159 pter
214 2089 324 2142 metra
346 2094 380 2146 et
401 2095 590 2150 structuras
613 2087 730 2150 dativo
753 2098 788 2150 et
816 2085 967 2148 ablativo
992 2103 1078 2148 casu
1100 2083 1237 2146 numeri
1259 2082 1403 2168 pluralis
1426 2085 1476 2146 sie
1498 2102 1584 2145 ano-

126 2176 204 2240 male
220 2182 408 2248 constituta
425 2185 494 2248 sint
508 2187 688 2265 declinari,
712 2189 775 2252 his
799 2186 978 2264 deabus,
1003 2184 1050 2250 ab
1066 2177 1107 2266 69)
1131 2185 1197 2250 his
1220 2184 1390 2250 deabus.
1415 2184 1473 2248 Sic
1488 2195 1522 2246 et
1540 2187 1583 2266 ⁷⁰)

125 2292 228 2345 cetera
254 2287 453 2370 supradicta
482 2291 626 2354 nomina
656 2291 693 2356 iu
722 2289 928 2377 supradietis
952 2286 1088 2352 casibus
1111 2285 1154 2350 ad
1177 2288 1270 2352 hunc
1292 2305 1416 2350 sonum
1440 2303 1585 2348 onoma--

124 2379 185 2446 lum
206 2402 349 2451 necesse
371 2402 423 2454 est
444 2393 680 2476 pronuntiari;
709 2403 848 2456 atvero
871 2411 935 2476 per
958 2402 1091 2456 ceteros
1118 2409 1216 2454 casus
1239 2389 1284 2454 ad
1306 2408 1430 2452 sonum
1462 2389 1584 2451 ruiss-

126 2503 185 2548 rae
206 2484 355 2554 debeant
377 2492 555 2560 declinari.
571 2483 683 2560 'Nunc
696 2497 739 2576 ²¹)
762 2505 796 2556 et
818 2495 903 2556 haec
927 2493 1125 2578 supradicta
1147 2493 1306 2570 nomina,
1330 2511 1399 2577 qua
1421 2489 1585 2554 decanea

125 2600 257 2672 propter
279 2604 389 2657 metra
417 2593 473 2658 vel
500 2607 689 2660 structuras
718 2597 755 2660 iu
777 2595 984 2680 supradietis
1016 2594 1151 2659 casibus
1175 2595 1224 2658 sic
1246 2592 1404 2658 anomale
1427 2611 1585 2678 pronun-

125 2687 257 2767 tientur,
288 2694 393 2758 etiam
422 2697 491 2761 ltoe
521 2697 559 2762 in
588 2698 722 2763 ratione
750 2711 945 2763 metrorum
976 2698 1033 2762 vel
1064 2709 1314 2762 structurarum
1345 2707 1585 2782 competenter

124 2791 334 2858 tractabimus
350 2798 405 2879 ⁷²).

195 2895 268 2960 223.
293 2893 384 2960 Sane
407 2898 443 2962 in
466 2901 531 2966 ltac
555 2902 682 2978 forma,
714 2921 783 2987 qua
806 2901 960 2966 diximus
982 2899 1300 2986 generisssfeminiui
1322 2899 1465 2962 nomina
1487 2897 1584 2962 ahla-
1700 2986 1702 2994 Ι

125 2993 186 3059 tivo
207 3015 288 3062 casu
309 3001 447 3064 numeri
469 3002 653 3087 singularis
678 3005 728 3068 ·Λ·
752 3005 867 3070 littera
891 3003 1088 3081 terminari,
1118 3013 1152 3066 et
1174 3001 1390 3066 nominativo
1415 3020 1496 3064 casu
1518 3019 1582 3062 nu-

125 3097 199 3162 tneri
226 3099 412 3186 singularis
441 3103 491 3168 Ἀ·
519 3105 635 3171 littera
658 3101 701 3190 ⁷³)
732 3107 885 3184 definiri,
917 3108 1095 3190 quaeritur
1125 3104 1258 3188 quade
1282 3122 1384 3166 causa
1405 3100 1582 3184 Vergilius

124 3197 198 3263 haec
219 3201 366 3268 leaena
386 3195 428 3290 ⁷⁴)
446 3210 476 3290 ⁶)
505 3219 539 3272 et
560 3227 633 3272 non
655 3207 720 3272 lea
741 3203 783 3292 ⁷⁵>
806 3207 1041 3296 pronuntiarit
1056 3199 1120 3290 ⁷⁰)?
1141 3205 1206 3268 hac
1222 3203 1263 3266 de
1279 3221 1390 3279 causa,
1415 3204 1582 3288 quoniam

124 3308 541 3390 (marcumque-vocabula
562 3308 754 3376 masculina
767 3309 919 3376 ablativo
942 3331 1025 3374 casu
1040 3307 1177 3372 numeri
1196 3302 1378 3388 singularis
1393 3304 1444 3404 Ἐἰ
1467 3303 1582 3368 littera

123 3405 338 3472 terminantur
357 3412 399 3491 ⁷⁷)
428 3422 462 3474 et
493 3432 539 3478 ex
565 3434 626 3478 sua
649 3413 764 3500 sp'eoie
786 3411 957 3478 vocabula
979 3410 1145 3474 feminina
1168 3408 1279 3472 facere
1302 3419 1463 3492 possunt,
1495 3407 1581 3469 haee

123 3505 229 3570 eadem
251 3511 446 3576 communis
468 3516 606 3597 generis
627 3515 684 3580 vel
706 3516 874 3602 epicoena
891 3509 933 3598 ⁷⁸)
957 3513 1192 3600 appellantur,
1222 3522 1282 3574 aut
1304 3522 1397 3573 certe
1419 3507 1578 3572 anomale

121 3611 386 3689 pronuntiantur,
410 3634 599 3701 numquam
617 3630 732 3682 tamen
754 3617 799 3682 ad
821 3637 944 3680 sonum
967 3615 1150 3702 proprium
1169 3611 1397 3688 declinantur,
1421 3622 1575 3696 utputa:
1657 3625 1659 3628 ·

120 3705 163 3768 ab
185 3709 256 3777 hoc
277 3734 481 3801 paupere,
512 3719 581 3784 ltio
609 3722 766 3784 ethaeo
788 3739 966 3805 pauper,
998 3717 1093 3803 quod
1115 3713 1253 3800 generis
1276 3713 1470 3780 communis
1492 3731 1576 3798 pro-

1607 1303 1678 1356 colb.

156 4070 189 4142 ⁴¹)
211 4071 291 4130 sols.
310 4114 319 4132 .
340 4091 376 4132 .’.
395 4094 449 4130 uns
467 4105 502 4120 -
520 4077 596 4146 sols,
614 4079 706 4148 nulla,
725 4079 795 4145 slis,
813 4089 888 4144 utre,
906 4077 1007 4144 alters,
1026 4095 1080 4132 utta
1097 4077 1130 4132 Β.
1150 4107 1185 4119 -
1202 4072 1276 4137 sols,
1301 4071 1393 4138 nulls,
1411 4071 1484 4138 ulls,
1503 4083 1574 4139 utra,

213 4179 272 4228 out,
290 4162 375 4218 alten
394 4165 429 4221 V.
449 4197 485 4208 -
502 4165 573 4232 sols,
590 4165 655 4233 ulls,
673 4167 757 4234 nulla,
776 4177 845 4233 utra,
862 4185 926 4232 uua,
945 4165 1030 4224 altera
1040 4167 1077 4221 A.
1097 4167 1134 4239 ο’)
1155 4173 1197 4218 est
1209 4165 1241 4218 Β.
1255 4164 1291 4220 V·
1308 4185 1346 4214 =
1363 4163 1399 4216 A·
1419 4165 1454 4232 ⁸³)
1473 4159 1573 4214 iisdem

210 4249 246 4304 A.
263 4281 300 4294 -
316 4249 406 4304 isdem
425 4254 457 4307 Β.
475 4285 510 4296 -
530 4253 638 4310 hisdem
657 4259 694 4314 V.
723 4259 809 4326 οἣξει
825 4255 948 4310 anomale
967 4295 975 4310 .
996 4296 1003 4311 .
1023 4294 1031 4309 .
1051 4293 1059 4310 .
1080 4263 1146 4308 suut
1164 4251 1296 4306 declinari
1313 4252 1345 4305 Β.
1365 4251 1424 4322 (ted
1441 4258 1507 4304 suut
1523 4253 1571 4322 ε)
1593 4312 1597 4319 ¹

211 4367 246 4382 ·-
262 4347 291 4392 cl
308 4338 433 4392 anomale
452 4343 586 4414 permista
604 4355 670 4398 aunt
688 4342 822 4398 declinari
840 4345 923 4400 V.=
936 4345 974 4398 A.
1001 4346 1037 4412 ⁸⁵)
1057 4341 1115 4398 Sed
1132 4341 1200 4395 haee
1220 4378 1334 4394 .....
1354 4339 1384 4392 itt
1401 4335 1572 4410 supradictis

211 4423 318 4480 wiltu
336 4429 370 4482 Β.
385 4429 417 4485 V
415 4466 421 4481 .
438 4453 476 4480 =
492 4430 531 4484 A.
558 4433 595 4504 ⁶⁶)
619 4432 676 4486 siut
694 4434 731 4487 Β.
751 4433 789 4490 V.
805 4463 843 4478 -
858 4443 925 4488 suut
950 4433 986 4486 A.
1013 4435 1049 4504 6ἲ)
1068 4429 1134 4482 haee
1154 4431 1191 4484 V.
1209 4429 1245 4482 A.
1264 4461 1299 4470 -
1318 4425 1368 4480 hae
1386 4428 1418 4482 Β.
1435 4429 1470 4496 ⁶⁸}
1491 4445 1570 4499 equs,

209 4514 292 4568 mira
317 4516 350 4574 Β.
369 4547 406 4558 -
423 4518 524 4594 amica,
550 4537 620 4593 equ
647 4521 683 4576 V.
710 4521 747 4575 A,
773 4524 809 4593 ⁸⁹)
828 4519 863 4575 ab
881 4524 914 4577 B.
933 4555 969 4566 -
987 4531 1016 4576 et
1034 4518 1068 4572 ab
1089 4521 1123 4573 V.
1144 4518 1180 4570 A.
1205 4518 1241 4586 ⁷⁰)
1261 4516 1309 4572 Sic
1327 4524 1355 4568 el
1373 4516 1409 4569 V.
1424 4516 1461 4568 A.
1479 4537 1517 4564 =
1533 4515 1566 4568 B.

209 4602 342 4670 ²')Nuuc
361 4611 390 4658 et
407 4605 585 4664 B.V.-1n
602 4610 638 4664 A.
658 4611 787 4666 addim.-
815 4621 920 4666 unium
937 4611 968 4664 in
987 4612 1027 4662 ·A·
1045 4609 1089 4662 De
1110 4609 1149 4658 ·Δ·
1177 4604 1374 4678 Quaecumque
1393 4601 1503 4653 uomina
1521 4617 1567 4669 ge-

206 4689 276 4740 natis
293 4689 420 4746 feminini
439 4731 582 4754 ......
602 4701 643 4751 et·
660 4698 753 4754 littera
772 4697 951 4763 definiuntur,
969 4716 1042 4771 quas
1059 4699 1184 4768 superius
1199 4699 1254 4746 iam
1271 4691 1440 4762 legebantur.
1460 4690 1495 4758 7’)
1511 4696 1565 4740 tra·

208 4772 339 4833 cutinus
359 4781 395 4836 V.
411 4815 448 4824 -
465 4787 638 4841 tractavimus
661 4788 694 4841 Β.
713 4788 749 4842 A.
773 4791 809 4858 ⁷³)
828 4796 857 4841 et
874 4787 1041 4840 nominativo
1060 4819 1178 4838 .....
1199 4783 1239 4833 Ἀ·
1256 4777 1349 4832 litter·
1367 4778 1399 4830 Β·
1416 4776 1454 4833 V·
1473 4797 1509 4824 =
1526 4777 1564 4830 A·

208 4864 243 4934 ἰ)
259 4861 353 4920 lessus
373 4869 411 4924 V.
429 4901 466 4914 ·-
482 4869 560 4930 laeua
578 4874 615 4928 A.
634 4905 670 4916 -
687 4871 768 4928 leuna
785 4876 817 4929 Β.
827 4887 911 4928 court.
931 4875 967 4944 ²⁵)
985 4871 1028 4926 les
1047 4874 1080 4927 Β.
1100 4872 1136 4928 V.
1156 4901 1191 4912 -
1208 4868 1272 4922 teus
1288 4866 1326 4920 A.
1347 4868 1384 4936 7ο)
1402 4865 1563 4938 pronuntia·

208 4951 243 5004 rit
257 4953 289 5008 tt.
305 4955 343 5012 V.
362 4989 398 4998 -
416 4961 603 5030 pronuntiarit
620 4962 656 5016 A.
684 4965 720 5035 ⁷⁷)
740 4962 920 5018 terminentur
938 4963 968 5016 Β.
989 4962 1026 5017 V.
1043 4991 1077 5004 -
1098 4956 1244 5012 terminant
1261 4955 1296 5008 A.
1325 4955 1361 5025 ⁷⁸)
1381 4953 1512 5026 epicoena
1531 4954 1563 5006 tt.

208 5037 242 5092 V·
259 5073 293 5086 -·
311 5041 445 5116 epichena
464 5045 500 5100 A.

157 5157 185 5226 Ι)
208 5157 279 5233 virg.
297 5165 392 5238 Eclcg.
411 5167 447 5222 11.
467 5175 511 5231 63.
534 5180 561 5224 et
580 5192 652 5245 past.
1287 5259 1325 5322 ¹8
