4104 6064
415 553 481 624 gp,
644 521 647 530 ‘
737 543 1555 602 saacusnracsarrusrrcs,

416 695 594 762 advertere
615 693 752 770 licebit,
776 693 947 779 siquidem
969 691 1072 780 pulsu
1095 693 1303 758 chordarum
1318 685 1363 776 65)
1386 692 1488 758 eitius
1504 704 1604 758 acuta
1627 695 1816 760 transvolat
1825 689 1882 778 Μ),

415 799 529 883 gravis
557 808 671 860 autem
701 794 832 859 diutius
859 793 1002 868 auribus
1026 796 1245 872 immoratum
1275 797 1379 859 etism
1408 796 1508 881 ipsae
1528 795 1678 860 chordae
1697 790 1761 880 ⁶⁷),
1793 817 1883 882 quse

307 893 403 1002 zjfg'·
414 899 562 967 crassius
583 910 728 976 sonant,
757 897 935 982 longiores
957 897 1136 974 videntur,
1160 899 1242 984 quia
1264 897 1377 961 laxius
1402 896 1596 963 tenduntur
1610 892 1672 982 6’“);
1703 897 1717 930 ⁴
1741 900 1822 962 item
1846 901 1884 962 in

329 991 332 998 ’
361 987 389 1000 ”
413 1002 524 1067 fistula
547 1001 616 1066 duo
646 999 769 1065 calami
797 998 1013 1076 brevissimi,
1045 1000 1106 1085 qui
1137 1000 1354 1064 acutissimae
1377 1003 1490 1076 vocis;
1522 999 1627 1065 tibiae
1640 994 1687 1085 69)
1708 1019 1779 1086 qno
1800 1019 1883 1066 acu-

413 1106 536 1184 tiores,
568 1125 610 1169 eo
635 1105 678 1186 ⁷⁰)
707 1101 900 1177 breviores,
929 1114 965 1166 et
992 1102 1047 1165 bis
1075 1101 1246 1166 foramina
1273 1121 1376 1186 quam
1408 1114 1487 1166 sum
1510 1102 1555 1185 ⁷¹)
1584 1104 1637 1168 ori
1665 1103 1827 1189 proxima
1850 1114 1884 1165 et

297 1207 301 1224 ⁸
335 1237 339 1246 ·
411 1206 581 1271 brevioris
605 1207 693 1270 aeris
717 1217 848 1268 motum
872 1203 1146 1289 persentiscunt,
1170 1217 1237 1266 tam
1264 1225 1384 1268 vooem
1416 1205 1565 1268 reddunt
1586 1219 1744 1280 acutam3
1773 1205 1825 1270 sic
1847 1205 1883 1268 in

412 1309 629 1394 loquentium
658 1307 918 1392 legentiumque
947 1325 1052 1382 voce,
1081 1303 1143 1370 ubi
1174 1319 1253 1370 sunt
1280 1303 1465 1392 prosodiae
1491 1306 1587 1372 velut
1608 1308 1779 1394 quaedam
1802 1308 1883 1372 iata-

414 1411 508 1476 mina
524 1411 568 1492 ⁷¹)
587 1411 631 1492 ¹).

495 1513 549 1580 26.
577 1511 688 1576 Acuta
715 1511 854 1576 tenuior
882 1524 934 1576 est
961 1531 1066 1598 quarn
1097 1514 1212 1596 gravis
1242 1525 1277 1576 ct
1304 1511 1419 1576 brevis
1448 1510 1555 1588 adeo,
1581 1524 1622 1576 ut
1649 1530 1722 1575 non
1744 1509 1885 1596 longius

413 1635 516 1702 qnam
545 1635 609 1701 per
636 1634 741 1686 unam
769 1612 957 1695 syllabam,
991 1613 1076 1698 quin
1106 1614 1213 1678 immo
1243 1635 1307 1700 per
1333 1633 1443 1677 unum
1476 1626 1613 1700 tempus
1638 1615 1883 1699 protrabatur3

414 1739 491 1782 curn
515 1717 648 1801 gravis,
672 1735 742 1801 quo
763 1713 907 1780 uberior
931 1727 965 1780 et
986 1715 1119 1780 tardior
1140 1728 1208 1792 est,
1233 1715 1362 1780 diutius
1385 1717 1422 1779 in
1443 1715 1552 1780 verbo
1574 1728 1732 1780 moretur
1751 1727 1786 1779 et
1804 1717 1882 1778 iun-

414 1819 495 1883 ctim
527 1817 684 1905 quamvis
714 1817 752 1880 in
779 1816 896 1882 multis
926 1815 1065 1898 syllabis
1095 1817 1239 1894 residete
1278 1819 1445 1903 quocirca
1474 1837 1596 1902 graves
1625 1835 1772 1882 numero
1801 1829 1882 1880 sunt

412 1922 547 2007 plures,
570 1919 753 2006 pauciores
775 1932 915 1997 acutae,
939 1921 1048 1982 flexas
1068 1919 1277 1984 rarissimae.

497 2025 549 2087 27.
578 2021 709 2084 Acutae
738 2033 821 2084 uota
850 2033 901 2084 est
927 2020 1063 2104 virgula
1092 2005 1275 2086 asinistra
1295 2035 1392 2108 parte
1415 2022 1636 2088 dextrorsum
1667 2018 1815 2086 sublime
1835 2019 1885 2084 la-

413 2125 551 2209 stigiata
572 2115 631 2206 ⁷³);
661 2123 775 2207 gravis
799 2117 914 2186 autem
936 2135 1077 2186 notatur
1099 2123 1205 2187 simili
1227 2123 1364 2209 virgula
1394 2127 1431 2187 iu
1452 2123 1572 2189 eadem
1594 2135 1694 2210 parte
1721 2123 1885 2209 depressa

412 2225 569 2310 fastigio,
599 2245 687 2308 quae
715 2236 818 2289 notae
848 2223 1088 2288 demonstrant
1116 2245 1255 2290 omnem
1278 2239 1413 2290 acutam
1436 2247 1558 2292 vocem
1581 2245 1717 2290 sursum
1741 2244 1827 2300 esse,
1851 2237 1887 2287 et

411 2347 553 2412 gravem
569 2325 744 2392 deorsum.
768 2327 886 2412 Ipsum
901 2327 1004 2412 etiam
1019 2327 1232 2392 musicorum
1253 2328 1398 2393 docetur
1413 2329 1663 2412 diagrammate
1682 2319 1737 2410 ⁷⁴),
1761 2327 1797 2390 iu
1813 2347 1885 2410 quo

412 2430 506 2515 tropi
528 2447 592 2512 pro
616 2429 775 2492 acumine
797 2447 925 2491 vocum
947 2429 1144 2513 superiores
1166 2430 1382 2507 scribentum
1405 2431 1556 2517 denique
1579 2447 1735 2494 summus
1756 2423 1800 2509 ⁷⁷)
1823 2429 1885 2508 by-

412 2529 589 2618 perlydiua
613 2523 789 2614 ⁷⁶),quia
820 2530 1057 2607 acutissimum
1086 2531 1224 2596 infinum
1254 2533 1487 2618 hypodorius,
1516 2551 1587 2616 quo
1612 2533 1655 2615 7⁷)
1686 2528 1803 2594 nullus
1834 2541 1887 2592 est

413 2632 562 2717 gravior.
592 2629 702 2694 Flexa
731 2644 845 2694 autem
876 2632 1058 2717 prosodia,
1087 2634 1183 2718 quod
1213 2633 1345 2720 duplex
1375 2645 1426 2698 est
1454 2645 1488 2696 et
1514 2653 1561 2696 ex
1586 2644 1688 2696 acuta
1716 2631 1886 2716 gravique

412 2737 509 2810 ficta,
533 2745 652 2797 notam
674 2731 780 2797 habet
800 2733 936 2796 nemini
958 2727 1001 2816 ⁷⁸)
1022 2735 1255 2820 potestatique
1278 2727 1566 2820 respondentem,
1597 2753 1676 2797 nam
1698 2753 1717 2795 a
1740 2733 1887 2796 sinistro

415 2855 627 2919 consurgens
644 2836 688 2917 ⁷⁹)
701 2835 811 2898 arduo
833 2834 972 2919 fastigio
985 2847 1022 2898 ct
1034 2857 1169 2900 sursum
1183 2837 1282 2900 molli
1306 2848 1490 2901 curvatura
1512 2829 1774 2899 dextroversum
1790 2828 1803 2866 ⁸
1819 2835 1836 2916 )
1851 2831 1887 2916 ⁶)

413 2939 503 3001 doxa
524 2935 709 3022 praecipiti
732 2934 823 3000 clivo
845 2935 1054 3021 deprimitur
1074 2951 1110 3002 et
1131 2939 1282 3024 speciem
1305 2957 1437 3024 pronae
1459 2938 1592 3002 litterae
1615 2938 1669 2998 Ν·
1692 2931 1737 3017 ⁸¹)
1766 2935 1886 3012 elficit,

413 3040 567 3126 priorem
595 3049 732 3102 acutam
762 3051 796 3102 et
826 3040 1056 3124 posteriorem
1087 3061 1229 3126 gravem
1250 3036 1294 3123 ⁸²)
1317 3040 1383 3104 sibi
1406 3042 1518 3104 inesse
1541 3039 1723 3123 significat.
1746 3036 1886 3100 Mediae

413 3160 516 3216 vcro,
549 3141 646 3206 cuius
669 3157 763 3202 nunc
784 3161 867 3204 usus
894 3161 966 3204 uon
988 3141 1154 3221 habetur,
1184 3155 1304 3206 notam
1326 3161 1399 3206 non
1421 3141 1602 3228 ponimus,
1626 3141 1708 3226 quia
1730 3157 1843 3224 neque
1866 3159 1885 3201 a

344 3297 349 3312 .
413 3240 603 3306 maioribus
626 3243 824 3328 accepimus
846 3263 960 3330 neque
983 3245 1113 3329 fingere
1135 3263 1328 3331 possumus.

472 3365 475 3372 ’
498 3345 551 3408 28.
585 3339 684 3407 Ordo
716 3344 753 3406 in
775 3345 974 3410 accentibus
996 3366 1069 3410 non
1091 3345 1306 3421 adtenditur,
1330 3365 1450 3408 verum
1473 3347 1587 3420 varie,
1610 3363 1705 3406 nunc
1726 3361 1886 3426 gravem,

413 3465 508 3508 nunc
531 3459 688 3522 acutum,
715 3465 980 3533 nonnumquam
1012 3450 1140 3510 flexum
1162 3449 1277 3532 primo
1299 3446 1379 3512 loco
1400 3447 1503 3532 poni,
1536 3445 1681 3510 dubium
1703 3465 1776 3508 non
1798 3443 1887 3506 reci·

414 3547 486 3633 pit;
509 3565 580 3609 nou
604 3559 719 3610 tamen
743 3549 854 3613 secius
869 3542 912 3632 ⁸³)
935 3561 987 3613 est
1009 3548 1141 3634 aliquid
1163 3550 1261 3636 prins
1275 3541 1319 3632 84)
1341 3561 1464 3613 natura
1487 3567 1591 3633 quam
1615 3539 1784 3631 aliud'⁵),
1814 3564 1886 3636 non

416 3669 514 3715 secus
537 3661 640 3734 atque
663 3649 700 3710 in
722 3649 845 3714 litteris
869 3652 984 3715 evenit
1002 3643 1056 3736 156).

499 3753 552 3818 29.
575 3749 686 3814 Nobis
715 3751 757 3815 de
788 3766 936 3816 accentu
958 3800 1165 3820 .......
1184 3748 1228 3837 ⁸7)
1256 3727 1472 3818 tractandum
1497 3765 1548 3816 cst
1570 3799 1579 3816 .
1603 3797 1612 3814 .
1632 3744 1704 3834 .⁸⁸)
1726 3748 1887 3824 altitudo,

457 3985 494 4054 ῦς)
513 3979 676 4036 clrordarunr
693 4017 730 4030 -
748 3985 892 4040 cordarum
909 3987 981 4041 cod.
1001 3988 1039 4058 ⁸⁶)
1060 3985 1211 4039 transvolet
1228 4018 1263 4027 -
1281 3983 1429 4040 transvolai
1450 3986 1516 4038 Cod.
1537 3985 1574 4051 ⁸⁷)
1594 3978 1713 4034 chordw
1731 4013 1766 4024 -
1787 3976 1889 4032 θῠῑᾶῑθ

526 4071 593 4124 Cod.
622 4073 659 4140 6“)
683 4071 834 4128 tenduntur
862 4075 930 4134 ced.
950 4095 983 4128 rx
1001 4093 1050 4127 sm.
1069 4095 1111 4146 pr.
1131 4094 1165 4126 rra
1193 4104 1228 4114 —
1246 4071 1397 4128 tendentur
1414 4093 1432 4129 a
1457 4093 1498 4144 pr.
1526 4091 1561 4123 m.
1586 4071 1622 4142 89)
1648 4067 1732 4122 tibiae
1751 4100 1787 4110 -
1806 4067 1889 4119 tinisa

526 4158 593 4210 Cod.
614 4161 651 4231 7“’)
671 4177 703 4212 ao
723 4181 841 4233 —quae
863 4163 930 4216 cod.
950 4163 987 4234 ⁷¹)
1007 4169 1073 4215 sunt
1094 4163 1160 4214 Cod.
1181 4182 1215 4214 ex
1233 4181 1281 4213 em.
1301 4183 1342 4234 pr.
1363 4182 1397 4214 m.
1417 4192 1451 4201 -
1470 4161 1527 4212 aiut
1545 4179 1563 4212 a
1580 4177 1622 4230 pr.
1641 4175 1677 4209 ra.
1697 4159 1733 4224 ⁷¹)
1747 4155 1889 4218 inanius,

525 4249 565 4296 ita
583 4247 683 4298 diserte
703 4248 769 4298 cod.
790 4251 828 4321 ⁷⁸)
846 4249 983 4318 fastigiata
1001 4280 1037 4293 -
1055 4249 1181 4319 fastigata
1199 4250 1265 4301 Cod.
1291 4251 1329 4320 Ν)
1349 4243 1802 4318 diagrammate-diagrammata
1821 4241 1890 4294 cod.

526 4332 563 4399 ⁷⁵)
583 4349 703 4384 summus
722 4365 757 4374 -
775 4353 867 4387 auarus
889 4337 955 4389 ced.
981 4337 1019 4409 ⁷⁶)
1041 4333 1222 4407 hyperlydius
1241 4367 1275 4376 -
1295 4333 1344 4388 bic
1362 4355 1412 4408 per
1430 4333 1515 4388 lidius
1533 4335 1602 4387 ced.
1627 4335 1665 4404 ⁷⁷)
1692 4349 1747 4402 quo
1769 4329 1837 4382 0⁰2·
1857 4348 1890 4382 Η

526 4436 575 4470 rm.
594 4439 637 4489 pr.
656 4439 691 4472 m.
710 4451 745 4462 -
765 4441 818 4494 qus
836 4445 854 4484 a
871 4444 912 4494 pr.
932 4445 966 4478 m.
986 4427 1023 4495 7·)
1042 4423 1148 4476 nomini
1172 4454 1200 4464 -
1219 4423 1338 4476 nominis
1360 4425 1427 4476 Cod.
1455 4428 1491 4495 ⁷⁹)
1511 4435 1679 4490 consurgens
1697 4448 1733 4461 -
1752 4433 1815 4467 cum
1828 4433 1890 4468 tnr-

526 4521 595 4576 genr
617 4507 684 4560 Cori.
711 4511 747 4580 ¹⁰)
767 4520 907 4564 curvatura
936 4509 1141 4566 dextroversum
1159 4541 1195 4552 -
1220 4521 1346 4564 curvatur
1363 4509 1477 4565 adextro
1503 4525 1582 4564 versu
1599 4507 1671 4560 cod.
1690 4505 1729 4578 ⁷¹>
1747 4503 1792 4556 ·V'
1810 4521 1893 4556 sensa

522 4597 673 4665 flagitante
688 4601 881 4670 supplevimus.
902 4602 937 4671 ⁸⁷)
957 4617 1064 4670 gravam
1082 4631 1117 4640 -
1135 4597 1245 4670 grabsnr
1266 4593 1333 4652 Ccd.
1353 4600 1389 4666 ⁸³)
1409 4597 1499 4650 sacius
1518 4629 1553 4639 -
1570 4611 1671 4667 aegeus
1692 4592 1759 4645 cert.
1773 4611 1791 4644 a
1804 4609 1891 4661 gar-m.

525 4711 562 4726 -
581 4681 668 4734 setim
689 4703 722 4736 ex
740 4705 789 4738 erse.
808 4706 850 4757 pr.
868 4707 903 4738 m.
924 4688 961 4757 ⁸⁴)
980 4689 1057 4756 prius
1079 4689 1146 4741 cod.
1166 4708 1184 4740 a
1201 4707 1243 4758 pr.
1263 4705 1297 4738 m.
1318 4687 1447 4756 -prior
1465 4705 1498 4738 ea·
1516 4703 1566 4741 sm·
1583 4702 1626 4752 pr·
1645 4701 1679 4733 ru·
1705 4681 1742 4750 ⁸⁵)
1761 4675 1838 4732 aliud
1856 4708 1893 4719 —

528 4765 598 4820 alius
620 4770 687 4824 Cod.
708 4771 746 4842 ⁸⁸)
765 4771 866 4826 litteris
885 4775 976 4828 evcnit
994 4805 1027 4816 -
1046 4773 1148 4829 litteris
1166 4793 1196 4827 se
1214 4774 1290 4827 veuit
1310 4773 1377 4826 Cod.
1397 4774 1433 4842 ⁸⁷)
1449 4773 1504 4824 Pro
1520 4774 1630 4843 punctis
1648 4789 1666 4821 a
1683 4765 1823 4820 sotietate
1839 4784 1894 4835 po·

529 4859 588 4910 sitis
614 4859 715 4928 legitur
739 4864 768 4913 irr
798 4862 877 4914 Cod..
890 4876 1057 4917 monstrum:
1081 4860 1222 4934 lougirido
1252 4863 1370 4932 (pliades
1400 4863 1497 4914 ultima
1524 4859 1609 4911 tribus
1636 4859 1745 4928 punctis
1771 4857 1892 4922 notata)-

531 4939 568 5013 ”l
594 4945 649 4998 Pro
674 4953 783 5016 punem
805 4968 824 5004 a
847 4951 924 5003 nobis
945 4955 1041 5020 positis
1059 4951 1145 5004 dabas
1170 4955 1198 5004 irs
1220 4949 1287 5004 Cod-
1313 4949 1451 5022 syllabam
1468 4965 1504 4998 ue
1530 4946 1615 4998 tribas
1631 4945 1740 5013 punctis
1758 4951 1893 4994 mmm·

478 5031 507 5100 a)
531 5042 558 5084 rt
582 5031 624 5084 to
640 5037 791 5101 foramina
869 5042 1009 5094 istaraiaa.
1036 5038 1141 5092 Locuas
1159 5035 1242 5108 paulo
1262 5037 1462 5108 cormptiorarss
1486 5031 1522 5087 ad
1541 5031 1623 5088 fidem
1642 5027 1714 5086 cod.
1734 5041 1895 5100 expressum

529 5116 717 5188 sagacioribus
736 5122 927 5194 corrigendum
946 5123 1133 5198 relinquimus.
1152 5127 1182 5197 is)
1201 5137 1351 5181 wratsra
1368 5124 1579 5178 draucrrrsrsra.
1598 5119 1642 5174 tu
1659 5113 1807 5174 scribimus
1826 5131 1895 5184 pro:

531 5218 661 5259 curvatur
678 5209 794 5264 adrasto
812 5231 908 5275 versa,
926 5221 958 5268 ut
976 5220 1104 5284 corrupte
1121 5209 1206 5266 lsabet
1226 5208 1296 5266 Cod.
