4042 6070
450 532 603 592 mccnrt
628 533 775 590 turtum
802 535 994 600 GRAMMAT.
1018 539 1290 598 rmonunrnn.
1541 547 1603 614 121

220 685 293 750 237.
319 681 371 749 ·C·
394 685 480 748 hacc
502 683 585 748 tria:
609 682 698 760 dic,
722 683 821 758 duc,
846 683 922 750 lac.

221 789 295 853 238.
307 786 439 852 Omnia
450 782 557 848 verba
566 783 961 870 tertiaeconiugation'is,
971 790 1043 854 sive
1055 790 1309 869 declinationis,
1319 791 1356 854 in
1366 791 1605 876 secundaper-

140 910 222 956 sona
245 889 402 954 instantis
426 887 680 973 imperativi⁹)
702 907 766 972 per
789 887 839 950 ·E·
856 889 1006 954 litteram
1021 892 1261 970 terminantur,
1286 894 1442 978 exceptis
1465 893 1519 956 his
1543 892 1603 955 lll.

140 995 223 1071 dic,
247 992 345 1067 duc,
375 991 448 1054 iac.
483 988 552 1053 Sed
575 987 703 1065 facio,
733 990 761 1052 si
792 991 1088 1075 praepositionem
1117 995 1301 1080 acceperit,
1324 996 1413 1060 redit
1436 996 1480 1058 ad
1502 1015 1606 1078 regu·-

140 1097 226 1170 lam,
257 1093 352 1158 velut
381 1092 561 1168 inficio,
594 1091 749 1168 inlice;
774 1093 956 1170 adiicio,
986 1095 1145 1173 adlice3
1174 1097 1388 1173 conficio,
1425 1095 1605 1158 confice.

138 1197 211 1261 Neo
233 1196 326 1260 enim
350 1193 514 1256 dicimus:
539 1193 662 1270 duce,
686 1192 794 1269 lace,
819 1194 926 1270 dice,
951 1216 1151 1281 quanquam
1171 1211 1305 1260 veteres
1328 1199 1376 1260 ita
1398 1196 1605 1260 extulerunt.

220 1301 297 1366 239.
321 1296 372 1360 ·R·
397 1317 442 1359 ex
466 1295 638 1379 corruptis
662 1315 707 1358 ex
729 1296 854 1360 verbo:
878 1296 985 1375 iero,
1010 1299 1112 1374 lere,
1137 1299 1213 1376 ier,
1238 1299 1320 1363 iacit
1341 1299 1473 1363 aufer.

220 1403 296 1466 240.
311 1398 358 1463 ·S·
367 1399 449 1462 item
465 1419 510 1462 ex
523 1397 694 1481 corruptis
710 1417 755 1461 ex
769 1399 877 1464 verbo
895 1401 1057 1477 adsum,
1078 1400 1184 1464 ades.

355 1573 382 1616 :2
407 1549 538 1634 Quas
553 1549 786 1616 ransom
811 1553 986 1636 corros
1011 1553 1312 1618 sennarum:
1331 1554 1372 1637 ·).

221 1675 297 1737 241.
311 1672 396 1735 ltem
415 1670 457 1734 ab
473 1670 740 1755 imperativisl')
756 1665 948 1734 activorum
964 1673 1126 1736 infinitivi
1138 1675 1182 1756 9¹)
1200 1675 1248 1738 ita
1271 1673 1503 1758 recipiuntnr3
1525 1691 1607 1732 nam

140 1774 325 1858 unicuique
339 1769 381 1858 91)
404 1771 509 1836 modo
533 1771 740 1856 imperativo
765 1772 847 1835 ·RE·
871 1773 1002 1854 syllaba
1017 1775 1152 1838 adiecta
1175 1775 1257 1837 iacit
1272 1774 1492 1846 infinitivum,
1513 1771 1610 1835 velut

142 1898 245 1952 ama,
276 1896 426 1950 amare,
459 1873 584 1949 doce,
614 1872 785 1950 doccre;
813 1874 977 1952 scribe,
1011 1876 1224 1952 scribere;
1257 1877 1392 1951 muni,
1421 1876 1607 1950 munire3

142 1979 218 2054 iac,
253 1977 412 2051 lacere;
436 1973 516 2050 ier,
541 1973 667 2050 ferre3
692 1988 840 2060 excepto
865 1976 967 2041 cedo
983 1970 1045 2062 9³),
1069 1977 1176 2062 quod,
1200 1990 1365 2064 utsupra
1388 1978 1551 2050 diximus,
1575 1987 1609 2038 et

144 2081 265 2156 solum,
289 2090 323 2143 et
345 2077 516 2140 secundae
534 2087 672 2164 'tautum
696 2098 865 2162 personae
889 2091 950 2154 est,
975 2092 1008 2143 et
1029 2079 1140 2157 ades,
1165 2080 1262 2166 quod
1282 2099 1354 2142 non
1377 2080 1502 2164 recipit
1526 2075 1608 2140 ·RE·

144 2181 317 2262 syllabam,
341 2179 402 2242 sed
425 2176 514 2252 ·SE·,
539 2191 573 2240 et
595 2176 676 2241 iacit
698 2179 859 2244 adesse.
1041 2261 1045 2270 ,
1353 2263 1362 2270 .

222 2285 294 2347 242.
326 2279 555 2344 Promissivus
576 2273 620 2362 ⁹⁵)
648 2280 783 2356 modus,
808 2281 947 2364 qnando
971 2283 1007 2344 in
1032 2280 1118 2346 ·Bo·
1141 2281 1324 2363 syllabam,
1349 2294 1382 2344 et
1405 2279 1544 2364 quando
1572 2281 1609 2342 in

145 2383 242 2461 nin,
265 2382 320 2446 vel
344 2384 380 2446 in
403 2381 492 2446 ·RO·
506 2381 611 2444 ·exire
635 2381 776 2458 debeat,
800 2384 850 2446 sic
872 2383 915 2448 ab
940 2383 1276 2469 imperativomodo
1299 2381 1540 2446 observabitur
1552 2372 1608 2461 96).

224 2485 352 2550 243]ss
376 2483 462 2548 ·BO·
486 2482 652 2565 syllabam
667 2485 894 2570 promissivus
909 2487 982 2548 exit
997 2485 1040 2548 ab
1056 2485 1270 2570 imperativis
1284 2487 1328 2566 ⁹⁷)
1350 2485 1386 2547 in
1409 2485 1471 2560 ·Α·,
1494 2482 1550 2546 vel
1573 2483 1611 2545 in

149 2587 195 2650 ·E·
208 2586 428 2672 productam,
445 2585 501 2649 vel
517 2587 553 2648 in
571 2576 665 2670 ·1·⁹⁸)
681 2586 832 2649 litteram
847 2587 1052 2662 terminatis,
1077 2587 1150 2650 eius
1173 2599 1289 2650 tamen
1312 2585 1360 2662 ·1·,
1386 2587 1483 2648 cuius
1505 2584 1612 2648 verba

145 2689 253 2774 prima
283 2687 458 2773 positione
489 2687 539 2750 ·E·
567 2687 718 2750 litteram
746 2701 825 2750 ante
855 2688 911 2753 ·0·
942 2688 1088 2764 habent,
1118 2688 1214 2751 velut
1236 2707 1303 2764 eo,
1328 2700 1471 2772 atquae
1495 2685 1538 2749 ab
1562 2707 1610 2750 eo

147 2801 398 2874 conponuntur,
421 2801 461 2852 ut
483 2789 621 2865 redeo,
645 2787 759 2864 abeo,
784 2790 896 2854 adeo.
919 2791 977 2853 Ex
999 2789 1049 2852 ·A·
1063 2789 1187 2866 littera,
1202 2802 1241 2852 ut
1263 2809 1362 2864 ama,
1385 2788 1550 2865 amabo;
1567 2808 1612 2852 ex

147 2889 194 2952 ·E·
214 2891 396 2976 products,
413 2904 452 2954 ut
474 2889 788 2967 doce,docebo;
806 2891 896 2954 ex·l·
911 2890 1025 2955 littera
1042 2893 1098 2974 9⁹),
1113 2905 1152 2956 ut
1175 2891 1258 2966 ibo,
1284 2890 1448 2968 redibo,
1470 2890 1609 2954 adibo.

223 2995 296 3057 244.
321 2993 362 3055 ln
386 2991 476 3055 ·AM·
500 2991 664 3073 syllabam
688 2993 915 3077 promissivus
934 2994 987 3075 ¹⁰⁰)
1019 2995 1091 3058 exit
1114 2993 1156 3057 ab
1179 2994 1394 3078 imperativis
1417 2993 1468 3056 ·E·
1493 3012 1610 3056 corre-

146 3105 201 3176 pta
226 3095 439 3169 terminatis,
469 3107 507 3158 ut
538 3091 700 3168 scribe,
732 3093 925 3161 scribam.
958 3095 1045 3159 Item
1068 3097 1105 3160 in
1128 3093 1218 3159 ·AM·
1242 3096 1315 3158 exit
1336 3095 1564 3180 promissivus
1583 3094 1610 3175 ¹)

144 3215 185 3256 ex
206 3195 320 3258 verbis
343 3195 556 3280 imperativis
575 3196 603 3277 ¹)
627 3195 663 3258 ·l·
681 3193 728 3278 b),
751 3196 860 3260 veluti
883 3198 1007 3272 muni,
1030 3199 1227 3274 muniam,
1251 3197 1377 3273 nutri,
1400 3195 1610 3269 nutriam;

147 3298 224 3358 item
247 3295 300 3362 ·C·
318 3299 364 3379 ‘),
387 3310 425 3360 ut
447 3297 545 3372 dno,
569 3295 729 3372 ducam;
754 3296 834 3360 item
860 3297 912 3361 ·lt·
929 3295 972 3381 ³),
996 3311 1036 3363 ut
1058 3299 1135 3376 ier,
1160 3299 1304 3362 leram.

224 3402 297 3464 245.
323 3399 364 3461 ln
395 3395 486 3461 ·RO·
517 3396 682 3480 syllabam
715 3401 942 3484 promissivus
959 3391 987 3484 ³)
1016 3403 1089 3466 exit
1116 3400 1160 3464 ab
1183 3399 1397 3485 imperativis
1426 3397 1473 3462 ·S·
1495 3397 1611 3462 littera

143 3500 344 3576 terminatis,
367 3511 405 3562 ut
427 3497 546 3576 ades,
570 3500 712 3564 adero.
737 3501 828 3564 Hinc
850 3514 1065 3568 transeamus
1087 3501 1131 3565 ad
1152 3503 1355 3586 perlectum.

224 3604 295 3668 246.
313 3602 354 3666 ln
362 3601 478 3688 primo
488 3601 610 3665 ordine
621 3600 807 3665 verborum
820 3603 1012 3688 perlectum
1028 3615 1165 3688 tempus
1187 3604 1440 3688 pronunciatur
1453 3601 1560 3677 varie,
1574 3601 1611 3665 id

145 3716 205 3778 est,
228 3725 299 3768 non
330 3705 366 3768 in
397 3704 493 3768 omni
514 3702 622 3768 verbo
646 3705 785 3767 easdem
808 3710 996 3784 asseritur
1017 3701 1046 3787 ⁴)
1068 3702 1191 3781 habet,
1215 3705 1365 3790 ideoque
1388 3705 1424 3767 in
1448 3716 1613 3790 quattuor

184 3963 221 4030 t·)
244 3959 399 4032 imperativi
417 3990 453 4002 -
470 3959 628 4031 imperatibi
649 3963 717 4017 cod.
736 3967 774 4036 Ν)
794 3963 963 4035 imperativis
982 3993 1018 4006 -
1034 3961 1178 4017 infinitivis
1198 3965 1266 4018 Cod.
1285 3965 1322 4033 θ’)
1342 3963 1469 4018 infinitivi
1486 3987 1524 4013 =
1542 3963 1610 4026 cod.

249 4051 286 4119 θ’)
305 4048 453 4119 unicuique
471 4075 507 4090 -
525 4066 691 4123 unoquoque
712 4052 781 4106 ch.
808 4055 845 4122 ⁰⁴)
865 4049 935 4104 cedo
952 4081 988 4092 -
1007 4047 1061 4103 cdo
1083 4051 1150 4104 cod.
1174 4052 1211 4122 ⁹³)
1231 4051 1425 4122 promissivum
1443 4083 1476 4094 -·
1495 4050 1614 4121 promis·

248 4137 324 4190 sirus
345 4137 411 4190 eod.
437 4137 476 4208 θ’)
495 4133 739 4191 observabitur-
757 4137 935 4192 obscbavitut·
955 4139 1022 4193 oud.
1055 4141 1093 4208 ⁹7)
1113 4138 1282 4210 imperativis
1299 4171 1335 4182 -
1353 4137 1525 4210 imperatibis
1546 4140 1613 4192 cod.

249 4224 287 4293 ⁰⁸)
305 4223 336 4276 iu
354 4223 386 4276 ·1·
406 4253 442 4269 -
458 4224 488 4276 in
507 4224 516 4274 i
535 4225 564 4276 ni
585 4225 653 4278 cod.
672 4230 708 4294 θ’)
728 4245 761 4280 ea
785 4227 817 4278 ·1·
835 4224 980 4280 littere-
1008 4225 1040 4277 ·l·
1057 4224 1178 4280 litteram
1197 4225 1303 4298 (εει)
1325 4229 1392 4282 God.
1422 4235 1470 4295 ¹⁰⁰)
1496 4225 1613 4299 promis-

250 4310 325 4362 sivus
344 4341 380 4352 —
397 4309 580 4382 promissibus
602 4315 669 4366 Cod.
692 4315 713 4382 ¹)
734 4313 912 4384 promissivus
931 4344 966 4354 -
985 4310 1169 4383 promissibus
1190 4316 1258 4368 cod.
1279 4316 1304 4388 ¹)
1323 4315 1491 4388 imperativis
1509 4345 1544 4356 -
1562 4314 1613 4365 im·
1658 4343 1665 4356 ι

249 4396 382 4468 peratibis
404 4400 471 4453 cort.
491 4401 515 4470 Ι)
536 4399 714 4471 promissivus
734 4433 767 4441 -
786 4398 970 4472 promissibus
991 4401 1059 4454 cod.
1080 4401 1103 4472 ι)
1122 4396 1280 4474 sasallera
1293 4397 1482 4474 -καταληξις
1502 4403 1569 4455 cod.

180 4489 212 4552 a)
242 4484 345 4558 QUAE
373 4485 553 4541 TEMPORA
577 4485 720 4560 QUIBUS
744 4487 969 4543 SUMUNTUR.
995 4487 1107 4542 Titulus
1132 4488 1240 4543 videtur
1266 4488 1365 4563 capitis
1390 4487 1425 4541 de
1449 4489 1611 4542 formatione

251 4581 422 4646 temporum,
446 4571 522 4646 quod
542 4580 632 4626 tamen
651 4574 740 4646 ipsum
758 4577 787 4628 in
807 4573 904 4628 codice
924 4573 1022 4641 deest,
1047 4595 1110 4628 uam
1128 4579 1252 4650 sequitur
1271 4577 1396 4630 doctriua
1415 4574 1450 4629 de
1469 4573 1612 4627 modorum

250 4660 422 4714 (ornationis.
447 4659 558 4714 Titulus
577 4659 631 4714 boc
649 4680 704 4714 uno
724 4680 786 4714 cum
811 4660 1042 4734 praecedentibus
1062 4672 1090 4717 st
1108 4660 1343 4736 subsequentibus
1368 4674 1462 4717 tenore
1480 4661 1611 4732 scriptus,

250 4748 380 4821 utrinque
413 4757 543 4822 quattuor
569 4749 682 4820 punctis
708 4760 838 4814 notatus,
863 4749 964 4822 quibus
989 4748 1142 4822 respondet
1166 4759 1231 4803 nom
1255 4750 1374 4822 aprima
1398 4767 1478 4803 manu
1497 4751 1612 4832 margini
1694 4771 1715 4825 j

247 4833 403 4908 adscripta:
435 4839 532 4909 regula
557 4839 720 4907 anteposita.
745 4835 869 4891 Pbrasim
895 4839 1007 4892 omniuo
1032 4836 1151 4892 similem
1168 4835 1254 4890 babes
1278 4835 1353 4909 apud
1372 4833 1454 4893 Proh.
1473 4847 1522 4892 art.
1543 4839 1611 4912 mio.

251 4925 323 4990 (188
343 4925 390 4994 V.)
416 4931 465 4995 qui
482 4942 562 4978 casua
586 4943 656 4998 quoa
673 4945 752 4980 casus
770 4946 863 5000 regere
880 4931 984 4998 possint
1003 4934 1057 4981 etc.
1085 4927 1113 4997 b)
1138 4945 1171 4979 ex
1190 4927 1276 4980 verbis
1300 4930 1463 4997 imperativis
1496 4927 1528 4978 ·1·
1548 4942 1614 4996 sup-

248 5007 383 5082 plendam
400 5009 524 5065 videtur:
552 5014 632 5066 litera
650 5019 807 5068 terminatis.
834 5018 860 5086 e)
879 5021 943 5068 item
970 5017 1014 5068 ·C·
1033 5014 1099 5068 mira
1117 5013 1184 5067 fessi
1212 5011 1318 5066 scribas
1336 5011 1531 5086 brachylogia,
1548 5031 1612 5085 pro:

250 5103 315 5150 item
331 5117 366 5152 ea
384 5100 471 5152 versu
488 5103 660 5171 imperativis.
698 5103 739 5156 ·0·
758 5103 851 5157 littera
876 5107 1034 5160 terminetis.
1058 5104 1089 5174 d)
1108 5108 1172 5158 item
1200 5103 1252 5167 ·R·,
1273 5105 1313 5158 sic
1330 5121 1398 5176 pro:
1424 5109 1487 5160 item
1505 5121 1540 5156 e:
1558 5119 1615 5156 var·

253 5185 293 5238 bis
309 5177 481 5257 imperativis
503 5189 546 5243 ·R·
563 5189 656 5244 littera
675 5195 834 5246 terndoatis.
