4050 6064
403 549 471 618 «ῃ
713 537 910 596 sanctus
936 537 980 595 m
1008 537 1181 592 nons'rs
1208 535 1358 592 sareu
1386 509 1569 592 carnin.

405 692 570 756 trochaeo
600 699 634 752 et
664 687 780 752 iambo
804 689 847 770 ');
877 705 957 750 nam
986 687 1099 770 prima
1130 685 1259 767 syllaba
1289 685 1358 748 duo
1390 697 1547 771 tempora
1577 681 1698 760 babet,
1730 703 1880 769 sequens

406 813 531 868 unum,
561 789 615 854 vel
646 801 766 854 contra
790 790 829 870 ¹).
862 788 1028 875 Sescupla
1060 802 1127 864 est,
1160 789 1323 873 quotiens
1345 786 1452 850 altera
1473 805 1555 871 pars
1578 787 1721 852 alteram
1745 799 1881 872 partem

405 895 620 961 dimidietate
636 886 664 976 ³)
687 891 786 977 dupli
808 892 917 955 vincit
938 883 988 974 ⁴),
1017 911 1106 976 quae
1129 891 1261 955 idcirco
1286 890 1378 955 dicta
1410 901 1462 952 est
1484 888 1660 975 sescupla,
1689 890 1771 974 quia
1800 890 1882 976 plus

406 997 449 1064 ab
472 1016 586 1082 aequa
607 989 839 1079 significat⁵),
863 995 977 1058 minus
1000 1014 1020 1057 a
1042 993 1159 1079 dupla.
1182 992 1288 1056 atiud
1310 1004 1362 1056 est
1385 992 1476 1055 enim
1501 1011 1581 1054 cum
1604 991 1675 1057 duc
1698 1005 1779 1056 sunt
1794 1011 1881 1056 con-

405 1113 459 1164 tra
489 1119 618 1173 unum,
649 1096 728 1182 plus
759 1095 851 1158 enim
879 1093 1015 1160 laborat
1046 1095 1106 1160 illa
1134 1116 1232 1181 pars,
1260 1115 1349 1181 quae
1380 1113 1487 1157 unum
1518 1093 1621 1158 babet
1653 1105 1775 1159 contra
1796 1094 1880 1158 duo.

405 1201 511 1265 Aliud
534 1193 646 1283 est⁶),
671 1219 750 1264 cum
773 1198 840 1262 tria
857 1199 885 1280 7)
908 1199 1054 1262 veniunt
1076 1211 1199 1262 contra
1220 1197 1302 1263 duo.
1327 1196 1424 1262 Scire
1448 1198 1552 1263 etiam
1577 1195 1760 1272 debemus,
1784 1197 1884 1282 quod

406 1323 553 1390 aequam
577 1303 783 1366 divisionem
807 1319 992 1387 possumus
1014 1320 1141 1366 vocare
1163 1299 1389 1381 dactylicam,
1420 1298 1561 1385 duplam
1592 1299 1796 1376 iambicam,
1828 1321 1884 1364 se·-

406 1406 563 1491 scuplam
587 1405 790 1490 paeonicam
808 1397 847 1484 ⁸).
1496 1471 1500 1478 ¹

492 1511 542 1573 12.
558 1506 821 1588 Inveniunturl)
835 1506 872 1569 in
880 1524 1093 1591 unoquoque
1102 1518 1212 1570 metro
1226 1506 1266 1588 Ι’)
1277 1504 1383 1592 pedes
1395 1510 1400 1534 ¹
1410 1506 1446 1589 ¹),
1463 1504 1696 1590 quidicuntur
1709 1503 1810 1568 nothi
1825 1506 1881 1587 Ι’),

406 1609 538 1674 idcirco
562 1607 659 1694 quod
688 1607 784 1672 velut
801 1595 962 1694 'adpositi
991 1628 1012 1671 a
1042 1608 1210 1692 dignitate
1239 1608 1341 1672 metri
1371 1608 1583 1692 degenerant
1607 1599 1669 1689 ¹³),
1701 1617 1740 1669 ut
1770 1618 1821 1670 est
1843 1605 1883 1670 iu

404 1731 508 1775 versu
529 1711 672 1774 heroico
695 1711 889 1786 trochaeus,
913 1723 1128 1794 anapaestus,
1151 1710 1465 1796 proceleumaticus
1479 1701 1537 1792 '‘);
1560 1727 1640 1771 nam
1662 1707 1811 1792 legitimi
1828 1703 1883 1790 ¹⁵),

406 1813 546 1876 suntin
568 1813 710 1876 heroico
733 1831 836 1874 versu
857 1804 897 1894 ¹⁶)
921 1811 1113 1896 spondeus,
1138 1824 1171 1876 et
1192 1813 1232 1893 ’7)
1256 1811 1430 1893 dactylus,
1464 1813 1526 1898 qui
1548 1824 1665 1876 tamen
1689 1823 1723 1874 et
1744 1811 1820 1895 ipae
1841 1805 1883 1890 ¹⁸)

406 1933 479 1978 non
502 1913 568 1978 luit
588 1927 666 1978 ante
689 1913 865 1998 legitimus
883 1913 942 1997 ¹⁹),
974 1913 1034 1977 sed
1057 1913 1166 1979 iactus
1190 1926 1241 1978 est
1265 1935 1310 1979 ex
1338 1914 1511 1978 solutione
1534 1912 1707 1978 secundae
1728 1911 1883 1995 syllabae

409 2017 557 2102 spondei
575 2019 630 2098 ²⁰).

384 2118 390 2130 '
494 2122 543 2184 13.
559 2119 669 2184 Pedes
683 2119 859 2205 simplices
877 2119 956 2183 ideo
973 2119 1059 2185 dicti
1074 2133 1166 2198 sunt,
1190 2119 1285 2206 quod
1296 2139 1368 2184 non
1382 2121 1451 2184 sint
1467 2137 1509 2184 ex
1525 2116 1674 2205 pedibus
1688 2115 1765 2181 aliis
1782 2135 1883 2180 com-

406 2223 512 2308 positi
527 2222 586 2304 ”),
611 2220 672 2285 sed
693 2233 817 2286 natura
838 2241 949 2308 usqne
973 2225 1016 2305 ²²)
1040 2223 1084 2286 ad
1107 2235 1221 2287 ternas
1246 2215 1289 2305 ²³)
1312 2221 1460 2304 syllabas
1478 2221 1646 2296 tendunt3
1669 2219 1699 2283 si
1721 2220 1814 2282 enim
1835 2211 1881 2301 ²²)

405 2344 516 2410 usque
539 2324 582 2388 ad
605 2323 674 2387 llll
697 2323 906 2400 dixerimus,
930 2325 999 2386 iam
1022 2344 1094 2388 non
1114 2338 1194 2388 sunt
1215 2321 1391 2410 simplices
1408 2319 1468 2409 ²⁵),
1492 2324 1552 2388 sed
1576 2343 1622 2387 ex
1643 2319 1820 2402 disyllabis
1835 2313 1879 2404 ²⁰)

406 2424 491 2488 lacti
519 2425 696 2510 duplices,
728 2427 790 2510 qui
821 2425 977 2512 duplices
1005 2447 1078 2490 non
1107 2425 1256 2513 amplius
1286 2447 1391 2513 qnam
1407 2430 1452 2510 ’7)
1482 2445 1642 2490 senarum
1667 2422 1876 2505 syllabarum

407 2545 481 2590 esse
504 2539 749 2591 monstrantur.
773 2527 819 2590 Et
841 2548 961 2591 revera
984 2529 1157 2614 siquidem
1180 2529 1378 2611 trisyllabos
1396 2530 1427 2612 ⁴¹)
1456 2541 1591 2592 constat
1619 2526 1794 2613 simplices
1817 2545 1881 2611 pe-

337 2705 340 2712 .
407 2611 468 2692 diss
489 2622 532 2710 ²⁸)
555 2648 665 2713 usque
688 2628 732 2692 ad
754 2641 869 2692 ternas
884 2632 928 2713 ’7)
951 2631 1097 2711 syllabas
1120 2651 1222 2716 posse
1246 2631 1498 2705 conscendere,
1529 2631 1590 2714 qui
1613 2631 1733 2714 utique
1754 2621 1795 2708 ³⁰)
1818 2645 1880 2710 ge·

407 2730 530 2794 minati
554 2731 627 2794 iure
650 2729 808 2816 duplices
831 2751 940 2817 nsque
963 2733 1007 2796 ad
1029 2733 1079 2796 vl
1103 2731 1250 2814 syllabas
1273 2735 1424 2798 mittunt.

469 3082 491 3150 ¹)
519 3086 548 3132 et
565 3086 609 3133 eet
626 3079 656 3131 in
674 3076 718 3131 bis
737 3076 858 3150 pedibus
877 3077 1005 3134 tacebam
1025 3091 1052 3135 et
1070 3077 1161 3134 iambo
1179 3083 1211 3135 Β.
1230 3113 1266 3124 ·-
1285 3089 1316 3135 at
1335 3089 1378 3135 est
1395 3082 1413 3134 i.
1432 3079 1460 3136 b.
1479 3099 1508 3154 p.
1527 3081 1557 3134 in
1575 3077 1688 3134 trocheo
1707 3096 1732 3132 e.
1749 3079 1772 3132 i.
1791 3081 1830 3132 A.
1848 3108 1881 3120 -

515 3175 544 3220 et
569 3165 598 3218 in
624 3163 650 3218 b.
677 3184 705 3237 p,
731 3176 774 3221 est
799 3163 928 3222 trocbaeo
953 3185 977 3220 a.
1003 3169 1023 3222 i.
1049 3169 1100 3222 Pas.
1119 3191 1156 3218 =
1173 3168 1209 3224 A.
1229 3171 1254 3242 ¹)
1273 3167 1317 3222 vel
1336 3179 1432 3222 contra
1449 3171 1481 3224 B.
1507 3171 1558 3222 Pu.
1578 3198 1613 3212 -
1630 3165 1674 3222 rel
1693 3184 1708 3220 e
1728 3175 1824 3220 contra
1843 3169 1880 3221 A.

515 3255 540 3326 ³)
560 3251 732 3308 dimidietate
750 3287 786 3297 -
804 3251 982 3308 dimedietate
999 3257 1033 3328 Β.
1051 3287 1088 3298 -
1107 3255 1142 3310 de
1161 3254 1309 3310 medietate
1326 3258 1363 3312 A.
1383 3259 1434 3311 Pa.
1449 3258 1477 3327 l)
1497 3258 1601 3311 Totum
1618 3254 1723 3309 locum:
1742 3273 1806 3307 nam
1822 3256 1880 3325 pri-

514 3359 558 3395 ma
576 3373 610 3384 -·-
629 3340 709 3414 dupli
727 3343 814 3396 vincit
830 3365 867 3393 =
885 3343 916 3396 P.
935 3343 1013 3396 Idem
1030 3346 1107 3398 meua
1126 3347 1262 3418 usquead
1281 3364 1352 3399 ν.ν..·
1371 3344 1507 3418 Sescnpla
1525 3351 1569 3398 eat
1586 3345 1715 3418 quotiens
1733 3346 1834 3416 legitur
1850 3347 1881 3395 in

513 3448 601 3503 marg.
624 3431 692 3485 cod.
711 3432 744 3484 B.
772 3432 797 3504 Ι)
816 3429 953 3500 significat
970 3432 1004 3484 B.
1023 3432 1059 3507 A.
1079 3433 1110 3485 P.
1129 3463 1164 3474 -
1183 3431 1320 3503 significet
1336 3434 1389 3486 Pu.
1417 3433 1441 3504 ⁴)
1465 3442 1508 3486 est
1525 3434 1557 3486 B.
1577 3435 1614 3487 A.
1641 3435 1672 3485 Ρ.
1690 3463 1727 3476 -
1745 3431 1817 3484 enim
1838 3437 1881 3482 est

513 3520 564 3572 Pu.
585 3520 609 3592 ⁷)
629 3519 681 3570 tria
696 3520 731 3574 Β.
751 3539 768 3572 a
785 3537 828 3590 pr.
847 3537 883 3571 m.
902 3519 940 3572 A.
958 3519 993 3574 Ρ.
1012 3520 1063 3573 Pu.
1082 3549 1117 3562 -
1135 3529 1191 3574 tres
1209 3522 1242 3574 Β.
1262 3541 1277 3573 e
1295 3541 1365 3606 corr:
1387 3524 1409 3590 ⁸)
1429 3521 1590 3593 paeonicam
1609 3523 1641 3574 P.
1657 3522 1709 3574 Pu.
1728 3550 1763 3562 —
1781 3517 1880 3589 pecui-

514 3623 574 3658 cam
592 3606 626 3661 Β.
645 3637 681 3648 -
697 3607 843 3677 pcenicam
860 3607 897 3659 A.
917 3610 940 3674 ⁰)
959 3606 1140 3660 Inveniuntur
1157 3609 1190 3662 Β.
1209 3608 1241 3662 Ρ.
1261 3611 1313 3663 Pu.
1333 3641 1366 3650 -
1390 3609 1571 3663 Inveniuntur
1588 3609 1662 3662 enim
1680 3607 1716 3663 A.
1738 3608 1772 3674 ¹⁰)
1790 3611 1878 3656 melro

514 3693 547 3746 Β.
566 3695 598 3746 Ρ.
617 3694 670 3748 Pu.
689 3717 725 3744 -..-.
742 3695 778 3748 A.
800 3698 836 3764 ¹¹)
855 3691 993 3765 pedes‘B.
1011 3695 1049 3748 A.
1068 3696 1100 3748 P.
1119 3727 1156 3740 -
1172 3695 1260 3766 pedes
1278 3693 1416 3766 ignobiles
1443 3699 1493 3752 Pu.
1513 3695 1689 3769 '’)dicuutur
1705 3691 1784 3748 notbi
1801 3693 1835 3746 Β.
1850 3723 1881 3736 -

513 3777 591 3834 nctbi
601 3791 735 3836 vocentur
744 3784 781 3837 A.
790 3785 821 3837 Ρ.
828 3784 881 3838 Pu.
896 3784 931 3852 ¹²)
941 3779 1017 3837 relut
1024 3783 1145 3854 appositi
1154 3801 1170 3834 a
1178 3781 1311 3854 dignitate
1319 3785 1400 3838 metri
1410 3783 1616 3856 degenerantP.
1627 3817 1661 3830 -
1672 3782 1749 3838 velut
1760 3785 1879 3853 (panetio

512 3872 689 3938 superpositis
696 3871 889 3941 improbatum)
899 3867 1042 3941 adpositis
1052 3869 1185 3940 dignitate
1192 3872 1275 3925 metri
1284 3869 1441 3942 redigerent
1448 3874 1480 3926 Β.
1490 3894 1524 3927 ex
1532 3891 1584 3928 em.
1591 3893 1633 3944 pr.
1643 3891 1678 3926 m.
1689 3903 1724 3918 -
1737 3867 1814 3923 velut
1828 3887 1878 3940 ap·

513 3955 601 4027 positi
610 3954 770 4026 dignitatem
778 3959 858 4012 nestri
868 3955 1036 4028 degenerant
1042 3959 1080 4012 A.
1089 3957 1330 4031 -relutadpcsiti
1339 3959 1500 4030 dignitatem
1511 3963 1592 4016 metn'
1603 3959 1769 4032 degenerent
1783 3960 1834 4012 Pu.
1845 3987 1879 4000 0-

513 4040 590 4098 velut
598 4041 720 4116 adpositi
730 4042 889 4114 dignitatem
898 4047 979 4098 metri
987 4055 1015 4099 et
1023 4045 1218 4117 redigerentB.
1230 4068 1299 4120 apr.
1308 4069 1342 4102 m.
1355 4052 1388 4120 ¹⁴)
1399 4047 1683 4121 proceleumaticum.
1691 4047 1727 4101 A.
1735 4049 1767 4100 Ρ.
1776 4063 1879 4118 -pro-

515 4131 724 4186 celeusmaticns
742 4134 792 4186 Pu.
815 4135 850 4204 ¹⁵)
864 4131 979 4204 legitimi
988 4136 1062 4188 ne.
1073 4133 1190 4204 legitimi
1208 4134 1234 4188 bi
1254 4139 1285 4190 Ρ.
1294 4135 1524 4206 Pn-tsgiuimi
1543 4140 1605 4205 (sie)
1625 4135 1665 4190 bii
1682 4138 1719 4190 A.
1743 4137 1778 4204 ¹⁶)
1797 4151 1879 4186 versu

513 4218 546 4273 B.
566 4219 650 4290 (inter
666 4221 735 4288 lia.)
754 4249 789 4262 -
807 4230 894 4274 metro
913 4222 951 4275 A.
971 4223 1002 4274 Ρ.
1021 4223 1072 4275 Pu.
1095 4227 1129 4293 ¹⁷)
1149 4231 1177 4275 et
1194 4224 1231 4277 A.
1249 4227 1281 4279 P.
1300 4227 1351 4277 Pu.
1369 4247 1406 4276 .-..··
1424 4225 1454 4278 Β.
1482 4226 1519 4296 ¹¹)
1541 4233 1569 4278 at
1586 4225 1648 4296 ipse
1666 4227 1698 4280 Β.
1716 4225 1767 4276 Pu.
1785 4244 1823 4274 =
1839 4223 1880 4275 A.

512 4305 545 4358 Ρ.
570 4307 610 4384 ρ’ῡ)
629 4321 685 4358 non
710 4306 764 4359 fuit
781 4315 844 4360 aute
869 4306 1009 4378 legitimus
1026 4311 1059 4364 Β.
1078 4311 1131 4364 Pu.
1149 4310 1188 4364 A.
1213 4312 1273 4382 (secl
1289 4310 1359 4366 liunt
1375 4333 1426 4384 pro
1445 4313 1509 4384 luit)
1528 4344 1563 4354 -
1581 4320 1645 4366 ante
1662 4310 1801 4382 legitimos
1822 4327 1882 4361 oon

512 4390 566 4446 init
583 4392 614 4445 P.
634 4395 670 4463 ὀ)
688 4389 829 4447 solutione
847 4393 985 4448 secundae
1004 4394 1126 4468 syllabae
1147 4397 1266 4468 spondei
1283 4400 1316 4453 Β.
1335 4431 1370 4440 -
1388 4399 1531 4454 solucione
1549 4397 1669 4472 spondei
1686 4397 1810 4452 secunde
1830 4395 1884 4450 sil-

512 4475 576 4531 labe
593 4480 631 4534 A.
649 4511 685 4526 -
703 4480 842 4536 solutione
860 4480 979 4554 spondei
997 4483 1135 4540 secundas
1154 4483 1276 4556 syllabae
1293 4489 1345 4541 Pu.
1364 4486 1579 4542 dresclutioue
1598 4483 1737 4540 secundae
1756 4483 1885 4555 syllabae

512 4563 648 4638 spondaei
673 4571 704 4622 Ρ.
732 4573 769 4642 ”)
788 4587 845 4623 nou
863 4571 921 4624 sint
939 4591 962 4625 e.
982 4591 1009 4645 p.
1029 4591 1052 4626 a.
1080 4573 1229 4644 compositi
1245 4575 1280 4628 Β.
1297 4607 1333 4617 -
1351 4593 1407 4628 non
1427 4587 1492 4632 sunt
1510 4593 1542 4628 er
1560 4593 1584 4628 a.
1603 4593 1633 4648 p.
1653 4593 1677 4627 c.
1696 4577 1805 4628 Pm—
1823 4593 1886 4628 non

512 4671 546 4707 ex
563 4673 587 4708 a.
606 4675 635 4728 p.
654 4665 721 4712 aunt
739 4676 762 4712 c.
781 4660 819 4712 A.
839 4661 871 4712 P.
891 4661 929 4733 ¹¹)
948 4678 1036 4735 usque
1054 4664 1089 4716 A.
1107 4664 1141 4717 P.
1160 4664 1211 4716 Pa.
1231 4691 1266 4706 -
1285 4671 1314 4716 et
1331 4681 1418 4736 nsque
1436 4666 1468 4718 Β.
1494 4667 1531 4736 ’3)
1550 4672 1641 4718 ternae
1662 4664 1694 4718 Β.
1713 4663 1750 4717 A.
1771 4665 1822 4717 Pu.
1843 4695 1885 4706 -

513 4751 647 4798 extremae
665 4748 696 4799 P.
717 4749 753 4819 ¹⁴)
773 4747 845 4800 euim
863 4749 895 4801 Β.
915 4750 966 4802 Pu.
985 4779 1021 4792 -
1039 4759 1129 4803 autem
1147 4751 1184 4804 A.
1203 4751 1235 4804 P.
1256 4751 1292 4820 ¹⁵)
1311 4750 1452 4822 simplices
1469 4753 1504 4806 Β.
1523 4752 1560 4804 Α.
1578 4752 1630 4806 Pu.
1652 4783 1687 4794 -
1705 4748 1794 4824 pedes
1813 4751 1887 4804 sim-

511 4829 600 4902 plices
626 4835 657 4886 P.
686 4835 721 4906 ¹⁸)
748 4853 780 4888 ex
808 4832 952 4906 disyllabis
977 4836 1010 4890 Β.
1038 4839 1071 4891 Ρ.
1097 4840 1147 4892 Pu.
1172 4839 1234 4910 (sed
1260 4836 1430 4911 dissyllabis)
1456 4872 1491 4882 -
1517 4839 1552 4892 de
1576 4837 1682 4893 sillabis
1711 4841 1759 4909 (=
1777 4843 1822 4910 ex)
1844 4843 1886 4894 A.

513 4924 549 4988 ¹²)
569 4937 650 4994 quant
667 4939 792 4976 senarum
811 4926 843 4976 B.
862 4925 894 4977 Ρ.
913 4953 949 4966 -
967 4941 1047 4996 quana
1067 4941 1192 4979 senarum
1209 4944 1323 4981 numero
1342 4929 1378 4981 A.
1398 4959 1433 4970 -
1451 4943 1532 5002 quam
1550 4945 1663 4981 numero
1682 4945 1810 4982 senarum
1829 4931 1888 4982 Pas.

515 5007 551 5076 ¹⁸)
578 5007 719 5078 simplices
745 5009 831 5082 pedes
859 5013 897 5065 A.
916 5014 948 5066 Ρ.
968 5015 1019 5068 Pu.
1038 5035 1073 5062 =
1092 5015 1124 5068 Β.
1153 5017 1189 5085 ’9)
1210 5023 1300 5070 ternas
1320 5017 1351 5070 Β.
1371 5018 1404 5070 Ρ.
1423 5019 1473 5071 Po.
1493 5047 1527 5059 -
1546 5016 1646 5069 tercies
1663 5017 1702 5069 A.
1729 5018 1767 5087 ¹⁰)
1784 5017 1891 5090 ntique

515 5093 546 5146 Β.
564 5093 602 5147 A.
619 5095 670 5149 Pu.
689 5128 724 5139 -—
742 5106 856 5170 uterque
874 5101 907 5153 P.

461 5215 492 5287 ι)
521 5216 692 5288 trisyllabon
711 5217 810 5272 melius
828 5217 946 5276 abesset.
