4032 6070
377 521 450 594 250
836 522 1394 580 vnontansttttvon.

378 669 563 755 singularis
584 677 612 736 s'
625 670 842 736 nominativo
865 691 947 736 casu
969 671 1105 735 numeri
1128 671 1312 756 singularis
1333 689 1398 757 per
1419 669 1588 752 syllabam
1609 681 1762 746 crassata
1785 671 1853 732 bac

379 771 422 836 de
445 793 559 848 causa,
584 773 748 858 quoniam
773 773 1022 858 cuiuscumque
1045 775 1182 857 generis
1205 774 1348 838 numius
1370 773 1587 839 nominativo
1610 792 1691 840 casu
1711 772 1852 836 numeri

378 874 563 959 singularis
590 874 673 941 ·Ell·
703 875 827 940 litteris
856 873 1083 950 definiuntur,
1114 876 1216 951 baec,
1247 887 1395 961 excepto
1422 875 1584 940 vocativo
1608 893 1690 941 casu
1712 873 1851 938 numeri

379 977 581 1060 singularis,
611 977 640 1040 si
668 997 733 1063 per
762 988 896 1040 ceteros
925 997 1024 1040 casus
1053 976 1090 1040 in
1112 977 1235 1042 ultima
1256 977 1314 1042 vel
1336 989 1416 1042 ante
1443 977 1601 1042 ultimam
1624 974 1792 1056 syllabam
1808 977 1850 1055 9ἲ)

377 1099 441 1164 per
468 1079 659 1163 geminatas
691 1091 922 1145 consonantes
953 1075 1167 1156 scribuntur,
1197 1097 1388 1164 numquam
1412 1071 1494 1162 μ’)
1523 1078 1740 1144 nominativo
1768 1097 1851 1140 casu

377 1181 515 1248 numeri
537 1179 721 1264 singularis
744 1180 780 1243 in
804 1191 937 1244 ceteros
961 1182 1126 1263 casusffl'),
1150 1194 1299 1269 excepto
1322 1181 1484 1266 genetivo
1507 1201 1589 1246 casu
1610 1179 1747 1244 numeri
1769 1178 1850 1265 plu-

378 1281 471 1356 ralis,
495 1302 558 1366 per
580 1279 746 1363 syllabam
771 1294 930 1376 crescunt
948 1283 1015 1364 ¹⁰⁰),
1038 1293 1200 1368 utputa:
1224 1303 1336 1358 acer,
1361 1283 1469 1347 acris
1492 1295 1527 1346 et
1549 1293 1664 1346 cetera
1684 1281 1776 1346 talia.
1804 1281 1853 1344 At

377 1403 461 1446 vero
485 1383 733 1468 cuiuscumque
756 1384 894 1468 generis
910 1384 1053 1447 nomina
1070 1384 1286 1449 nominativo
1304 1403 1386 1450 casu
1399 1382 1536 1450 numeri
1559 1383 1742 1468 singularis
1765 1381 1851 1446 ·Ell·

377 1485 501 1550 ltlteris
524 1485 736 1550 deliniuntur
757 1499 792 1550 et
812 1506 877 1571 per
899 1497 1032 1550 ceteros
1055 1506 1153 1551 casus
1176 1487 1212 1550 in
1234 1487 1356 1550 ultima
1376 1488 1402 1569 Ι)
1423 1486 1479 1550 vel
1501 1497 1580 1550 aute
1602 1483 1760 1550 ultimam
1781 1483 1853 1566 syl·

377 1585 492 1652 labam
514 1609 578 1673 per
600 1588 791 1672 singulares
814 1587 842 1671 ’)
870 1600 1100 1652 consonantes
1128 1587 1343 1665 scribuntur,
1374 1589 1459 1652 baec
1486 1587 1745 1652 ancminativo
1768 1605 1854 1650 casu

377 1689 515 1754 numeri
542 1690 737 1775 singularis,
762 1702 909 1773 excepto
931 1689 1092 1754 vocativo
1116 1709 1197 1754 casu
1222 1692 1360 1754 numeri
1382 1689 1567 1774 singularis
1591 1683 1632 1772 ³),
1657 1689 1692 1753 in
1716 1700 1854 1752 ceteros

378 1808 477 1854 casus
508 1809 571 1876 per
602 1792 766 1874 syllabam
797 1803 972 1866 crescunt,
1005 1803 1163 1876 utputa:
1187 1793 1258 1856 hic
1280 1812 1451 1877 pauper,
1482 1792 1609 1856 huius
1631 1790 1852 1876 pauperia.

379 1889 437 1954 Sic
461 1903 495 1956 et
517 1904 632 1958 cetera
653 1895 752 1971 talia,
781 1914 869 1979 quae
900 1893 1117 1958 nominativo
1141 1914 1223 1957 casu
1252 1893 1389 1958 numeri
1412 1893 1596 1979 singularis
1620 1892 1704 1956 utt-
1725 1891 1853 1958 litteris

271 1985 300 2033 V·
320 1987 367 2048 ¹7l·
377 1991 606 2071 deliniuntur,
629 1996 769 2080 qnando
792 2017 812 2060 a
834 1995 1050 2060 nominativo
1075 2015 1156 2060 casu
1178 1996 1315 2060 numeri
1338 1995 1522 2079 singularia
1550 2015 1615 2081 per
1637 2006 1770 2058 ceteros
1793 2013 1854 2060 ca·

376 2113 434 2158 sus
456 2116 476 2160 e
495 2087 525 2177 ⁴)
547 2096 677 2178 syllaba
699 2117 855 2163 crescere
876 2097 933 2162 vel
955 2116 1028 2162 non
1051 2117 1207 2162 crescere
1231 2098 1382 2184 possint,
1406 2098 1637 2183 reperiuntur.

463 2199 537 2265 tto.
564 2199 668 2266 Nunc
696 2201 798 2264 etiam
826 2201 894 2266 hoc
917 2219 1117 2275 monemus,
1141 2199 1237 2286 quod
1258 2199 1465 2264 nominativi
1486 2193 1527 2282 ⁵),
1550 2219 1570 2262 a
1593 2196 1719 2284 quihus
1742 2197 1853 2262 ceteri

376 2319 475 2364 maus
498 2321 562 2386 per
583 2299 748 2382 syllabam
772 2315 944 2380 crescunt,
967 2302 1046 2388 plus
1069 2300 1218 2366 habeant
1231 2302 1411 2387 potestatis
1435 2301 1471 2364 in
1493 2301 1674 2366 stnacturis
1696 2297 1753 2364 vel
1775 2320 1852 2364 me·

375 2401 449 2476 trls,
473 2421 577 2486 quam
601 2403 652 2466 illi
674 2405 892 2484 nominativi,
907 2403 1063 2490 aquibus
1084 2403 1191 2468 ceteri
1206 2423 1304 2468 casus
1317 2424 1382 2489 per
1396 2399 1562 2484 syllabam
1576 2422 1649 2466 nou
1672 2414 1852 2480 crescunt3

376 2502 436 2566 sed
459 2501 501 2567 de
525 2522 645 2566 eorum
667 2518 858 2591 potestate,
882 2521 961 2572 cum
985 2507 1029 2572 ad
1050 2517 1161 2570 metra
1183 2505 1259 2592 ipsa
1281 2506 1494 2582 venerimus,
1516 2516 1757 2591 competenter
1779 2516 1852 2570 tra-

377 2602 556 2668 ctabimus.
1196 2688 1198 2698 ,

391 2755 395 2760 .
464 2709 533 2772 tlt.
555 2706 659 2772 Nunc
681 2708 785 2774 etiam
808 2711 877 2776 hoc
899 2729 1080 2776 monemus
1103 2709 1140 2773 in
1163 2710 1228 2772 hac
1251 2708 1363 2774 lorma
1387 2709 1525 2792 generis
1548 2707 1756 2784 communis,
1780 2728 1851 2794 qua

375 2805 529 2872 diximus
552 2809 588 2872 in
610 2812 761 2895 positivo
775 2813 886 2897 gradu
899 2813 1116 2878 nominativo
1140 2831 1221 2876 casu
1244 2811 1381 2874 numeri
1400 2811 1584 2896 singularis
1606 2811 1749 2876 nomina
1764 2809 1851 2874 ·E1t·

271 2907 283 2922 “
374 2909 499 2974 litteris
528 2911 663 2976 deliniri
689 2905 735 2993 ⁶),
764 2915 860 2999 quod
890 2936 935 2978 ex
964 2935 1004 2978 ea
1035 2914 1169 2980 scilicet
1198 2913 1309 2980 forma
1334 2911 1414 2999 plus
1446 2934 1550 2999 quam
1581 2912 1851 3000 quatuordecim

374 3011 517 3076 nomina
539 3033 613 3077 non
636 3017 812 3100 possintr)
836 3016 1004 3081 exhiberi.

457 3114 513 3178 De
536 3115 646 3180 lorma
668 3120 805 3201 generis
834 3119 1046 3194 communis,
1070 3139 1139 3203 qua
1161 3117 1198 3181 in
1219 3116 1371 3202 positivo
1394 3117 1505 3201 gradu
1526 3116 1743 3182 nominativo
1767 3135 1851 3182 casu

373 3217 511 3280 numeri
534 3197 719 3301 singulsiris
741 3221 885 3284 nomina
899 3221 983 3284 ult·
999 3221 1124 3285 litteris
1147 3219 1297 3294 definita,
1315 3219 1608 3303 quemadmodum
1632 3239 1678 3282 ex
1698 3239 1735 3282 se
1751 3238 1851 3282 com·

373 3320 548 3404 parativos
575 3321 630 3385 vel
653 3313 894 3408 superlativus,
923 3341 1082 3387 necnon
1105 3332 1140 3386 et
1162 3323 1257 3406 ipsos
1279 3321 1448 3406 positivus
1477 3322 1605 3407 gradus
1630 3321 1743 3384 lacere
1765 3339 1851 3406 pos·

374 3419 444 3484 sint
468 3415 514 3503 ¹⁸),
545 3420 600 3486 vel
624 3425 654 3505 9)
684 3424 775 3488 intra
803 3438 971 3511 quantum
999 3443 1182 3488 numerum
1206 3443 1280 3486 esse
1302 3423 1536 3510 reperiantur,
1565 3434 1734 3512 quantum
1757 3421 1849 3486 ratio

373 3521 551 3608 poscebat,
576 3528 808 3592 tractavimus.
883 3571 888 3586 ,

460 3629 530 3690 118.
553 3626 617 3690 DE
643 3629 720 3694 ·lL·.
750 3629 1000 3714 Quaecumque
1023 3627 1167 3692 nomina
1188 3627 1326 3712 generis
1355 3626 1489 3691 scilicet
1512 3627 1552 3708 ¹⁰)
1583 3625 1781 3690 communis
1810 3625 1848 3688 in

372 3729 522 3814 positivo
545 3729 655 3813 gradu
676 3733 893 3798 nominativo
917 3751 999 3796 casu
1021 3729 1159 3794 numeri
1181 3729 1365 3814 singularis
1389 3729 1457 3792 ·lL·
1477 3730 1516 3811 ¹¹)
1539 3727 1663 3794 litteris
1676 3725 1851 3792 deliniun-

371 3841 444 3903 tur,
475 3830 503 3892 si
534 3832 788 3915 comparativus
817 3832 944 3916 gradus
973 3853 1018 3896 ex
1047 3853 1083 3896 se
1114 3832 1226 3896 lacere
1254 3843 1416 3916 possunt,
1445 3833 1531 3896 haec
1559 3831 1594 3894 in
1622 3830 1739 3894 dativo
1764 3851 1850 3895 casu

271 3931 279 3950 '
370 3933 508 3994 numeri
537 3931 721 4016 singularis
752 3932 841 3999 'Oli'
872 3936 912 4017 ⁸⁹)
943 3934 1109 4016 syllabam
1138 3933 1314 4018 accipiunt
1343 3945 1378 3998 et
1401 3934 1676 4018 comparativum
1697 3932 1848 4018 gradum

371 4033 509 4116 generis
533 4034 585 4096 sui
607 4036 803 4100 ostendunt.
829 4033 970 4100 Scilicet
992 4037 1170 4121 quoniam,
1194 4035 1295 4098 sicuti
1319 4055 1422 4120 supra
1444 4036 1609 4109 diximus,
1632 4035 1849 4119 quicumque

373 4135 600 4220 comparativi
628 4138 755 4221 gradus
782 4139 999 4203 nominativo
1026 4158 1108 4202 casn
1138 4137 1274 4200 numeri
1303 4137 1489 4222 singularis
1517 4135 1625 4201 uolt·
1653 4137 1779 4202 litteris
1807 4130 1851 4220 Ι’)

371 4237 584 4300 definiuntur
605 4251 640 4303 et
661 4259 732 4304 non
755 4261 801 4305 ex
823 4240 884 4306 illa
911 4240 1042 4307 lormae
1064 4240 1250 4327 positione,
1274 4259 1344 4325 qua
1369 4231 1409 4320 ¹⁴)
1432 4259 1478 4303 ex
1500 4259 1627 4324 genere
1641 4239 1851 4308 ¹masculino

414 4573 452 4639 ⁸⁷)
477 4569 507 4620 ira
533 4566 628 4622 ultima
645 4566 690 4624 rel
713 4578 778 4625 aste
802 4567 926 4624 ultimant
952 4566 1085 4640 syllabam
1104 4568 1140 4623 V.
1167 4597 1202 4609 ·-
1229 4565 1258 4620 iu
1278 4563 1400 4620 ultimam
1425 4563 1558 4637 syllabam
1575 4564 1621 4620 vel
1637 4576 1702 4620 ants
1721 4563 1856 4620 ultimam

476 4653 610 4727 syllabam
634 4659 673 4713 A.
699 4661 735 4728 θ’)
762 4677 777 4709 a
806 4660 844 4714 V.
867 4681 904 4710 =..··
928 4657 966 4713 A.
990 4664 1026 4726 ⁸⁹)
1052 4657 1082 4709 iu
1109 4663 1216 4708 ceteros
1243 4671 1322 4708 casm
1342 4655 1377 4708 V.
1404 4663 1439 4716 ÷
1457 4655 1486 4706 in
1506 4645 1628 4710 ultimant
1654 4651 1789 4724 syllabam
1808 4653 1855 4707 A.

478 4749 525 4814 ¹⁰⁰)
545 4754 675 4799 eraserat
694 4748 732 4801 V.
750 4774 786 4788 -
805 4747 906 4799 crescit
918 4746 959 4800 A.
981 4746 1004 4817 ¹)
1023 4745 1053 4797 iu
1067 4741 1167 4798 ultima
1187 4744 1224 4799 V.
1244 4773 1276 4786 -
1295 4742 1325 4796 in
1344 4739 1466 4796 ultimam
1484 4744 1521 4798 A.
1539 4745 1563 4812 ²)
1581 4741 1734 4815 singulares
1755 4741 1793 4797 V.
1812 4775 1856 4784 —

475 4861 512 4876 ·-
530 4833 652 4903 singulas
671 4833 707 4890 A.
728 4835 751 4904 Ι)
771 4841 888 4906 excepto
906 4833 1031 4888 ructum
1051 4849 1117 4884 casu
1135 4830 1243 4884 numeri
1260 4830 1406 4902 singularis
1424 4830 1460 4884 A.
1479 4853 1515 4882 =
1534 4833 1571 4887 V.
1593 4833 1615 4902 ⁴)
1635 4850 1650 4884 e
1668 4831 1792 4885 A.-sa
1807 4831 1848 4882 V
1846 4871 1855 4884 .

477 4921 500 4989 5)
519 4917 548 4972 bi
565 4921 726 4976 nominativi
746 4923 782 4977 V.
800 4952 836 4966 -
853 4914 967 4976 ablativi
984 4921 1021 4977 A.
1049 4923 1073 4992 ⁸)
1093 4919 1201 4974 deliniri
1219 4922 1256 4975 V.
1276 4951 1310 4962 --
1329 4917 1497 4972 deliniuntur
1515 4920 1552 4974 A.
1579 4921 1600 4991 ἲ)
1621 4919 1732 4990 possint
1752 4918 1789 4971 V.
1810 4949 1860 4961 —

476 5017 596 5077 penum
611 5008 647 5063 A.
673 5011 698 5082 ⁸)
716 5009 827 5081 possint
847 5010 883 5065 V.
901 5041 938 5054 -
956 5017 1074 5082 possunt
1092 5010 1128 5064 A.
1155 5013 1179 5078 θ)
1199 5005 1243 5062 vel
1261 5009 1297 5064 V.
1323 5037 1360 5054 -
1377 5017 1424 5062 sut
1441 5009 1477 5063 A.
1507 5013 1541 5077 ¹⁰)
1563 5006 1676 5062 scilicet
1695 5007 1732 5060 V.
1751 5029 1788 5056 =
1807 5008 1857 5060 A.

402 5085 406 5094 ’
481 5092 517 5166 ¹¹)
536 5093 592 5148 ·lL·
612 5098 648 5151 V.
666 5129 703 5138 -
722 5097 774 5152 ls-
793 5097 829 5151 A.
852 5100 886 5167 Ι’)
906 5098 975 5154 ·Oll·
996 5099 1032 5155 V.
1051 5131 1087 5146 -
1106 5097 1172 5154 ·t:tt·
1191 5097 1228 5154 A.
1251 5101 1285 5168 ¹³)
1305 5095 1506 5154 tonuisset·
1527 5097 1563 5153 V.
1582 5127 1618 5142 -
1635 5094 1737 5152 litteus
1757 5093 1860 5150 {OR-

476 5182 512 5236 A.
534 5185 568 5254 ¹⁴)
587 5201 640 5257 qua
658 5184 694 5242 A.
713 5217 748 5228 -
767 5203 836 5258 quae
856 5186 891 5239 V.
