4036 6068
439 547 507 622 m
891 547 1451 608 enonrnnsntnon

439 695 622 761 masculini
643 697 861 764 nominativo
883 713 966 766 casn
989 701 1124 765 numeri
1147 701 1333 785 singtrlaris
1357 699 1441 764 ·EN·
1464 699 1589 766 litteris
1609 695 1845 774 definiuntur,
1876 710 1906 762 et
2003 699 2004 708 ’

441 797 679 880 monosyllaba
708 821 781 864 esse
809 821 881 864 non
909 805 1146 890 reperiuntur,
1180 805 1265 867 haee
1294 803 1438 868 eandem
1465 801 1505 886 Ι’)
1534 801 1586 866 ·Ε·
1607 801 1777 879 litteram,
1800 821 1904 886 quam

439 898 567 972 liabent
589 901 626 965 in
649 903 773 967 eodem
796 903 1012 968 nominativo
1036 925 1118 969 caen
1140 905 1277 968 numeri
1296 905 1482 990 singularis
1505 914 1585 969 ante
1602 903 1654 968 ·N·
1677 904 1840 968 ultimum
1857 897 1907 986 ¹⁵),

334 1019 361 1064 v.
379 1017 502 1086 stepen
525 1017 658 1068 ceteros
680 1025 781 1070 catus
803 1005 848 1068 iu·
864 1007 903 1070 ·1·
926 1006 1076 1072 litteram
1092 1019 1312 1084 convertunt,
1337 1019 1371 1072 et
1394 1007 1473 1071 ideo
1497 1007 1568 1070 hic
1589 1019 1747 1094 pecten
1764 997 1817 1088 ¹⁶),
1839 1005 1906 1070 lau-

438 1103 502 1167 ins
525 1105 740 1188 pectinis,
764 1126 835 1172 non
858 1109 983 1172 huius
1005 1107 1207 1194 pecteni'e
1231 1108 1343 1173 iacere
1366 1108 1605 1174 demonstrant
1625 1110 1677 1192 ¹⁷).
1705 1115 1713 1129 “

464 1257 467 1265 .
518 1209 595 1272 -521,
620 1205 809 1290 Quaeritur
831 1231 900 1295 que
922 1209 966 1276 de
989 1231 1091 1276 causa
1111 1211 1241 1298 inops
1263 1233 1328 1297 per
1350 1210 1399 1275 ·P·
1415 1231 1488 1275 uon
1503 1232 1567 1298 per
1583 1213 1633 1274 ·B·
1656 1211 1809 1276 litteram
1821 1211 1903 1276 scri-

436 1305 555 1384 batum
588 1305 652 1373 hac
674 1304 713 1392 ¹⁸.)
737 1311 779 1374 de
803 1331 923 1390 causa,
954 1315 1120 1397 quoniam
1152 1333 1392 1399 quaecumque
1414 1315 1558 1378 nomina
1586 1314 1623 1376 in
1647 1313 1806 1398 quolibet
1827 1335 1905 1378 caru

438 1409 474 1470 in
504 1409 627 1474 ultima
653 1411 709 1476 vel
739 1433 850 1500 prope
879 1413 1036 1480 ultimam
1063 1417 1104 1498 ¹⁹)
1134 1415 1300 1497 syllabam
1331 1414 1381 1479 ·1>·
1404 1415 1555 1480 litteram
1585 1414 1714 1480 habeut
1737 1417 1903 1482 constitu-

437 1524 525 1588 tam,
549 1513 634 1577 haec
657 1513 694 1576 in
715 1516 933 1580 nominativo
955 1537 1038 1582 casu
1058 1519 1196 1582 numeri
1218 1517 1403 1602 singularis
1426 1538 1491 1604 per
1513 1517 1580 1594 ·P·‚
1602 1537 1676 1582 non
1698 1537 1761 1604 per
1783 1517 1833 1582 ·B·
1848 1517 1905 1582 lit-

438 1625 545 1678 teram
567 1613 785 1695 scribuntur,
807 1631 844 1684 et
865 1618 945 1682 ideo
968 1619 1094 1706 inope
1117 1639 1189 1684 nou
1212 1619 1339 1686 inobs
1362 1619 1475 1686 iacere
1496 1619 1753 1708 pronuntiatur.

520 1719 593 1782 522.
615 1717 808 1800 Quaeritur
828 1719 873 1784 ab
896 1741 958 1798 eo,
987 1720 1083 1806 quod
1107 1723 1197 1788 dixit
1220 1722 1390 1788 Salustius
1411 1761 1456 1772 -
1484 1743 1556 1788 vas
1579 1735 1650 1786 aut
1671 1720 1904 1787 vestimen-

436 1831 524 1880 tum
548 1818 738 1886 alicuius
757 1822 1306 1908 concupiverat''⁰)‘)—vas
1323 1826 1536 1910 ad²¹)quam
1552 1825 1699 1888 formam
1716 1825 1904 1909 pertineat;

434 1921 555 2006 utique
586 1920 735 1990 adeam
762 1926 804 2006 ²¹)
836 1943 905 2008 qna
935 1926 1078 1988 nomina
1105 1928 1245 2010 generis
1275 1927 1392 1992 neutri
1418 1927 1635 1991 nominativo
1663 1946 1747 1991 casn
1768 1925 1903 1989 numeri

435 2022 619 2106 singularis
651 2023 727 2088 ·Α8·
759 2024 882 2090 litteris
912 2027 1139 2106 deliniuntur,
1169 2042 1208 2092 nt
1234 2041 1333 2115 puta:
1364 2029 1442 2104 ias3
1472 2043 1506 2093 et
1528 2031 1607 2094 ideo
1637 2049 1710 2094 vae
1734 2041 1769 2092 et
1791 2019 1903 2091 cete'ra

435 2124 516 2188 talia
539 2125 728 2190 secundum
754 2126 880 2194 iormas
904 2149 981 2194 suas
998 2123 1041 2214 ¹³)
1065 2143 1182 2217 aptote
1205 2143 1285 2194 sunt
1307 2130 1513 2196 declinanda
1530 2122 1583 2213 ¹⁴).

515 2232 593 2295 523.
624 2229 815 2312 Quaeritur
845 2253 912 2317 qua
942 2233 985 2296 de
1014 2253 1117 2297 causa
1145 2233 1273 2298 huius
1303 2233 1481 2297 Achatie
1512 2233 1666 2308 dicatum
1699 2232 1766 2295 hac
1789 2225 1831 2314 ¹⁵)
1861 2229 1903 2295 de

435 2351 553 2406 causa,
579 2333 744 2415 quoniam
769 2353 1009 2420 quaecumque
1037 2335 1181 2398 nomina
1203 2334 1353 2401 ablativo
1378 2355 1460 2398 casu
1482 2333 1619 2397 numeri
1642 2331 1827 2416 singularis
1853 2331 1905 2396 ·E·

393 2431 396 2438 ⁴
435 2433 551 2496 littera
574 2447 734 2519 correpta
765 2436 1010 2512 terminantur,
1044 2450 1077 2500 et
1100 2449 1218 2523 aptota
1241 2455 1409 2500 essenon
1432 2437 1668 2522 reperiuntur,
1692 2435 1907 2517 haecgeue-

342 2556 414 2607 coll.
433 2534 507 2596 tivo
530 2553 612 2622 casu
635 2537 772 2600 numeri
788 2538 972 2620 singularis
996 2531 1114 2620 ·1s·¹⁶)
1136 2539 1261 2603 litteris
1277 2542 1319 2620 ²⁷)
1343 2537 1554 2602 definiuntur
1574 2535 1639 2600 *et
1655 2530 1699 2618 ¹⁸)
1721 2537 1763 2600 ad
1787 2557 1910 2599 exem-
1938 2562 1941 2570 ·

434 2634 531 2720 plum
556 2635 607 2696 ·E·
631 2634 766 2700 litterae
788 2653 969 2726 correptae
992 2661 1056 2724 per
1071 2652 1203 2704 ceteros
1221 2661 1319 2704 casus
1334 2642 1377 2722 ²⁹)
1400 2639 1635 2712 declinantium
1657 2657 1751 2700 nuuc
1767 2659 1851 2702 cum
1867 2631 1908 2718 ³⁰)

434 2737 529 2800 dicat
551 2737 727 2821 Vergilius
746 2777 791 2790 -
811 2761 896 2806 uno
921 2742 1153 2808 comitatus
1183 2743 1345 2809 Achate
1359 2739 1393 2823 ὁ)
1417 2777 1460 2794 -
1480 2741 1604 2826 utique
1626 2739 1692 2802 iarn
1711 2731 1752 2821 ³¹)
1777 2740 1908 2803 huius

434 2838 607 2903 Achatie
629 2839 749 2904 iacere
766 2846 1021 2926 pronuntiavit.

398 2969 402 2974 ·
457 3014 460 3021 .
520 2943 593 3006 524.
618 2941 808 3025 Quaeritur
830 2965 899 3030 qua
921 2946 964 3009 de
988 2965 1091 3011 cansa
1111 2947 1238 3032 plebs
1260 2967 1326 3034 pet·
1348 2947 1399 3010 ·B·
1416 2939 1459 3029 ³¹)
1482 2957 1516 3008 et
1537 2964 1611 3008 nou
1632 2963 1698 3030 per
1719 2941 1770 3006 ·P·
1786 2935 1830 3025 Μ)
1853 2941 1912 3006 lit·

435 3058 545 3107 teram
563 3036 605 3126 ³⁴)
628 3044 905 3122 scribarum-hac
927 3047 1111 3126 decanea,
1141 3050 1308 3134 quoniam
1331 3067 1572 3133 quaecumque
1594 3046 1739 3110 nomina
1760 3046 1797 3108 iu
1822 3065 1911 3130 quo-

435 3143 521 3208 libet
538 3135 578 3226 ³⁵)
602 3165 684 3209 casu
705 3147 742 3210 in
764 3147 888 3212 ultima
911 3149 965 3212 vel
987 3171 1099 3237 prope
1121 3151 1281 3215 ultimam
1298 3143 1341 3231 36)
1363 3149 1528 3230 syllabam
1548 3151 1597 3212 ·B·
1615 3141 1658 3230 ³²)
1681 3148 1830 3211 litteram
1847 3149 1912 3210 ha-

435 3245 519 3310 bent
541 3247 777 3324 constitutam,
800 3250 886 3313 haec
909 3251 947 3312 in
963 3253 1181 3318 nominativo
1206 3273 1287 3318 casu
1299 3251 1437 3314 numeri
1459 3249 1645 3334 singularis
1666 3269 1733 3334 per
1754 3249 1805 3310 ·Β·
1821 3241 1914 3330 et³⁸)

437 3367 509 3410 non
536 3367 602 3432 per
633 3347 681 3412 ·P·
705 3342 746 3427 ³⁹)
765 3347 921 3413 litteram
945 3353 1145 3417 scribuntur
1158 3346 1221 3438 ⁴⁰),
1245 3367 1279 3417 et
1302 3353 1381 3417 ideo
1406 3345 1450 3438 Ἰ)
1471 3351 1590 3438 plebe
1618 3370 1691 3414 non
1713 3349 1837 3436 pleps
1860 3348 1914 3414 ia-

438 3469 516 3514 cere
538 3452 803 3534 prontmtiatur3
825 3451 910 3517 'iacit
933 3454 1025 3516 euim
1039 3455 1173 3541 *plebs
1195 3452 1336 3541 plebis
1351 3448 1406 3537 ⁴’).

427 3625 430 3630 ,
523 3555 595 3616 525.
620 3553 810 3637 Quaeritur
832 3575 901 3640 qua
923 3555 966 3619 de
989 3577 1092 3621 causa
1115 3557 1256 3622 labens
1278 3577 1342 3643 per
1364 3546 1415 3620 ·B'·
1439 3568 1473 3620 et
1495 3547 1539 3638 43)
1560 3571 1633 3618 nou
1655 3573 1719 3640 per
1740 3551 1792 3616 ·1³·
1815 3552 1914 3616 litte·

438 3674 511 3719 ram
535 3653 724 3734 scribarum
739 3659 813 3722 hac
836 3657 878 3724 de
902 3677 1020 3736 causa,
1045 3661 1210 3744 quoniam
1228 3678 1468 3745 quaecumque
1490 3655 1661 3723 vocabula
1683 3653 1727 3720 ab
1750 3653 1820 3718 illia
1834 3671 1917 3718 rer-

485 3947 518 4018 ”)
546 3942 661 3998 eandem
681 3945 717 4002 V.
736 3974 771 3988 -
787 3944 885 3998 endem
905 3947 936 4000 B.
956 3947 991 4000 A.
1020 3949 1054 4018 Ι5)
1073 3946 1199 4000 ultimum
1221 3949 1250 4003 Β.
1273 3949 1308 4004 V.
1328 3949 1359 4002 P.
1377 3978 1412 3989 —
1430 3945 1551 3999 nllimatu
1569 3945 1606 3998 A.
1636 3945 1670 4012 ¹⁶)
1687 3939 1735 3994 liic
1752 3948 1857 4012 pecten
1880 3940 1919 3994 V.

546 4036 583 4087 A·
602 4030 709 4084 -hcc
726 4041 863 4104 peoteoeo
881 4035 913 4087 Β.
933 4037 966 4105 ’7)
987 4033 1177 4090 demonstrent
1194 4037 1226 4090 Β.
1247 4037 1282 4092 V.
1302 4030 1333 4092 P.
1354 4064 1387 4076 -
1407 4031 1577 4086 demonstret
1594 4032 1630 4085 A.
1650 4031 1687 4104 ¹⁸)
1705 4027 1758 4081 hac
1776 4030 1814 4084 V.
1830 4030 1869 4082 A.
1884 4055 1922 4068 -

546 4117 573 4173 Ρ·
594 4121 626 4190 (¹3
646 4139 668 4174 θ·
687 4117 766 4192 hm)
785 4121 819 4175 B·
841 4122 877 4194 ¹⁹)
895 4119 939 4176 id
958 4141 1046 4194 1)ῐοΡο
1065 4122 1187 4175 ulfinum
1208 4125 1243 4179 V.
1262 4125 1299 4178 A.
1318 4125 1354 4173 ὲ
1372 4125 1405 4178 Β.
1426 4128 1461 4190 ”’)
1479 4138 1594 4174 vm..
1615 4117 1813 4188 concupiverat
1831 4115 1870 4168 B.
1883 4115 1923 4168 V.

547 4208 790 4261 A-uecesraria
810 4217 838 4261 et
856 4207 978 4262 difficilis
992 4210 1061 4263 ratio
1077 4229 1138 4264 reae
1145 4213 1392 4264 eulveatimenlum
1402 4209 1517 4262 alicuine
1525 4207 1722 4278 concupiverat
1729 4203 1853 4256 le-ln
1873 4221 1927 4255 on

551 4297 619 4348 eod.
636 4295 676 4352 V·
695 4313 794 4348 martur
811 4303 944 4350 recentior
962 4300 1055 4352 addit.-
1082 4298 1234 4350 necessaria
1254 4306 1282 4350 et
1300 4295 1423 4350 difficilis
1442 4297 1519 4350 ratio.
1541 4301 1576 4364 ¹¹)
1595 4311 1642 4348 rar
1660 4289 1696 4344 ad
1714 4293 1747 4346 Β.
1769 4289 1801 4345 V
1798 4328 1807 4344 .
1827 4291 1869 4344 A.
1890 4319 1930 4332 -

548 4399 611 4436 vare
629 4383 662 4436 Ρ.
682 4385 718 4453 ”l
737 4383 926 4454 pertinet....
947 4403 1004 4436 earn
1026 4386 1107 4443 V.A.
1127 4409 1163 4436 =
1180 4387 1213 4440 Β.
1234 4387 1269 4456 ”)
1288 4385 1389 4438 formae
1407 4401 1470 4437 auae
1488 4385 1520 4436 B.
1539 4413 1576 4424 -
1593 4381 1708 4432 formam
1725 4395 1805 4430 eurua
1825 4378 1867 4432 V.
1890 4377 1931 4430 A.

552 4474 588 4542 ¹⁴)
607 4467 772 4524 declinanda
789 4471 826 4524 V.
845 4471 883 4525 A.
903 4503 938 4513 -
957 4471 1136 4526 declinanda
1154 4475 1188 4528 B.
1209 4475 1246 4544 ’⁵)
1264 4469 1316 4524 ltac
1335 4472 1371 4526 V.
1389 4472 1425 4526 A.
1443 4501 1478 4516 ·-
1498 4468 1566 4522 haec
1583 4471 1616 4522 B.
1642 4469 1679 4538 ¹⁶)
1701 4466 1754 4520 ls-
1774 4465 1813 4520 V·
1831 4465 1873 4518 A.
1897 4464 1935 4516 B.

549 4579 584 4613 ex
603 4577 653 4614 em.
672 4577 713 4628 pr.
730 4577 814 4610 m-
832 4559 864 4610 ·1·
883 4561 915 4612 B.
935 4581 952 4612 a
971 4580 1014 4630 pr.
1035 4581 1060 4614 m
1089 4567 1124 4630 ¹⁷)
1144 4559 1245 4614 litteris
1264 4561 1300 4615 V.
1320 4560 1356 4613 A.
1376 4591 1412 4602 -
1428 4557 1490 4612 litto
1509 4561 1542 4612 Β.
1562 4557 1597 4628 ²⁸)
1617 4562 1647 4608 et
1663 4555 1707 4620 Β..
1717 4553 1754 4607 V.
1774 4553 1808 4604 Ρ.
1828 4575 1873 4600 =
1891 4553 1934 4604 A.

552 4650 589 4719 ²⁹)
609 4663 689 4698 carue
706 4647 740 4700 B.
758 4645 795 4698 A.
814 4677 850 4686 —
869 4663 965 4699 omnm
987 4649 1022 4703 V.
1044 4651 1080 4719 ¹⁰)
1100 4667 1161 4700 curn
1179 4649 1211 4702 B.
1232 4650 1268 4705 V.
1287 4650 1319 4701 Ρ.
1339 4679 1374 4690 -
1393 4665 1476 4718 quom
1493 4648 1530 4700 A.
1551 4646 1587 4715 ⁸¹)
1606 4644 1658 4696 iam
1679 4643 1714 4697 V.
1724 4640 1760 4692 A.
1780 4669 1820 4680 --
1841 4639 1937 4690 eliam

552 4736 583 4788 Β.
603 4735 639 4804 ”)
659 4731 699 4784 ·Β·
718 4733 751 4786 Β.
771 4734 808 4788 V.
827 4735 859 4787 Ρ.
878 4765 914 4776 -·
933 4735 973 4788 Ρ·
992 4736 1027 4788 A.
1049 4735 1087 4808 ³³>
1107 4736 1146 4788 ·1¹·
1166 4737 1197 4790 Β.
1221 4734 1256 4790 V.
1276 4737 1306 4788 P.
1326 4766 1360 4777 -
1380 4735 1420 4788 ·B·
1439 4734 1475 4787 A.
1502 4735 1538 4804 ”l
1564 4729 1684 4784 litteram
1705 4729 1742 4784 V.
1761 4725 1799 4780 A.
1823 4759 1863 4770 -
1884 4725 1938 4777 lit-

553 4832 624 4877 ΒΨ·
643 4821 677 4874 B·
706 4821 742 4890 ³⁵)
767 4819 892 4892 ‘1¹¹⁰libel
919 4823 955 4878 V.
974 4824 1010 4877 A.
1029 4853 1065 4866 -
1083 4820 1191 4894 qnlibet
1208 4825 1240 4876 B.
1270 4825 1308 4896 ³⁶)
1326 4840 1414 4894 prope
1433 4819 1559 4874 ultimam
1578 4819 1614 4872 V.
1633 4817 1670 4871 A.
1688 4845 1725 4858 —
1742 4812 1941 4902 pmultimm

553 4911 587 4962 B·
609 4908 646 4978 ¹⁷)
674 4905 712 4958 ·Β·
738 4909 771 4960 Β.
792 4908 828 4963 V.
849 4911 878 4962 Ρ.
897 4942 931 4952 -
951 4911 991 4963 ·Ρ·
1011 4907 1046 4962 A.
1076 4913 1111 4979 Ἰ)
1131 4919 1159 4962 el
1178 4911 1213 4966 V.
1233 4912 1265 4963 P.
1284 4933 1321 4960 =
1339 4911 1371 4964 B.
1391 4911 1427 4963 A.
1456 4911 1492 4980 ¹⁹)
1513 4909 1553 4960 ·P·
1579 4905 1612 4962 Β.
1642 4905 1679 4960 V.
1705 4901 1737 4956 Ρ.
1761 4929 1798 4944 ·-
1821 4899 1869 4954 ·B·
1892 4903 1933 4955 A.

555 4997 591 5066 ⁴⁰)
610 4989 770 5047 ⁸0rinnon
789 4997 870 5052 V.A.
891 5028 923 5040 -
944 4995 1100 5050 teneantur
1117 4997 1148 5050 n.
1169 4997 1206 5070 ⁴·)
1226 5005 1253 5050 o
1272 4995 1336 5051 tneo
1355 4998 1386 5050 n.
1408 4997 1444 5052 r.
1464 5027 1500 5040 -
1519 5003 1548 5049 er
1566 4989 1629 5047 tres
1647 4987 1716 5044 tore
1734 4988 1771 5044 A.
1800 4989 1845 5060 ιν)
1868 4989 1946 5042 caen

553 5083 627 5134 euim
646 5078 732 5152 plebe*
747 5080 838 5154 plebis
858 5085 893 5137 V.
913 5084 948 5138 A.
968 5107 1003 5133 =
1021 5086 1053 5137 Β.
1078 5085 1116 5156 l⁸)
1135 5093 1164 5137 et
1183 5085 1212 5138 Β.
1225 5085 1260 5140 V,
1280 5107 1315 5137 ς
1334 5087 1368 5138 Α,

498 5205 529 5271 a)
556 5197 759 5256 salinelcelil.
780 5208 821 5294 sl.
841 5209 882 5262 33.
904 5205 933 5274 ὁ)
951 5203 1025 5276 virg.
1045 5209 1110 5261 dett.
1130 5207 1151 5261 Ι.
1171 5211 1234 5267 ³12.
