4032 6070
611 529 931 587 rttotttatts
967 527 1169 586 utnon
1557 535 1623 606 811

156 669 293 735 nomina
314 691 380 758 per
401 675 540 761 aliquos
562 670 607 761 16)
636 677 854 764 supradictos
878 697 976 744 casus
990 671 1033 760 ⁴⁷)
1055 697 1120 765 per
1142 675 1226 742 duas
1250 675 1288 742 ·1·
1310 676 1444 742 litteras
1466 677 1623 744 scriban-

155 773 224 836 tur?
246 771 322 838 llao
344 774 388 840 de
411 797 533 854 cansa,
556 781 722 865 qnoniam
746 799 986 865 quaecumque
1008 781 1153 844 nomina
1174 779 1310 864 generis
1333 779 1448 842 nentri
1471 778 1623 844 ablativo

155 893 230 938 casu
259 878 398 942 numeri
429 879 613 966 singularis
642 879 701 946 ·0·
729 883 843 946 littera
872 881 1120 958 terminantur,
1150 894 1186 945 et
1212 879 1430 944 nominativo
1454 901 1537 944 casu
1556 901 1623 945 nn-.

29 967 30 994 ³
155 977 236 1040 meri
266 978 451 1063 singularis
481 983 575 1046 ·UM·
607 981 737 1065 syllaba
765 995 846 1070 post
865 977 908 1066 ⁵⁸)
939 982 977 1046 ·1·
999 981 1151 1045 litteram
1175 981 1402 1060 deliniuntur,
1433 984 1537 1061 haec,
1560 1003 1623 1046 ox-

156 1078 261 1162 ceptis
283 1081 454 1146 anomalis
483 1097 518 1148 st
539 1086 703 1168 genetivo
727 1105 808 1148 casu
831 1083 969 1148 numeri
990 1082 1152 1170 pluralis,
1182 1102 1247 1170 pet·
1268 1095 1402 1148 ceteros
1425 1103 1524 1148 casus
1546 1085 1624 1170 pari

156 1199 297 1245 numero
319 1182 529 1264 syllabarum
553 1198 693 1272 oportet
715 1185 833 1252 scribi.

234 1285 309 1348 401.
338 1283 424 1349 ltem
454 1299 488 1351 et
515 1288 583 1352 alia
610 1287 791 1375 probatio,
822 1307 891 1373 qua
914 1286 1060 1352 docetur
1080 1275 1122 1368 49)
1150 1287 1236 1352 haec
1258 1284 1458 1373 supradicta
1480 1289 1622 1352 nomina

156 1403 212 1468 per
227 1377 275 1466 ς·)
297 1387 515 1472 supradictos
529 1411 628 1454 casus
644 1411 708 1478 per
730 1389 814 1454 duas
838 1390 876 1454 ·1·
899 1389 1031 1454 litteras
1054 1383 1273 1474 oportere⁵')
1299 1387 1421 1452 scribi:
1446 1389 1623 1472 Quoniam

157 1505 393 1573 quaecumque
415 1493 559 1556 nomina
580 1492 718 1576 generis
738 1491 852 1555 neutri
866 1485 922 1575 ⁵²),
945 1491 1101 1576 exceptis
1117 1489 1251 1554 scilicet
1267 1489 1436 1554 anomalis
1450 1483 1504 1574 ⁵³),
1527 1491 1624 1555 abla-

157 1587 223 1652 tivo
254 1607 336 1654 casu
363 1595 502 1658 numeri
532 1593 716 1679 singularis
740 1591 797 1658 ·0·
821 1593 936 1657 littera
957 1593 1205 1666 terminantur,
1229 1591 1315 1654 haec
1337 1591 1481 1655 eandem
1500 1584 1542 1676 ⁵⁴)
1564 1591 1623 1658 ·O·

157 1687 302 1754 litteram
325 1691 361 1754 in
386 1693 424 1758 ·l·
448 1707 657 1760 convertunt
678 1709 711 1760 et
722 1697 921 1780 genetivum
939 1714 1057 1759 casum
1070 1693 1207 1756 numeri
1223 1691 1407 1776 singularis
1423 1695 1623 1761 ostendunt.

235 1794 311 1858 402.
340 1793 426 1858 ltem
455 1798 542 1862 haec
569 1798 689 1862 eadem
724 1798 922 1883 supradicta
951 1797 1095 1860 nomina
1132 1815 1177 1859 ex
1206 1793 1328 1859 eodem
1358 1793 1511 1860 ablativo
1540 1817 1623 1862 casu

156 1894 288 1958 numeri
317 1896 501 1981 singularis
529 1902 675 1966 eandem
706 1899 765 1965 ·0·
794 1899 944 1964 litteram
967 1899 1005 1960 in
1028 1896 1092 1962 ·lS·
1118 1897 1252 1961 litteras
1274 1909 1483 1962 convertunt
1505 1909 1539 1964 et
1561 1899 1623 1964 da·

157 1996 261 2060 tivum
284 1997 340 2062 vel
353 1991 398 2081 ⁵⁵)
419 1997 608 2065 ablativum
633 2021 750 2067 casum
772 2001 910 2065 numeri
931 1999 1075 2086 pluralis
1099 1996 1296 2064 ostendunt.

235 2099 310 2163 403.
334 2099 421 2164 Item
445 2101 481 2164 in
497 2104 561 2168 hac
578 2103 777 2191 supradicta
790 2095 835 2185 66)
857 2101 969 2165 lorma
984 2101 1121 2186 generis
1134 2101 1260 2176 nentri,
1277 2121 1346 2185 qua
1360 2098 1513 2166 diximus
1527 2101 1624 2166 abia·

156 2197 223 2262 tivo
256 2219 338 2264 casu
364 2203 503 2268 numeri
529 2205 714 2290 singularia
744 2203 887 2268 nomina
914 2200 972 2267 ·O·
1000 2203 1117 2266 littera
1145 2201 1325 2265 terminari
1349 2213 1382 2266 et
1404 2203 1622 2268 nominativo

157 2317 234 2363 casn
255 2303 393 2366 numeri
415 2305 599 2390 singularia
621 2301 668 2390 ⁵⁷)
691 2304 787 2371 ·UM·
810 2305 941 2387 syllaba
962 2317 1043 2390 post
1065 2303 1103 2368 ·1·
1126 2303 1278 2367 litteram
1301 2303 1439 2368 deliniri
1460 2295 1521 2389 ⁵⁸),
1554 2307 1623 2370 hoc

158 2419 354 2480 monemus,
377 2407 474 2492 quod
495 2409 564 2472 lsoc
584 2428 693 2472 unum
724 2427 853 2472 nomen
876 2407 1086 2492 reperiatur,
1119 2402 1215 2490 quod
1240 2405 1457 2470 nominativo
1479 2400 1540 2488 ⁵⁹),
1563 2425 1623 2470 ac-

158 2503 309 2568 cusativo
333 2520 368 2572 et
388 2510 549 2574 vocativo
565 2503 608 2594 6“)
632 2530 713 2576 casu
735 2508 873 2572 numeri
891 2506 1075 2592 singularis
1098 2506 1153 2569 ·D·
1166 2499 1208 2587 ⁶¹)
1230 2505 1347 2569 littera
1369 2505 1562 2582 deliniatur,
1587 2507 1623 2574 id
1660 2593 1661 2598 ἵ

158 2617 224 2681 est,
254 2605 389 2684 aliud,
420 2605 573 2697 qnod5’)
602 2612 862 2698 quammaxime
884 2625 1029 2696 propter
1052 2619 1240 2674 structuras
1263 2608 1425 2692 genetivo
1449 2620 1484 2672 et
1504 2606 1623 2673 dativo

158 2725 234 2770 casu
262 2712 399 2775 numeri
429 2712 614 2797 singularis
641 2715 693 2780 sio
720 2713 881 2778 anomale
910 2713 1151 2777 confirmatum
1185 2711 1231 2774 sit
1266 2709 1454 2786 declinari,
1475 2709 1525 2799 'id
1551 2723 1623 2786 est,

158 2807 276 2874 liuius
306 2810 434 2888 alius,
464 2815 565 2880 lruic
594 2817 671 2881 alii
692 2807 755 2902 ⁶³),
777 2806 917 2881 atvero
941 2805 986 2897 ⁶⁴)
1008 2831 1072 2900 per
1094 2824 1228 2878 ceteros
1251 2802 1410 2893 casus⁶⁵)
1431 2809 1476 2874 ad
1497 2831 1622 2876 000οι0

158 2911 308 2976 scrinii
330 2913 452 2982 debeat
474 2916 652 2982 declinari.

236 3017 312 3082 404.
333 3016 437 3082 Nunc
465 3019 569 3082 etiam
597 3021 665 3086 hoo
686 3041 888 3098 monemus,
917 3015 1013 3104 qnod
1037 3017 1105 3080 hoc
1127 3014 1401 3102 suprascriptum
1420 3005 1465 3096 66)
1491 3033 1623 3080 nomen

157 3127 298 3201 propter
324 3131 436 3184 metra
462 3121 500 3186 in
528 3122 651 3188 iisdem
682 3122 889 3208 supradictis
909 3113 953 3203 ⁶⁷)
984 3116 1120 3184 casibus
1147 3127 1181 3182 et
1203 3115 1369 3213 anomale
1385 3125 1420 3178 et
1441 3135 1513 3180 non
1536 3135 1622 3179 ano-

159 3217 243 3280 male
265 3221 473 3304 permissum
497 3224 540 3288 sit
565 3223 744 3290 declinari.
836 3267 838 3272 -

239 3323 311 3388 405.
336 3322 407 3390 Sed
427 3325 496 3390 boo
518 3345 648 3390 nomen
668 3321 724 3410 ¹³⁸),
747 3346 816 3411 qua
840 3324 882 3389 de
905 3343 1008 3389 causa
1031 3324 1067 3386 in
1090 3320 1297 3406 supradictis
1315 3311 1358 3399 ⁶⁹)
1383 3315 1518 3382 casibus
1541 3338 1622 3405 pru·

158 3435 233 3506 pter
259 3437 448 3492 structuras
476 3427 527 3492 sic
555 3427 714 3494 anomale
745 3427 986 3508 confirmatum
1018 3425 1063 3489 sit
1093 3421 1331 3509 pronuntiari,
1372 3431 1405 3485 et
1432 3419 1470 3484 in
1504 3421 1624 3486 metris

159 3527 313 3590 anomale
336 3541 371 3592 et
392 3549 464 3593 non
491 3529 650 3594 anomale
680 3532 888 3616 permissum
911 3529 955 3591 sit
977 3525 1162 3601 declinari,
1187 3541 1267 3588 oum
1290 3521 1335 3586 ad
1357 3523 1527 3586 rationem
1550 3543 1624 3586 me·

161 3639 288 3694 trorum
311 3629 368 3694 vel
387 3632 429 3712 7”)
443 3643 693 3696 structurarum
707 3631 903 3696 venerimus
920 3631 973 3711 Γ),
991 3627 1063 3694 illic
1080 3636 1319 3712 competenter
1333 3623 1555 3687 tractabimus
1569 3626 1622 3707 7’).

242 3731 314 3798 406.
336 3731 353 3762 ’
370 3732 473 3796 Nunc
495 3733 533 3796 in
554 3735 620 3798 hac
642 3732 753 3798 lorma
775 3733 911 3817 generis
933 3731 1065 3808 neutri,
1088 3749 1156 3815 qua
1178 3727 1332 3792 diximus
1360 3723 1511 3790 ablativo
1542 3729 1731 3843 eueniat:-

201 4035 240 4108 “t
261 4035 383 4198 tut.
393 4042 433 4183 l.
452 4039 683 4186 [aaut
701 4040 743 4201 t·
758 4029 1625 4192 tt,suuntur-,tr..rutrum

263 4231 311 4284 per
329 4215 362 4269 Β.
383 4217 419 4270 V.
439 4218 469 4271 Ρ.
488 4240 525 4268 -...-
542 4217 579 4272 A.
606 4219 643 4288 ⁸¹)
662 4226 790 4290 opertere
817 4218 850 4271 B.
871 4217 907 4270 V.
926 4217 958 4270 Ρ.
977 4243 1014 4258 -
1037 4219 1149 4286 oportet
1171 4210 1209 4265 A.
1233 4211 1269 4280 ὅ1)
1297 4206 1405 4280 generis
1431 4206 1536 4260 neutri:
1560 4219 1624 4278 port

262 4300 330 4356 baec
349 4304 430 4360 verba
448 4309 477 4358 tu
494 4305 526 4358 Ρ.
546 4325 561 4358 e
577 4303 762 4378 superioribus
777 4325 863 4376 prave
880 4314 1056 4376 repetuntur:
1075 4296 1193 4351 ablativo
1214 4313 1299 4350 0000.
1317 4331 1325 4348 .
1342 4332 1349 4347 ·
1369 4331 1377 4348 ·
1396 4294 1504 4364 50111111
1522 4294 1623 4358 mill·

262 4391 310 4442 sed
324 4410 376 4462 pro
395 4389 523 4463 probatio
540 4393 568 4448 Ιι.
587 4396 606 4446 l.
623 4394 751 4446 scribitur
767 4393 853 4458 ratio,
868 4411 922 4464 pre
939 4399 1052 4463 oportet
1069 4406 1133 4442 vero
1151 4393 1288 4457 oportere.
1308 4383 1345 4454 ω)
1364 4379 1472 4435 sufficet
1490 4380 1622 4435 anomalia

262 4477 294 4530 Β.
323 4479 362 4534 V.
386 4511 423 4522 -
445 4478 577 4534 anomalis
600 4478 709 4534 scilicet
734 4478 771 4534 A.
802 4480 839 4548 ⁸⁴)
863 4478 978 4532 eandem
994 4478 1028 4531 tt.
1048 4477 1084 4532 V.
1103 4506 1139 4517 -
1157 4469 1280 4526 1111111111
1297 4470 1333 4526 Α·
1350 4473 1391 4523 4411
1409 4483 1436 4525 ‘¹
1453 4488 1517 4524 Μ*
1534 4473 1621 4536 ῑψΰ·
1672 4507 1676 4514 ·

263 4565 299 4637 ⁵⁵)
316 4565 361 4622 vu
379 4568 411 4622 0.
430 4597 467 4614 -
484 4577 513 4623 οι
531 4566 613 4626 m.
642 4568 678 4641 11)
697 4563 855 4640 supr-utcu
875 4569 912 4622 ι’.
930 4566 967 4621 A.
986 4587 1022 4614 =
1039 4564 1072 4617 0.
1102 4563 1140 4636 ⁸⁷)
1158 4561 1269 4614 nomin·
1364 4555 1511 4626 11101101·
1530 4557 1566 4612 V·
1583 4579 1622 4607 =

261 4653 295 4706 A.
317 4655 355 4726 1·)
374 4673 427 4728 qus
445 4653 564 4708 diximus
660 4653 768 4710 defiuiri
792 4655 829 4711 V.
847 4656 884 4708 A.
903 4679 939 4706 =
957 4653 988 4708 Β.
1015 4646 1287 4719 ς011011111111411044·
1308 4644 1390 4700 V·-
1406 4643 1573 4698 ”mimum
1592 4649 1622 4696 ⁶2
1649 4663 1654 4672 '

262 4742 300 4796 A.
328 4744 365 4814 ⁶0>
384 4742 507 4796 vonum
528 4743 565 4798 V.
583 4743 622 4800 A.
640 4773 675 4786 -
694 4742 786 4796 000.
804 4743 836 4798 a.
862 4743 898 4813 1ι)
919 4743 964 4794 ·n·
982 4741 1016 4794 e.
1037 4737 1073 4794 V.
1091 4736 1128 4790 A.
1147 4765 1184 4778 -
1201 4733 1244 4788 0
1264 4734 1297 4785 P·
1323 4730 1360 4798 ⁸²)
1380 4727 1456 4801 01οᾶ
1474 4732 1510 4785 V·
1530 4732 1566 4784 A·
1586 4759 1622 4776 -

261 4836 371 4883 atvero
389 4821 422 4884 Β.
441 4829 598 4900 ω)011ἱ.4.
618 4861 654 4876 -
671 4829 707 4884 ali
724 4832 756 4885 Β.
777 4831 813 4884 V.
833 4830 869 4904 θ’)
889 4837 917 4882 at
934 4845 997 4882 vero
1018 4824 1054 4881 V.
1072 4822 1108 4877 A.
1128 4852 1164 4863 -
1182 4836 1256 4872 0000
1274 4819 1306 4872 Β.
1333 4817 1371 4888 ⁸⁵)
1391 4833 1469 4869 casus
1488 4819 1519 4890 Β.
1539 4819 1622 4871 A.-

263 4933 362 4970 casuus
380 4917 417 4972 V.
436 4917 472 4989 ⁸⁸)
491 4920 709 4992 suprascriptum
727 4919 759 4976 Β.
780 4918 857 4974 V-P.
868 4908 1110 4986 -supradictum
1129 4909 1165 4962 A.
1191 4909 1227 4980 ⁸⁷)
1246 4901 1415 4978 supradiclit
1434 4904 1465 4959 B·
1481 4905 1516 4959 V·
1536 4904 1572 4959 A·
1586 4935 1623 4948 ·-

262 5005 457 5078 suprsscriptis
476 5008 509 5061 Ρ.
528 5009 565 5080 ⁸⁸)
583 5025 684 5062 nomeu
701 5009 734 5062 Β.
755 5007 790 5062 V.
808 5028 846 5056 =
862 5006 898 5062 A.
913 5003 952 5074 ⁶⁹)
972 4997 1140 5072 ⁸⁰1¹¹⁸di⁰25⁸
1158 4996 1190 5050 Β·
1211 4995 1247 5050 V·
1266 4995 1302 5048 Α·
1322 5023 1357 5034 ·“
1374 4993 1571 5066 ⁰¹¹Pf⁸⁸⁰fil¹fi⁸
1589 4995 1620 5047 Ρ·

171 5149 181 5164 ,
264 5099 299 5164 1·)
318 5093 362 5148 vet
380 5096 411 5148 n.
431 5095 468 5154 V.
487 5096 519 5149 P.
537 5125 573 5140 -
592 5104 620 5150 et
637 5098 674 5151 A.
694 5097 734 5168 τ’)
753 5093 908 5159 versemur
928 5091 964 5148 V.
981 5090 1013 5143 1².
1028 5089 1059 5142 tt.
1080 5107 1113 5142 es
1131 5103 1181 5139 em·
1199 5104 1241 5155 pr·
1260 5102 1294 5136 m·
1313 5111 1350 5124 -
1374 5098 1535 5162 venerem
1553 5083 1584 5136 tt.
1604 5101 1622 5136 a

262 5199 304 5251 pr.
323 5201 360 5238 us.
378 5213 414 5228 -
431 5184 636 5256 pervenerimus
654 5183 689 5240 A.
709 5185 747 5255 ²³)
766 5177 943 5236 tractabimus
963 5178 994 5236 V
992 5217 999 5232 .
1018 5177 1056 5232 A.
1078 5205 1111 5220 -
1130 5171 1302 5228 lraclttlmtss
1321 5171 1352 5226 Β·
