4020 6068
403 557 428 612 X
876 553 1412 609 entnrnrto.

403 663 530 782 paulo
567 660 808 770 recentiori,
851 691 982 780 quam
1015 692 1125 779 quae
1153 661 1369 778 scripserat
1398 655 1764 748 Sacerdotem.
1804 663 1872 748 Cf.

403 795 722 884 Endlicherl
744 809 926 908 Catalog·
941 834 982 906 p·
1008 803 1104 884 225.

521 932 712 1036 Constat,
725 929 915 1016 libellum
935 930 1194 1020 Macrobii
1216 926 1271 1014 de
1290 925 1531 1014 differentiis
1545 949 1586 1012 et
1601 928 1870 1017 societatibus

404 1067 540 1179 graeci
565 1065 769 1181 latinique
797 1065 933 1170 verbi,
964 1066 1079 1150 cuius
1100 1061 1229 1150 editio
1249 1065 1442 1180 princeps
1462 1059 1619 1176 prodiit
1642 1073 1808 1148 Parisiis
1831 1103 1872 1149 α.

409 1205 534 1301 1585,
554 1206 611 1304 8⁰,
624 1199 789 1284 nonnisi
802 1196 1120 1285 deflorationem
1133 1229 1222 1286 esse
1235 1198 1436 1284 loannis
1454 1193 1671 1282 cuiusdam
1685 1196 1746 1313 (E
1754 1199 1875 1312 rige-

404 1365 493 1418 nae
511 1357 659 1450 putant
676 1332 909 1448 nonnulli),
943 1364 1072 1449 quam
1094 1356 1298 1448 carpserat
1315 1329 1369 1417 ad
1390 1328 1610 1416 discendas
1631 1361 1874 1444 graccorum

403 1467 628 1553 verborum
650 1467 811 1582 regulas
824 1487 853 1570 (
852 1478 946 1552 Vid.
958 1477 1150 1552 Macrobii
1167 1503 1252 1576 opp.
1268 1479 1321 1550 ΙΙ.
1338 1503 1380 1574 p.
1401 1470 1483 1571 537
1505 1476 1569 1549 ed.
1587 1477 1716 1574 Bria).
1749 1467 1783 1552 F
1785 1491 1871 1553 ate-

404 1623 471 1687 tur
482 1603 807 1718 excerptoripse,
819 1597 1049 1718 aliquando
1058 1631 1102 1686 se
1115 1626 1387 1718 permutasse,
1400 1601 1564 1715 saepius
1586 1596 1759 1706 eisdem,
1778 1603 1871 1718 qui·

402 1735 483 1822 bus
508 1757 548 1820 et
575 1717 871 1824 Macrobius
901 1765 1024 1820 usum
1053 1765 1143 1820 esse
1166 1733 1451 1838 sermonibus,
1477 1733 1609 1819 multa
1629 1737 1871 1850 praetermi-

402 1869 525 1974 sisse,
555 1867 766 1986 quaedam
793 1866 979 1986 denique
1009 1871 1230 1955 inseruisse
1252 1888 1315 1976 (p.
1339 1872 1425 1965 blo
1447 1878 1510 1952 ed.
1531 1880 1599 1964 l).
1631 1867 1791 1954 Similia
1806 1901 1876 1954 err-

403 2028 543 2118 cerpta
565 2002 702 2088 adbuc
721 1999 879 2088 inedita
903 2035 953 2088 ex
983 1999 1136 2088 eodem
1156 2003 1362 2090 Macrobii
1382 2002 1541 2108 libello,
1566 2003 1607 2086 in
1630 2003 1786 2120 quibus
1807 2035 1874 2090 ex-

402 2161 567 2252 cerptor
589 2135 738 2222 Latina
761 2135 918 2254 prolixe
953 2160 995 2222 et
1024 2135 1153 2222 serme
1179 2139 1301 2224 unice
1330 2137 1617 2254 persequitur,
1655 2138 1697 2220 in
1715 2137 1874 2223 Biblio-

402 2271 521 2356 theca
540 2270 776 2356 B0rbonica
795 2269 973 2385 Neapoli
993 2294 1253 2357 asservantur
1273 2270 1395 2388 (Vid.
1417 2269 1653 2354 Iannelli
1687 2283 1872 2380 Catalog.

401 2414 587 2488 Biblioth.
613 2415 871 2490 Borbonicae.
893 2416 1075 2511 Neapoli,
1101 2410 1224 2510 1827.
1250 2421 1341 2512 4⁰1²·
1360 2411 1412 2490 15
1432 2416 1556 2516 seq.)-
1578 2401 1722 2486 Habes
1740 2403 1809 2487 hic
1829 2405 1873 2488 in

403 2532 564 2622 Codice
585 2537 784 2622 Bobiensi
801 2537 964 2621 tertiam
992 2568 1041 2621 ex
1063 2534 1217 2621 eodem
1238 2536 1384 2622 libello
1406 2534 1728 2622 deflorationem
1749 2533 1869 2622 dedi-

402 2671 565 2755 catione
596 2666 650 2754 ad
683 2670 980 2784 Symmachum
1008 2693 1050 2755 ct
1081 2671 1426 2785 praefatiuncula,
1471 2703 1581 2788 quae
1611 2671 1701 2756 sine
1738 2671 1872 2758 dubio

400 2803 531 2889 verba
547 2803 754 2890 Macrobii
775 2805 972 2909 continet,
992 2803 1169 2920 aliisque
1189 2803 1412 2910 nonnullis,
1437 2802 1550 2890 edita
1572 2806 1813 2892 auctiorem.

516 3055 592 3139 VI.
623 3054 765 3140 Sanan
784 3087 837 3140 nn
855 3085 954 3141 tarn
972 3086 1232 3144 omuunrrcr
1251 3087 1539 3162 sucurrerunt,
1560 3087 1628 3142 cur
1640 3088 1872 3142 acernunr:

399 3187 655 3275 Enornutrt
677 3219 938 3276 cnauuarrcn
956 3191 1169 3279 nManruo
1189 3193 1426 3282 Vrcroruuo
1447 3224 1499 3277 nr
1512 3221 1786 3276 mcunuruu
1805 3221 1873 3274 rt-

400 3353 582 3409 nnnrronr
614 3355 878 3410 anscnrrruu.

518 3473 910 3561 Continenturhaec
923 3474 1150 3589 fragmenta
1163 3473 1333 3562 Codicis
1345 3475 1448 3562 olim
1466 3475 1749 3580 bobiensis,
1760 3505 1871 3559 nunc

349 3647 352 3654 ⁴
397 3605 824 3694 Vindobonensis
849 3609 931 3696 No.
952 3611 1164 3722 §tvtfot
1181 3617 1236 3696 55
1258 3615 1366 3695 ereo
1384 3610 1518 3694 sorma
1544 3632 1691 3724 quarta
1714 3608 1872 3723 scriptis

400 3739 568 3862 (Codex
591 3745 703 3827 enim
728 3741 809 3826 No.
837 3743 942 3827 XVI
968 3743 1076 3827 foliis
1102 3767 1261 3828 constat
1293 3747 1386 3853 159,
1412 3741 1620 3855 prioribus
1653 3749 1705 3850 75
1738 3743 1872 3828 forma

400 3897 560 3989 quarta,
574 3874 887 3990 reliquissorma
900 3907 1029 3990 quarn
1041 3877 1082 3958 in
1094 3876 1194 3961 solio
1212 3875 1362 3960 minori
1380 3874 1559 3994 vocant).
1572 3876 1872 3992 Complectun-

399 4030 466 4091 tur
482 4039 602 4092 vero:
626 4010 681 4125 A)
701 4008 863 4120 Sergii
881 4009 977 4093 artis
997 4011 1288 4122 grammaticae
1300 4010 1591 4122 fragmentum,
1615 4042 1708 4096 cum
1729 4010 1871 4095 inscri-

398 4141 563 4256 ptione:
597 4141 788 4255 Incipit
818 4137 876 4226 de
901 4165 1004 4226 arte
1030 4145 1348 4256 grammatica
1370 4144 1551 4256 Sergii,
1574 4142 1711 4229 differt
1730 4144 1786 4227 ab
1805 4145 1870 4247 iis,

400 4305 510 4390 quae
528 4275 721 4387 leguntur
740 4272 852 4390 apud
867 4275 1110 4362 Putscbium
1132 4291 1205 4363 col.
1230 4282 1338 4364 1825
1359 4315 1441 4392 req.
1473 4279 1524 4395 B)
1553 4278 1759 4363 Maximi
1788 4279 1870 4363 Vi-

400 4409 587 4492 ctorini
620 4409 715 4493 artis
745 4411 1036 4520 grammaticae
1059 4412 1361 4526 lragmenturn,
1399 4411 1519 4530 quod
1547 4413 1600 4498 ab
1633 4409 1755 4497 editis
1782 4444 1868 4498 non

400 4541 556 4648 differt,
587 4545 666 4635 nisi
682 4539 801 4660 quod
830 4567 1026 4654 contenta
1046 4547 1310 4633 erotematice
1331 4549 1516 4662 exposita
1537 4572 1652 4652 suut,
1685 4569 1870 4646 ceterum

399 4677 452 4762 ab
474 4675 623 4763 eadem
637 4709 872 4784 manu,uno
886 4701 1031 4764 tenore
1053 4711 1147 4764 cum
1165 4680 1573 4792 fragmentoSergii
1592 4678 1871 4796 praecedente

400 4834 628 4915 exaratum,
658 4813 925 4927 inscriptione
951 4837 992 4897 et
1008 4813 1310 4929 subscriptione
1334 4847 1489 4900 carens,
1531 4816 1584 4930 C)
1604 4817 1639 4899 F
1647 4844 1870 4927 regmen-

400 4968 498 5028 tum
522 4946 644 5027 artis
665 4949 1015 5055 grammaticae
1035 4971 1280 5034 unotenore
1297 4981 1392 5033 cum
1411 4949 1685 5034 antecedente
1701 4946 1871 5034 eadem-

400 5107 618 5193 quernanu
629 5079 916 5193 scriptum,cui
927 5081 1067 5167 titulus
1081 5081 1253 5199 quidem
1265 5083 1522 5200 praefigitur:
1539 5084 1722 5201 Incipit
1738 5081 1871 5168 liber

401 5209 715 5300 Palaemonis
736 5211 798 5300 de
821 5241 951 5324 arte,
974 5218 1154 5335 penitius
1176 5219 1529 5335 vero'inspectum
1546 5251 1639 5306 curn
1660 5219 1733 5326 iis,
1754 5247 1866 5336 quae
