4042 6070
454 527 609 586 incultui
635 527 782 586 ennon
807 527 1000 589 Gnamtsr.
1024 531 1297 592 mensuruus
1552 537 1618 612 ill

144 697 237 748 taus
252 669 293 762 ³⁵)
318 677 534 744 excedere
556 676 699 762 palma
711 679 753 760 ⁴).
766 713 809 731 -
831 677 901 744 Sed
917 691 950 744 et
965 681 1083 746 omnia
1099 681 1243 745 nomina
1263 700 1353 767 quae
1368 701 1433 768 per
1447 679 1533 746 ·ER·
1549 695 1621 746 ter·

142 787 322 850 minantur
339 783 375 846 in
392 779 683 866 superlationibus
700 779 749 843 sic
762 781 1003 866 proferuntur,
1026 783 1121 847 velut
1142 782 1342 868 pulcher,
1372 783 1619 870 pulcherri-

144 908 239 952 mus
272 905 344 952 uon
372 883 772 970 pulcherrissimus,
801 902 920 960 acer,
944 887 1178 949 acerrimus
1200 907 1272 950 non
1301 886 1618 950 acerrissimus.

232 991 303 1052 180.
322 987 409 1050 ltem
425 1005 514 1071 quae
534 1005 599 1070 per
613 983 676 1048 ·ls·
692 985 932 1061 terminantur,
949 989 1034 1050 haec
1050 987 1231 1050 dumtaxat
1241 1009 1329 1074 quae
1344 987 1564 1062 subiecimus,
1582 986 1619 1048 iu
1630 1007 1675 1061 ch.
1690 1011 1728 1073 39

145 1088 440 1178 superlationibus
455 1085 614 1150 similiter
629 1087 865 1172 proferuntur,
889 1087 1062 1164 similis,
1086 1089 1348 1164 simillimum
1372 1088 1538 1164 facilis,
1563 1087 1619 1151 fa-

144 1193 362 1267 cillimus'3
394 1189 597 1264 humilis,
631 1189 917 1264 humillimum
946 1190 1101 1273 agilis,
1137 1190 1378 1274 agillimus;
1413 1189 1617 1273 gracilis,

141 1293 442 1382 gracillimum
472 1291 607 1376 reliqua
633 1293 777 1354 nomina
800 1312 864 1376 per
885 1290 1094 1355 ·lSSlMUS·
1119 1293 1259 1357 faciunt.
1309 1292 1431 1375 Aeque
1455 1289 1619 1354 adverbia

141 1401 269 1462 borum
286 1396 443 1460 omnium
462 1413 551 1476 quae
565 1393 808 1456 adnotavimus
825 1385 868 1474 30)
886 1393 1012 1456 similia
1028 1384 1118 1471 sunt,
1142 1407 1180 1458 ut
1200 1395 1479 1486 pulcerrime,
1504 1412 1619 1455 acer-

141 1501 268 1574 rime,
293 1494 535 1571 simillime,
561 1494 784 1558 facillime.
822 1494 1021 1562 Invenimus
1041 1509 1155 1558 tamen
1174 1497 1265 1582 apud
1283 1495 1441 1560 auctores
1459 1503 1619 1557 m'atur-

140 1603 245 1666 rime
269 1611 403 1663 tantum
421 1595 668 1661 adverbialiter
687 1616 764 1658 oum
788 1595 912 1666 debeat
934 1599 1244 1663 maturissime.
1281 1596 1554 1662 observabimus
1575 1589 1617 1678 ³7)

141 1706 174 1768 iu
193 1701 429 1768 declinatione
449 1699 737 1782 conparationum
766 1697 968 1763 adverbium
996 1702 1063 1764 hoc
1087 1702 1183 1786 quod
1204 1701 1300 1764 venit
1322 1699 1364 1764 ab
1390 1719 1430 1762 eo
1457 1697 1550 1783 quod
1567 1709 1619 1762 est

143 1806 294 1871 facilis
310 1816 345 1867 et
360 1799 577 1874 difficilis,
594 1799 741 1862 dicimus
758 1800 852 1861 enim
868 1820 939 1863 non
958 1803 1153 1865 faciliter
1168 1822 1233 1866 nec
1249 1801 1513 1875 difficiliter,
1530 1813 1619 1864 tam·

141 1911 203 1974 etsi
226 1920 363 1971 veteres
388 1904 570 1977 dixeruut;
604 1901 664 1964 sed
693 1900 843 1979 facile,
875 1902 1070 1980 facilius,
1095 1903 1323 1979 facillime;
1346 1901 1543 1967 difficile
1562 1895 1632 1983 ³⁸),-

141 2007 399 2082 difficilius,
433 2001 721 2066 difficillime.
754 2001 813 2066 Sic
838 2005 941 2067 etiam
965 2027 1011 2069 ex
1029 2026 1069 2070 eo
1092 2006 1187 2090 quod
1205 2018 1442 2090 estrepens‚
1466 2022 1618 2088 repen-

142 2127 203 2176 ter
226 2111 349 2176 debuit
373 2107 500 2171 diciut
521 2124 688 2180 recens,
719 2118 942 2192 recenter,
974 2109 1034 2172 sed
1060 2109 1208 2172 dicimus
1229 2119 1430 2192 repente,
1465 2122 1617 2188 repen-

148 2217 245 2290 tius,
270 2208 587 2297 repentissime.
613 2205 682 2270 Sed
698 2227 744 2270 ex
759 2227 801 2269 eo
816 2208 911 2292 quod
926 2220 977 2272 est
998 2229 1166 2286 recens,
1191 2212 1272 2294 quia
1289 2206 1418 2270 malum
1435 2218 1486 2268 est
1501 2205 1617 2268 dicere
1691 2235 1694 2244 ⁴

142 2327 317 2380 recente
347 2311 403 2374 vel
434 2321 654 2384 recenter,
681 2308 813 2371 utimur
836 2311 886 2372 sic
912 2330 1062 2374 recens
1092 2309 1193 2375 feci't
1213 2311 1264 2392 ι),
1289 2309 1385 2394 quod
1402 2320 1454 2372 est
1475 2306 1618 2392 proad-

143 2417 260 2482 verbio
277 2433 420 2490 nornen,
442 2424 481 2475 ut
502 2410 644 2474 libens
663 2411 804 2487 dixit,
827 2431 893 2476 nec
910 2413 1003 2474 enim
1019 2412 1183 2476 dicimus:
1207 2412 1399 2476 libenter
1422 2409 1547 2473 dixit.

226 2517 359 2583 Omnia
375 2535 463 2601 quae
481 2534 545 2600 per
560 2512 649 2577 ·OR·
668 2513 898 2576 terminantur
912 2514 948 2576 in
964 2516 1259 2599 comparationem
1275 2533 1346 2576 non
1360 2510 1515 2586 veniunt,
1539 2529 1619 2572 me-

146 2621 322 2684 moriter
342 2638 389 2708 ex
407 2637 449 2680 eo
469 2616 506 2682 fit
528 2616 624 2712 quod
645 2609 689 2696 ³2)
711 2626 762 2678 est
784 2634 960 2690 memor,
992 2618 1247 2680 memoriose
1273 2634 1345 2678 non
1372 2613 1531 2686 dicimus,
1552 2629 1619 2674 nec

147 2720 462 2796 memoriosius,
485 2737 556 2780 non
579 2718 671 2780 enim
696 2715 825 2779 habent
841 2719 1138 2802 conparationem.
1162 2718 1312 2782 Videtur
1331 2713 1616 2799 conparationem

148 2821 254 2886 facere
273 2822 382 2886 dictio
401 2821 478 2897 ista,
501 2819 625 2896 satis,
649 2819 800 2884 satius.
1000 2818 1003 2824 ’

538 3077 794 3144 FELICITER
820 3081 885 3146 DE
916 3079 1218 3147 PRONOMINE.

230 3257 302 3319 181.
314 3251 514 3317 Pronomen
525 3265 663 3340 estpars
674 3243 715 3333 ⁴¹)
733 3253 900 3316 orationis
915 3272 1002 3336 quae
1016 3272 1081 3336 pro
1101 3253 1176 3336 ip'so
1192 3252 1305 3337 posita
1318 3249 1478 3324 nomine,
1501 3245 1616 3308 minus
1627 3261 1715 3314 curs·

146 3357 285 3442 quidem
300 3355 414 3442 plene,
438 3355 529 3418 idem
546 3366 661 3417 tamen
677 3354 859 3438 significat,
883 3367 921 3416 ut
943 3374 1040 3436 ego,
1065 3365 1123 3428 tu,
1148 3353 1238 3430 hic,
1259 3352 1349 3417 ille.

228 3457 440 3522 Pronomini
456 3457 635 3520 accidunt:
667 3455 872 3541 qualitas,
896 3473 1044 3537 genus,
1069 3453 1222 3537 figura,
1246 3471 1461 3528 numerus,
1486 3467 1617 3522 casus,

145 3580 339 3644 persona.
1223 3564 1228 3574 ’
1549 3579 1551 3584 ·
1586 3531 1590 3560 ¹

229 3661 388 3746 Qualitas
412 3659 660 3747 pronominum
684 3671 742 3721 aut
763 3657 859 3721 finita
881 3669 933 3719 est
960 3669 1018 3719 aut
1045 3655 1187 3720 infinita.
1217 3657 1333 3719 Finita
1348 3665 1399 3716 est
1415 3671 1503 3736 quae
1519 3660 1618 3712 notat

144 3775 273 3825 certam
296 3783 482 3848 personam
504 3773 543 3823 ut
566 3781 662 3844 ego,
687 3772 750 3836 tu,
775 3759 864 3822 ille.
901 3758 1038 3822 Infinita
1060 3770 1127 3834 est,
1160 3777 1249 3842 quae
1279 3753 1420 3818 cuilibet
1447 3769 1617 3838 personae

143 3877 259 3950 potest
272 3863 543 3936 accommodari,
569 3863 683 3948 quis,
709 3881 827 3946 quae.

231 3967 369 4032 Genera
392 3964 639 4050 pronominum
663 3975 742 4026 sunt
767 3973 946 4046 quattuor,
974 3962 1204 4024 masculinum
1231 3972 1271 4022 ut
1292 3959 1383 4033 hic,
1412 3955 1618 4019 femininum

143 4081 182 4131 ut
207 4070 326 4144 haec,
351 4079 511 4129 neutrum
529 4077 568 4128 ut
591 4067 685 4141 boo,
710 4083 894 4127 commune
917 4077 955 4127 ut
978 4083 1077 4147 ego,
1102 4075 1156 4126 tu.
1563 4111 1566 4118 .

228 4169 358 4254 Figura
380 4167 629 4254 pronominum
655 4165 878 4251 duplicasset,
912 4177 969 4228 aut
993 4166 1086 4228 enim
1115 4163 1287 4250 simplicia
1311 4172 1409 4235 sunt,
1438 4172 1477 4222 ut
1505 4157 1618 4242 quis,

140 4291 245 4356 ego,
269 4283 328 4334 aut
342 4270 547 4354 composita,
570 4279 609 4331 ut
631 4267 846 4353 quisquis,
871 4279 1050 4350 egomet.

227 4373 375 4437 Numeri
399 4383 478 4434 sunt
498 4371 578 4448 duo,
603 4369 787 4454 singularis
805 4381 838 4432 et
852 4367 1012 4454 pluralis3
1038 4365 1222 4451 singularis
1244 4377 1283 4429 ut
1304 4365 1394 4440 hic,
1417 4360 1561 4460 pluralis
1580 4372 1619 4422 ut
1701 4391 1704 4396 ·

181 4689 227 4762 ¹⁸)
255 4700 355 4763 psum
381 4725 418 4737 -
442 4700 543 4763 pctsus
571 4692 639 4746 cos.
669 4691 706 4764 ²⁸)
725 4688 915 4743 adnotavimus
933 4720 970 4732 -
988 4684 1180 4740 adnotabimus
1207 4684 1274 4737 cos.
1300 4682 1338 4752 ³⁷)
1359 4674 1565 4734 observabimus
1584 4705 1620 4718 -

253 4776 458 4834 observavimus
478 4779 546 4832 cod.
575 4779 612 4850 Ι1)
632 4775 745 4834 difficile
763 4807 798 4822 -
818 4776 939 4830 difficule
960 4777 1027 4831 cod.
1055 4777 1092 4846 ι9)
1113 4770 1242 4844 quod-
1261 4767 1327 4842 qud.
1349 4767 1416 4824 Cod.
1447 4767 1481 4835 ⁴⁰)
1502 4781 1565 4837 psrs
1584 4793 1619 4804 ·-

251 4895 288 4907 —
305 4885 356 4938 psa
376 4869 445 4923 eod.

173 5009 208 5080 a)
244 5005 323 5076 virg.
350 5007 419 5060 sen.
445 5007 480 5062 V.
506 5011 569 5066 380.
596 5009 625 5081 1)
648 5013 715 5080 quis
735 5010 838 5061 malum
857 5018 896 5060 est
910 5001 1139 5068 dicere—secie.
1174 4997 1215 5048 sie
1228 4995 1354 5050 fortassis
1374 5004 1455 5048 eruut
1472 4989 1616 5046 mutsuds:

244 5098 316 5165 quis
333 5097 438 5150 matum
453 5108 493 5152 est
506 5097 595 5152 disere
610 5109 718 5152 recense
732 5107 869 5152 rsesesstsr
881 5095 1006 5154 dicimus,
1026 5101 1076 5144 ssst
1093 5091 1195 5142 utimur
1207 5089 1259 5154 sies
1275 5087 1456 5154 resenssssis.
1477 5081 1534 5136 Cfr.
1545 5078 1617 5132 Clis-

248 5182 300 5234 rit·
320 5187 379 5243 192.
401 5183 431 5238 P.
1084 5188 1089 5205 ι
1443 5198 1445 5204 ,
