4104 6064
485 573 1304 632 unsottntttsonstttttntcs.
1564 577 1632 646 517

243 725 275 790 d.
296 717 561 804 Dimetrum'²')
585 722 810 799 catalectum,
837 721 934 810 qnod
955 722 1132 804 lccythion
1147 725 1191 806 ⁸¹)
1214 735 1248 787 et
1269 720 1479 808 Euripidion
1501 713 1544 802 ²³)
1565 741 1627 785 vo·

164 828 322 910 octav),
343 837 386 890 ut
404 861 447 874 -
469 821 737 908 Martium'l)
759 837 920 888 canunt
940 819 984 908 ¹⁵)
1004 821 1193 906 tubaet).

242 932 275 996 t.
297 927 511 993 Trimctrum
533 926 752 1005 catalectum,
775 926 871 1014 quod
887 925 1091 1012 acephalum
1115 925 1303 990 iambicum
1320 919 1364 1011 ¹⁰)
1379 928 1413 1010 ⁶)
1433 923 1629 1012 appellatur

161 1029 421 1096 Archilochium
438 1031 481 1112 ²7)
497 1065 541 1086 v-
558 1027 631 1094 Sol
653 1049 838 1115 superna
853 1023 909 1112 ¹⁸),
929 1029 1002 1114 qui
1024 1028 1141 1111 rogis
1156 1029 1198 1109 ²9)
1221 1047 1376 1114 parens
1397 1027 1509 1092 Dens
1524 1020 1568 1111 ³⁰)
1584 1024 1626 1108 ‘).

159 1131 374 1220 hcephaium
389 1125 432 1214 31)
454 1143 570 1196 autem
593 1130 782 1196 iambicum
804 1133 1024 1207 nominatur,
1054 1131 1136 1215 quia
1157 1129 1188 1194 si
1213 1149 1408 1216 praeponas
1431 1149 1537 1192 unam
1558 1128 1628 1209 syl-

159 1232 283 1312 labam,
306 1234 345 1300 fit
359 1232 548 1298 iambicum
564 1233 758 1298 trimetrum
777 1233 1029 1311 catalecticum,
1050 1244 1159 1308 uteet
1180 1231 1272 1300 -O
1297 1231 1361 1298 sol
1383 1249 1568 1318 superna
1584 1222 1627 1311 ³²)

159 1337 235 1421 qui
258 1336 375 1419 regis
393 1329 438 1419 ³³)
460 1355 616 1422 parens
638 1336 754 1399 Deus
771 1327 823 1418 ³⁴).

240 1441 272 1506 8.
303 1437 559 1503 Tetrametrum
586 1435 943 1519 brachycatalectmn,
973 1437 1003 1500 si
1031 1436 1075 1501 de
1102 1436 1178 1502 solo
1207 1437 1372 1501 trochaeo
1396 1445 1548 1510 constet,
1583 1434 1627 1497 ad

156 1552 285 1616 metra,
308 1559 398 1626 qnae
419 1539 537 1604 ionica
557 1559 578 1604 a
600 1541 733 1606 maiore
755 1538 995 1625 appellantur,
1017 1538 1200 1604 transitum
1225 1538 1343 1613 laciet,
1372 1557 1462 1624 quae
1485 1535 1627 1600 Sotadia

24 1645 25 1674 ¹
100 1631 105 1636 ⁵
154 1642 339 1717 dicuntur,
367 1654 408 1705 ut
439 1653 492 1706 eet
518 1676 561 1690 —
587 1641 714 1706 Arma
738 1641 814 1727 qui
843 1640 961 1726 capit
995 1639 1181 1718 subinde
1216 1639 1513 1723 Martiumque
1543 1649 1626 1702 ter-

152 1763 205 1827 gn
215 1765 250 1807 m
264 1746 299 1828 ·)
316 1777 358 1794 -
380 1741 449 1808 Per
460 1743 579 1808 omnia
593 1743 687 1807 enim
702 1743 779 1810 loca
794 1741 976 1808 Sotadium
990 1755 1140 1808 metrum
1157 1743 1340 1808 trochaeos
1357 1739 1508 1806 admittit
1521 1752 1556 1804 et
1568 1757 1625 1802 ao-

152 1844 305 1910 lutiones
327 1847 413 1910 cius.

239 1949 271 2017 9.
295 1947 550 2012 Tetramctrum
568 1946 820 2022 catalecticum,
842 1946 939 2032 qnod
956 1946 1221 2012 Archilochium
1233 1958 1268 2010 et
1288 1945 1552 2031 Epicharmium
1567 1963 1625 2008 ae-

151 2059 298 2134 quatum
312 2047 373 2131 s),
394 2069 438 2113 eo
470 2047 566 2136 qnod
588 2048 658 2112 llll
688 2046 808 2114 metris
836 2059 987 2123 constet,
1017 2047 1166 2124 dicitur,
1190 2048 1287 2112 cuius
1315 2048 1478 2110 inventor
1503 2065 1525 2108 a
1546 2045 1624 2128 qui-

152 2147 301 2214 busdam
326 2151 499 2214 Homerus
521 2149 670 2214 traditur
697 2183 741 2202 ·-
763 2131 873 2213 Tale
899 2148 1023 2236 quale
1042 2169 1144 2214 vere
1165 2149 1307 2234 primo
1334 2147 1485 2211 sibilat
1508 2158 1647 2210 teres·

152 2251 412 2336 donax¹)—
440 2251 564 2334 Quae
595 2250 742 2316 scabri
770 2251 888 2316 latur
912 2297 1083 2318 ......
1106 2251 1266 2317 litorio
1295 2245 1625 2331 vedo‘).‘l)ividi-

24 2401 25 2440 ,
148 2363 210 2415 tur
231 2366 347 2417 antem
371 2364 607 2416 tetrametrum
631 2351 1116 2418 trochaicum.catalecticum
1140 2353 1177 2415 in
1200 2364 1350 2437 quatuor
1370 2369 1498 2434 genera
1519 2351 1622 2414 haec:

145 2451 430 2531 Archilochium,
460 2454 544 2518 item
576 2454 765 2539 tragicum,
798 2455 971 2519 comicum
994 2455 1117 2534 etiam,
1148 2455 1345 2535 satyricum.
1367 2443 1503 2516 Volunt
1524 2451 1618 2514 enim

143 2551 415 2618 Archilochium
438 2576 523 2633 erse,
547 2555 643 2641 quod
665 2576 710 2620 ex
724 2555 886 2621 omnibus
904 2555 1076 2632 trochaeis
1096 2567 1243 2631 constat,
1265 2567 1304 2616 ut
1320 2567 1372 2617 est
1392 2589 1435 2602 —
1457 2549 1623 2616 lctibus

145 2673 307 2720 nccare
328 2656 531 2733 mamhra,
554 2645 712 2742 corpur
736 2677 859 2722 omne
880 2675 1079 2742 rumpere
1102 2655 1189 2739 ¹')-
1210 2655 1413 2740 Tragicum,
1435 2653 1530 2738 quod
1545 2651 1623 2739 plu-

145 2776 203 2819 res
228 2755 397 2840 apendice
418 2756 543 2822 habeat
565 2771 600 2821 et
622 2758 666 2821 sit
683 2757 806 2822 elatius
827 2795 871 2808 -
893 2757 927 2824 0
950 2775 1108 2846 parens
1125 2758 1308 2841 antiqua
1329 2769 1505 2820 nostrae
1527 2773 1623 2838 gon-

143 2857 201 2922 tis
233 2855 437 2941 Argivum
467 2858 602 2922 decus
617 2856 651 2941 ’)
673 2895 716 2906 -
738 2857 941 2937 Comicum,
970 2859 1067 2945 quod
1088 2858 1275 2944 praecipue
1286 2835 1461 2938 ldacrytos
1484 2867 1518 2918 et
1540 2875 1622 2920 ana-

143 2970 287 3044 paestos
317 2959 494 3037 admittat,
517 2971 556 3024 ut
584 2972 636 3026 est
664 2960 758 3046 apud
788 2960 970 3028 Cratinum
1000 2997 1043 3008 --
1065 2959 1206 3046 Super
1227 2960 1405 3044 aquosis
1429 2955 1622 3022 lontibus

144 3059 247 3146 ipsa
268 3060 439 3128 cederat
461 3057 550 3128 alce
574 3109 583 3128 .
607 3109 616 3128 .
641 3109 649 3128 .
674 3109 682 3128 .
703 3059 734 3146 ¹)
751 3099 794 3110 -
824 3061 1038 3146 satyricum,
1071 3061 1167 3145 quod
1198 3059 1395 3146 complures
1418 3057 1542 3123 habeat
1564 3078 1622 3122 so-

189 3333 231 3402 ”)
258 3329 377 3388 notrum
405 3335 473 3390 cod.
500 3337 538 3410 ³¹)
557 3334 651 3390 lecton
678 3336 746 3392 cod.
773 3339 812 3410 ¹³)
838 3333 1004 3410 eurypidion
1025 3336 1093 3390 ced.
1121 3336 1156 3406 ¹⁴)
1176 3335 1291 3390 certium
1319 3336 1388 3390 cod.
1409 3335 1494 3390 tribua
1510 3339 1620 3408 punctis

253 3427 431 3496 superpositis
449 3426 640 3495 improbatum.
657 3425 694 3498 ¹⁵)
713 3425 788 3479 csnit
808 3427 875 3479 cod.
896 3427 931 3496 ¹⁶)
951 3420 1097 3476 irmiricum
1115 3445 1151 3474 =
1171 3423 1240 3476 cod.
1260 3429 1296 3493 ²⁷)
1316 3420 1530 3476 arthcilochiurn
1550 3423 1618 3476 cert.

254 3509 292 3582 ¹⁸)
311 3508 362 3564 Sol
379 3528 500 3582 superne
522 3512 590 3566 oea.
609 3531 713 3566 exem.
732 3533 774 3581 pr.
794 3532 845 3576 nt,
864 3531 937 3588 quae
953 3515 1030 3584 prius
1047 3516 1193 3580 scripserat
1212 3508 1271 3562 sole
1290 3529 1397 3582 uperno
1418 3511 1489 3581 (ric).
1515 3512 1549 3580 ⁸⁹)
1568 3527 1618 3562 uc-

253 3612 300 3666 gas
326 3598 395 3654 nod.
422 3601 459 3671 ⁸⁰)
484 3617 565 3672 pares
592 3597 662 3652 deos
687 3601 755 3655 cod.
785 3603 821 3672 ³¹)
849 3597 991 3654 acefalium
1018 3599 1086 3652 Cod.
1114 3602 1149 3670 ³¹)
1169 3616 1289 3670 superuc
1310 3597 1379 3654 Ccd.
1399 3600 1434 3668 ³³)
1454 3605 1528 3650 rcctc
1549 3597 1617 3650 coa.

254 3685 290 3758 ¹⁴)
309 3703 390 3758 pares
406 3684 474 3740 dces
497 3688 564 3742 Geel.

198 3827 231 3891 a)
258 3823 410 3880 Dlmstrum
428 3866 435 3880 .
456 3865 464 3882 .
483 3865 491 3880 .
511 3866 518 3879 .
538 3840 663 3881 vocatur.
690 3827 731 3882 tu
760 3825 963 3881 emendavimus
990 3843 1023 3878 cx
1049 3821 1253 3896 Hephaestione
1272 3841 1300 3896 p·
1319 3827 1363 3884 33.
1384 3821 1542 3886 (lamferd,
1570 3821 1617 3876 obi

254 3907 368 3982 legitur:
387 3909 509 3994 δέρτρον
528 3907 577 3987 pis
594 3909 804 3978 acceleraretis,
822 3909 856 3970 τὸ
882 3908 1040 3986 καλούμενον
1064 3903 1245 3992 ulpianum,
1269 3903 1289 3969 ri
1306 3907 1439 3967 luridus.
1468 3911 1497 3984 t)
1516 3911 1618 3965 lacerti

255 4009 354 4070 poetae
370 4019 482 4066 vrrsus,
502 4021 582 4076 quens
602 4011 630 4055 ct
647 4001 711 4056 Atii.
732 4003 872 4055 fortunat.
892 3999 910 4053 l.
932 3997 1083 4064 claudat,
1109 4001 1140 4052 in
1159 3997 1229 4053 Cod.
1255 4007 1350 4052 nostre
1370 4000 1410 4051 sic
1430 4008 1559 4071 corrupte
1576 3997 1617 4051 le·

253 4086 339 4154 gitur:
366 4095 485 4144 curtium
509 4089 561 4162 (τῷ
579 4111 597 4144 ι
615 4087 703 4143 tribus
723 4091 834 4162 punctis
852 4090 960 4159 notato)
986 4093 1061 4143 canit
1079 4089 1168 4141 tubae.
1196 4089 1222 4158 ο)
1242 4089 1395 4142 iambicum.
1421 4085 1616 4158 Supplcriruus

254 4189 286 4226 ex
304 4173 510 4248 Hephaestione
529 4196 557 4248 p.
576 4183 620 4237 34.
642 4177 746 4242 Gaiss..
764 4177 813 4231 ubi
833 4185 891 4231 estc
911 4178 1053 4256 τρίμετρον
1071 4167 1100 4229 δὲ
1120 4169 1328 4238 aaralmrem'r,
1353 4166 1407 4229 eie's
1426 4167 1486 4230 ι’στι
1504 4169 1536 4230 ‘rc'
1553 4165 1616 4253 'Ap-

252 4255 384 4338 χιλὲχου,
401 4261 418 4321 d
437 4284 503 4326 rent
521 4257 653 4338 inimic»
670 4260 792 4340 ἶτμβιτὲν
809 4259 927 4320 saleim.
947 4266 978 4336 d)
996 4263 1112 4316 Versum
1127 4260 1201 4314 hunc
1217 4263 1246 4314 in
1262 4259 1330 4317 cod.
1346 4269 1441 4315 nostro
1454 4270 1616 4334 corruptum

253 4351 421 4404 restituimur
441 4369 473 4404 cs
491 4353 556 4407 stit.
577 4355 717 4408 fortunat.
737 4353 756 4408 l.
777 4373 801 4407 c.
823 4357 848 4423 e)
868 4353 985 4407 Versum
1002 4349 1075 4403 hunc
1093 4359 1192 4422 poetae
1210 4351 1309 4402 incerti
1329 4369 1344 4402 e
1362 4349 1450 4402 Mario
1469 4350 1614 4404 Victorino

252 4453 276 4488 ο·
295 4443 368 4498 2530
387 4439 435 4503 P..
453 4441 501 4512 qni
519 4459 583 4494 vcro
602 4459 653 4511 pro
671 4443 786 4495 subinde
805 4438 875 4495 cod.
895 4441 983 4493 nostri
1001 4437 1105 4492 habeta
1124 4438 1172 4491 sul
1191 4439 1279 4499 idem,
1299 4435 1497 4508 supplevimus.
1506 4439 1551 4508 J)
1569 4457 1615 4490 ue-

251 4539 375 4596 quctum.
394 4525 556 4597 Legeodum
573 4529 690 4580 fortusse
708 4529 874 4600 quadratum
881 4547 892 4596 ,·
912 4536 987 4580 certe
1005 4524 1080 4597 apud
1099 4523 1167 4578 Atii.
1187 4526 1327 4578 Fortunat.
1346 4523 1365 4576 l.
1386 4541 1409 4576 c.
1429 4521 1513 4575 habes
1531 4522 1612 4574 haec:

250 4613 304 4666 tlte
313 4617 484 4682 {tetrameter
496 4613 695 4684 catalecticus),
708 4621 774 4688 quie
788 4629 909 4688 quatuor
917 4620 1010 4668 metris
1019 4626 1137 4676 constet,
1156 4626 1182 4666 et
1192 4614 1344 4683 quadratus
1353 4624 1475 4664 vocatur.
1493 4613 1524 4680 g)
1535 4607 1613 4662 Idem

250 4716 346 4756 versus
371 4710 471 4772 poetae
496 4703 586 4772 ignoti
613 4701 740 4756 laudetur
762 4701 796 4756 sb
814 4701 899 4756 trine
918 4702 1059 4755 Fortunat.
1078 4699 1096 4753 l.
1117 4718 1142 4752 c.
1162 4709 1191 4754 ct
1214 4698 1315 4751 thiar.
1335 4697 1479 4750 Victorino
1497 4715 1523 4750 c.
1541 4701 1613 4754 2⁵3⁰

251 4788 282 4842 Ρ.
307 4786 389 4861 Apud
407 4789 479 4846 Mar.
506 4790 680 4846 Victorinum
705 4809 770 4846 sero
789 4809 841 4861 pro
858 4795 946 4860 primo
964 4785 1066 4858 legitur
1090 4789 1178 4840 dulce.
1206 4786 1236 4855 Ιι)
1254 4786 1401 4838 Auctorem
1419 4781 1499 4836 huius
1517 4801 1611 4836 versus

249 4874 350 4932 frustra
376 4877 567 4949 quadrimus.
596 4878 726 4934 Ceterum
744 4897 797 4950 pro
814 4885 953 4932 mensim:
981 4889 1060 4948 trage
1079 4878 1183 4930 aelicta
1201 4871 1314 4928 lucunas
1333 4871 1441 4942 signum
1459 4871 1610 4942 posuimus.

248 4965 271 5032 ε)
289 4963 376 5020 Cuius
394 4972 494 5038 poetae
512 4965 550 5018 sit
567 4983 662 5020 versas
682 4983 776 5020 eruere
795 4982 853 5020 non
869 4965 1018 5037 potuimus.
1039 4965 1066 5033 i)
1084 4961 1188 5014 Incerti
1207 4967 1305 5032 pectre
1323 4976 1426 5012 versun
1445 4962 1470 5030 l)
1488 4955 1611 5010 Membra

248 5059 347 5121 posue
373 5069 389 5105 s
413 5048 527 5106 librario
550 5052 649 5110 misere
676 5051 794 5108 disiecta
817 5070 949 5124 reponere
976 5050 1068 5106 conati
1087 5067 1187 5102 suarius¹
1209 5047 1398 5104 Pettalesin
1418 5043 1612 5115 contegitur

248 5145 400 5194 mutim!
426 5146 538 5214 ttcyulm
565 5159 615 5214 pto
642 5160 696 5216 quo
715 5141 828 5198 lucunas
846 5140 953 5213 signum
973 5139 1124 5214 posuimus.
1152 5139 1272 5209 Taygeti
1290 5142 1377 5188 metro
1396 5132 1492 5188 saltem
1511 5151 1610 5187 couve-

248 5224 329 5282 uirst.
1014 5242 1024 5250 ·

1329 5313 1370 5376 3t
