4020 6068
568 505 714 564 aarum
733 501 1064 562 cmmmncsuun
1083 503 1191 562 nunu
1210 505 1232 556 ι.
1588 512 1631 584 81

151 640 297 727 proprie
319 639 483 724 prolata,
506 651 545 703 ut
560 651 611 704 est
635 636 815 702 -Hunc
845 654 941 722 ego,
974 637 1010 700 si
1042 649 1205 702 tautum
1233 639 1358 724 potui
1388 657 1566 726 sperare
1589 643 1632 724 '⁷)

154 745 252 808 dolo
263 762 347 804 reru
360 743 391 822 ⁶¹)
404 761 522 827 -pro
545 741 712 816 timere3
732 739 874 826 proprie
890 737 982 800 enim
999 759 1176 824 speramus
1190 737 1293 816 bona,
1303 741 1464 806 timemus
1477 735 1630 826 mala¹⁸).

240 849 311 912 107.
343 843 398 906 De
424 849 723 904 nennuutrut
745 843 799 924 ι9).
830 839 1092 926 Caccmphaton
1112 833 1154 923 ³⁰)
1191 853 1243 906 est
1266 843 1378 906 oratio
1412 855 1550 930 turpem
1582 847 1628 910 si·
1748 887 1751 894 ·

148 947 412 1032 gnificatione'm
433 942 564 1008 hebens
584 941 621 1006 in
640 941 799 1030 turpibus
817 943 945 1018 verbis,
968 955 1062 1006 ut-
1075 943 1199 1028 lepus
1219 956 1307 1007 tute
1333 965 1394 1021 es,
1419 959 1458 1010 et
1479 949 1628 1033 pulpa·
1655 948 1662 962 '

150 1063 340 1112 mentum
378 1047 546 1132 quaeris
565 1035 605 1126 ³¹)
628 1043 657 1127 ι)
687 1081 732 1095 -
764 1059 798 1110 et
824 1045 949 1112 Cicero
990 1082 1035 1096 -
1060 1045 1270 1132 filiusque
1302 1047 1395 1110 eius
1428 1048 1627 1136 inpubes,

152 1151 291 1216 nudus
313 1163 433 1214 stans
456 1146 531 1210 sub
555 1146 727 1211 fornice
754 1151 790 1231 c).

237 1257 310 1318 108.
343 1251 409 1316 DE
433 1247 820 1315 nuscunououm.
849 1249 1101 1334 Aeschrologia
1125 1262 1177 1314 est
1209 1251 1396 1316 verborum
1428 1254 1624 1338 turpitudo,

150 1377 222 1420 non
237 1355 492 1420 intellectus-
514 1353 703 1437 reprime
724 1353 788 1416 sis
813 1349 1013 1436 iram‘)-
1029 1355 1388 1440 et-arrectiqne
1411 1375 1485 1419 ora
1508 1370 1626 1421 tene-

147 1457 316 1540 bant‘)‚
338 1469 430 1520 -et
453 1453 579 1520 Cicero
600 1487 645 1502 —
666 1467 807 1518 teneat
828 1476 939 1520 nunc
962 1453 1166 1520 Metellus
1193 1467 1326 1519 testes
1349 1458 1525 1544 meosJ).

234 1560 332 1622 luter
353 1547 656 1644 cacemphaton³')
680 1578 763 1642 ergo
785 1570 818 1621 et
841 1557 1104 1642 aeschrologian
1121 1560 1189 1622 hoc
1211 1570 1277 1636 est,
1299 1559 1395 1644 quod
1420 1565 1625 1647 cacempha-

151 1677 208 1726 ton
233 1661 390 1726 honestis
412 1660 442 1743 ί)
461 1658 576 1724 verbis
595 1672 731 1745 turpem
752 1660 907 1724 continet
924 1681 1081 1738 sensum,
1103 1661 1343 1746 aeschrologia
1364 1683 1446 1728 vero
1466 1665 1626 1730 obscenis

151 1763 263 1828 verbis
280 1766 447 1828 honestus
465 1761 674 1846 exprimitur
694 1761 889 1826 intellectus
900 1753 953 1844 ³³).

234 1870 308 1934 109.
331 1865 396 1930 DE
417 1862 722 1929 PLEONASMO.
747 1863 972 1934 Pleonasmos‘
995 1879 1046 1930 est
1061 1866 1164 1930 unius
1179 1865 1277 1932 verbi
1293 1865 1441 1932 adiectio
1459 1866 1625 1954 amplius,

151 1989 251 2052 quarn
276 1967 387 2051 exigit
405 1987 541 2054 sensus,
565 1978 603 2029 ut
623 2002 668 2016 —
690 1967 752 2030 sic
775 1987 845 2030 ore
867 1965 1014 2031 locuta
1036 1981 1098 2042 est
1118 1965 1158 2051 ¹¹).

234 2073 306 2134 110.
335 2069 399 2132 DE
427 2066 789 2133 PERlSSOLOGIA.
813 2069 1046 2153 perissologia
1070 2083 1121 2134 est
1144 2071 1334 2134 multorum
1365 2070 1551 2135 verborum
1580 2069 1624 2134 ad

151 2192 287 2236 sensnm
310 2172 578 2257 exprimendum
594 2161 860 2256 supervacua³5)
885 2171 1051 2250 adiectio,
1070 2185 1109 2236 ut
1125 2186 1177 2238 est
1194 2211 1231 2224 -
1254 2171 1374 2238 ibant
1397 2193 1479 2259 qna
1499 2185 1622 2260 pote-

150 2288 260 2348 rant,
284 2287 325 2337 et
346 2294 429 2358 qua
450 2294 533 2338 non
554 2286 777 2360 poterant,
801 2293 882 2336 non
906 2273 1029 2337 ibant
1048 2275 1089 2358 ¹).

237 2381 308 2440 lll.
336 2376 400 2438 DE
418 2373 752 2441 Mncnouocm.
775 2373 993 2460 Macrologia
1020 2389 1077 2457 est
1091 2376 1201 2440 oratio
1221 2378 1328 2462 longa
1344 2378 1418 2444 sine
1443 2378 1554 2452 cultu,
1583 2388 1622 2440 ut

147 2492 197 2542 est
218 2491 400 2542 -retro
423 2479 532 2542 unde
554 2491 761 2542 venerunt
783 2478 952 2542 domum
977 2479 1138 2544 reversi
1161 2493 1255 2544 sunt
1279 2477 1316 2564 ¹).

230 2585 302 2646 112.
311 2581 378 2643 DE
392 2579 719 2651 TAUTOLOGIA.
729 2579 962 2664 *Tautologia
975 2594 1026 2646 est
1039 2581 1193 2646 eiusdem
1209 2602 1328 2646 sensus
1342 2581 1398 2646 vel
1408 2580 1506 2646 verbi
1517 2582 1728 2644 itera-runs.

152 2684 209 2760 tio,
242 2696 282 2746 ut
314 2695 430 2746 est—
451 2702 530 2768 ego
554 2684 649 2768 ipse
679 2682 763 2747 ieci
784 2681 814 2766 ‘)
839 2696 943 2746 -et
970 2683 1144 2770 qualem
1175 2684 1341 2769 pateris
1366 2682 1552 2746 libamus
1582 2696 1622 2747 et

152 2805 247 2849 auro
263 2786 314 2867 ⁸),
331 2820 377 2836 -
394 2805 459 2871 pro
485 2785 597 2849 aureis
615 2785 761 2870 pateris,
781 2785 850 2848 duo
872 2787 990 2871 posuit
1006 2806 1071 2873 pro
1088 2803 1176 2863 uno,
1200 2798 1238 2849 ut
1258 2822 1303 2837 -
1324 2786 1462 2850 media
1486 2797 1621 2849 testu-

151 2887 248 2950 dine
272 2887 445 2972 templi‚
470 2886 596 2972 Septa
614 2879 798 2968 armis³⁵)
820 2889 861 2969 ¹).

236 2993 307 3054 113.
336 2989 401 3052 DE
436 2987 617 3053 ELLIPSI
638 2979 691 3070 ³⁶).
734 2987 876 3075 Ellipsis
898 3002 950 3054 est
969 3010 1089 3054 sensus
1119 2990 1234 3056 minus
1265 2989 1395 3056 hahens
1426 2988 1613 3056 verborum

182 3321 213 3384 ¹²)
231 3333 345 3386 sperare
366 3345 402 3360 -·
423 3333 547 3388 sprerare
569 3317 637 3372 cod.
659 3312 698 3389 ²⁸)
720 3317 846 3370 timemus
865 3315 935 3370 mela
957 3347 992 3360 -
1011 3315 1140 3370 timemus
1156 3313 1232 3370 bona
1252 3320 1320 3373 (lod.
1341 3322 1488 3388 menfistu
1507 3320 1616 3374 librarii

250 3417 436 3475 parcrsmste.
453 3407 490 3475 ¹⁹)
514 3404 811 3460 nunnuuarus
830 3421 1026 3478 -ssssspnrs
1050 3405 1117 3458 cod.
1149 3405 1185 3474 ¹⁰)
1208 3403 1414 3478 Cacempbaton
1439 3436 1476 3450 —
1493 3406 1617 3462 casense-

249 3500 301 3544 ton
323 3493 403 3545 cod..
416 3494 452 3563 ³¹)
476 3492 584 3568 quaeris
608 3524 646 3536 -
670 3493 763 3566 queris
789 3493 856 3548 eod.
881 3494 920 3566 ³²)
942 3489 1140 3562 cacenphaton
1161 3523 1198 3535 -
1218 3490 1408 3566 cacenphaton
1431 3493 1499 3546 cod.
1533 3497 1617 3547 etium

250 3599 311 3634 mor
334 3585 418 3652 infin.
442 3585 480 3652 Η)
508 3577 668 3633 intellectus
688 3611 725 3621 -
750 3579 895 3632 interietus
931 3579 998 3632 cod.
1031 3575 1070 3652 ¹⁴)
1095 3595 1262 3650 supervacua
1288 3610 1325 3622 -·
1349 3598 1520 3653 supernaque
1548 3581 1615 3634 eod.

250 3669 287 3739 ¹⁵)
303 3679 383 3740 septa
397 3669 477 3721 umis
492 3699 525 3713 -
544 3667 688 3739 septnrmis
704 3669 771 3722 coc.
790 3660 829 3738 ¹⁶)
848 3664 942 3737 ellipsi
956 3698 992 3708 -
1008 3664 1107 3738 eclipsi
1124 3667 1190 3720 coc
1211 3679 1238 3721 et
1251 3687 1315 3721 mox
1329 3673 1427 3722 iterum
1442 3665 1563 3739 eclipsis.

180 3819 207 3885 ι)
226 3817 303 3886 Virp.
319 3817 448 3872 nen.1v.
471 3821 537 3878 stc.
555 3819 583 3888 b)
600 3818 713 3876 Terent.
730 3815 856 3872 Eunuch.
872 3817 921 3870 111.
938 3822 971 3882 l,
988 3821 1032 3876 36.
1047 3815 1103 3874 cn.
1120 3813 1193 3870 bier.
1213 3815 1366 3887 Vopiscum
1379 3817 1435 3870 vit.
1452 3815 1613 3872 Numeriani

247 3923 276 3977 p.
290 3910 354 3966 371.
372 3903 416 3958 ed.
435 3901 553 3958 Casaub.
568 3903 594 3976 e)
609 3903 668 3960 Cic.
687 3907 717 3958 in
732 3906 810 3960 Verr.
828 3915 881 3959 act.
896 3905 934 3960 11.
950 3901 970 3956 l.
986 3903 1022 3956 Il.
1045 3907 1110 3962 154:
1131 3903 1222 3956 Huius
1232 3906 1456 3975 sornirirssoso
1468 3904 1613 3978 Syracusis

247 4007 303 4056 est,
323 3999 351 4046 in
374 4012 428 4066 quo
453 3993 542 4046 nudus
549 3993 632 4066 filius
654 4005 719 4046 stat.
738 3991 768 4063 d)
782 3995 907 4062 deprime
926 3995 962 4046 sts
977 3995 1064 4053 irum,
1083 3991 1121 4044 ita
1134 3987 1284 4044 luculentis
1301 3990 1391 4044 literis
1404 3991 1475 4046 Cod.
1490 3991 1613 4063 liespicit

248 4079 346 4152 procul
360 4078 446 4134 dubio
456 4077 613 4135 Plautinum
626 4076 705 4143 illud,
712 4079 795 4132 Truc.
809 4079 844 4132 ll.
859 4085 885 4137 2.
898 4083 989 4139 6-9.
1009 4084 1148 4150 conprime
1155 4110 1191 4122 -
1202 4099 1281 4152 spero
1289 4099 1376 4134 meam
1386 4079 1495 4153 quidem
1507 4079 1613 4149 herelet

248 4182 293 4232 te,
312 4173 361 4241 qui
373 4172 486 4230 solitus,
506 4177 660 4240 conprimat
671 4197 708 4210 -
721 4167 891 4238 (Inprudens
903 4186 954 4238 per
968 4167 1134 4230 ridiculum,
1153 4181 1184 4222 ut
1201 4173 1302 4223 rustico
1315 4169 1414 4223 suadet
1425 4171 1565 4239 stuprum)
1577 4199 1614 4212 -

249 4259 324 4310 Iram
343 4258 410 4309 diri.
428 4253 591 4327 Legendnm
604 4255 689 4326 igitur
703 4273 754 4326 pro
768 4260 930 4328 reprime-
944 4260 1098 4326 conprime,
1116 4255 1156 4308 ita
1179 4261 1263 4310 utris
1286 4255 1480 4328 compendium
1497 4257 1535 4314 sit
1553 4273 1613 4310 rer·

250 4341 365 4396 borum:
384 4344 487 4415 Spero,
507 4345 676 4415 Inprudens,
694 4344 835 4414 Stuprum.
854 4342 912 4397 cn.
929 4341 997 4394 inira
1014 4343 1036 4412 §.
1052 4348 1112 4402 103.
1129 4340 1179 4396 ubi
1193 4337 1225 4399 erl
1243 4348 1360 4416 reprime
1373 4348 1409 4398 ss's
1422 4350 1492 4399 iram
1507 4341 1613 4396 diserte

246 4430 402 4485 Plautinum
415 4429 525 4486 dicitur.
535 4435 561 4502 e)
571 4432 702 4488 Arrectss
710 4451 792 4486 sures
805 4449 819 4483 e
832 4431 944 4484 Terent
958 4427 1043 4485 Andr.
1057 4430 1091 4486 V·
1099 4436 1171 4494 030
1179 4440 1333 4501 posuerunt
1347 4431 1473 4484 Donatus
1487 4437 1565 4490 1770.
1578 4430 1611 4484 Ρ.

246 4529 276 4572 et
286 4521 435 4592 Pompeius
448 4540 474 4592 p.
487 4526 549 4581 441.
561 4520 593 4574 L.
607 4521 710 4576 Noster
724 4537 804 4572 suum
813 4525 965 4592 errantique
973 4537 1040 4581 ora,
1059 4516 1240 4588 uvirgiliano
1258 4517 1335 4590 (Aen.
1352 4517 1389 4570 11.
1405 4521 1442 4584 1.)
1461 4525 1613 4591 intentique

247 4625 298 4662 ora
316 4617 456 4662 mutuatus
470 4626 533 4661 esse
548 4606 667 4662 videtur.
686 4600 748 4662 linc
765 4605 847 4680 plane
860 4606 926 4660 tecit
941 4601 1012 4658 illud
1027 4603 1062 4664 de
1077 4603 1232 4676 Penelope:
1251 4634 1288 4646 -
1305 4604 1381 4658 Haec
1395 4624 1423 4658 ss
1436 4603 1475 4658 ad
1489 4617 1611 4658 srrsctor

246 4697 329 4749 verta
343 4699 436 4749 locuta
447 4715 546 4767 procos
558 4725 594 4738 -
606 4694 697 4765 Prisp.
708 4699 751 4754 69.
768 4699 811 4753 24.
821 4695 863 4764 s)
884 4693 943 4747 Cic.
959 4693 988 4746 in
1000 4694 1114 4750 Verrem
1126 4696 1186 4744 Act.
1202 4691 1237 4744 11.
1251 4687 1315 4742 libr.
1327 4696 1354 4748 2.
1373 4691 1467 4762 §.132
1480 4695 1512 4764 5)
1524 4691 1611 4745 boue·

248 4789 296 4837 stis
313 4781 375 4852 lege
397 4785 542 4838 inhonestis
559 4802 583 4836 r.
602 4779 760 4834 obscoenis.
773 4781 802 4852 h)
818 4781 896 4852 Virg.
916 4783 984 4836 Aeo.
998 4781 1046 4834 IX.
1060 4785 1085 4838 6.
1105 4782 1125 4850 ι’)
1139 4775 1218 4832 ldem
1229 4774 1384 4852 exemplum
1398 4775 1516 4832 habetur
1526 4777 1611 4854 'apud

249 4868 357 4922 Charis.
372 4877 433 4930 242.
451 4871 481 4924 P.
500 4871 638 4923 Donatum
658 4876 686 4920 et
704 4868 866 4939 Pompeium
881 4867 910 4922 ll.
922 4887 963 4921 cc.
982 4869 1009 4938 k)
1025 4864 1103 4918 Idem
1117 4863 1226 4938 plenius
1241 4865 1315 4939 apnd
1328 4866 1469 4920 Donatum
1485 4876 1514 4920 et
1528 4869 1611 4921 Pom-

245 4956 338 5028 peium
351 4953 380 5012 ll.
401 4975 441 5010 cc.
458 4955 573 5028 legitur:
592 4987 627 4997 -
642 4957 741 5030 Legati
761 4975 816 5009 nors
832 4961 978 5029 impetrata
1000 4971 1087 5026 pace,
1105 4966 1179 5006 retro
1200 4957 1272 5010 unde
1291 4967 1423 5010 venerunt
1440 4955 1550 5008 domum
1570 4976 1611 5009 re·

243 5049 330 5114 gressi
345 5059 416 5099 suut.
430 5047 620 5098 -Auctorem
633 5044 701 5098 facit
713 5043 822 5097 Livium
836 5040 973 5118 Quinctil.
989 5041 1066 5096 vm.
1075 5045 1102 5106 5,
1120 5046 1165 5102 33.
1175 5039 1315 5098 Charisius
1329 5050 1392 5104 att
1401 5043 1431 5098 P·
1443 5041 1611 5100 etDionted.

247 5135 307 5191 446.
326 5133 354 5186 Ρ.
375 5135 396 5200 ll
413 5130 518 5186 Charis.
535 5137 596 5193 242.
613 5133 643 5188 Ρ.
660 5135 698 5204 m)
713 5133 790 5204 Virg.
806 5131 907 5202 Georg.
921 5129 958 5185 ll.
977 5135 1037 5190 192.
1052 5131 1084 5203 n)
1102 5129 1178 5203 virg.
1195 5132 1262 5185 Aen.
1283 5131 1304 5184 l.
1326 5135 1387 5192 605.
1403 5135 1466 5192 606.
