4032 6070
592 551 1149 612 onoaransurnon
1538 557 1608 632 ss

220 707 274 770 41.
296 701 500 767 uenerem
515 691 624 788 genui
635 712 687 766 aar
701 695 755 786 ¹³),
779 701 875 788 quod
889 721 951 768 auo
967 703 1087 787 generi
1103 703 1267 770 convenit
1283 715 1429 781 tautum,
1451 717 1603 792 utpute:

135 805 415 890 mancipium,
438 803 669 890 mancipiis
691 817 725 870 et
747 818 862 870 cetera
884 805 975 870 talio.

217 911 270 974 49.
295 905 529 972 Commune
551 925 661 991 genus
684 918 752 986 est,
783 907 880 992 quod
901 905 1037 972 duobus
1059 909 1245 993 gonoribus
1267 912 1431 975 convenit
1452 919 1604 982 numm,

133 1026 167 1077 ut
191 1023 291 1098 puta:
314 1006 507 1072 masculino
531 1018 566 1070 ct
587 1008 774 1087 feminino,
798 1010 922 1086 talea,
952 1010 1118 1074 felicem
1142 1023 1176 1076 et
1198 1025 1312 1077 cetera
1333 1011 1433 1088 talia3
1456 1011 1644 1076 dicimusf.
1662 1017 1712 1080 nlo

134 1115 226 1178 enim
256 1113 364 1177 tales
390 1129 551 1199 pueros
573 1104 665 1196 ον’)
695 1111 804 1175 talea
825 1110 1012 1198 puellas,
1037 1111 1206 1178 felicem
1226 1109 1269 1197 ³⁵)
1291 1133 1468 1199 puerum
1492 1123 1525 1176 οι
1548 1112 1604 1175 fe-

132 1207 318 1298 licem·⁶)
339 1212 534 1300 puellam.
559 1212 646 1278 Item
669 1214 766 1300 quod
787 1213 979 1278 masculino
1003 1226 1037 1280 et
1058 1227 1182 1280 neutro
1207 1215 1370 1282 convenit
1397 1227 1543 1288 laurum,
1564 1225 1605 1278 ul

134 1331 216 1404 puta
248 1334 511 1399 magnorum,
540 1314 766 1380 doctorum
799 1329 832 1380 er
864 1329 977 1380 cetera
1006 1317 1107 1395 telia3
1137 1318 1285 1384 dicimus
1317 1317 1409 1381 euim
1432 1333 1605 1398 magno·

134 1437 219 1483 rum
242 1435 469 1504 puerorum
489 1427 524 1480 er
545 1437 790 1502 magnorum
812 1419 1147 1504 mancipiorum,
1178 1420 1353 1485 doctum
1375 1436 1552 1504 puerum
1570 1429 1605 1481 et

135 1521 302 1586 doctum
333 1519 605 1604 mancipium.
638 1520 724 1584 Item
754 1520 850 1606 quod
872 1521 1039 1586 feminino
1063 1534 1097 1587 ot
1119 1535 1242 1587 neutro
1271 1521 1435 1586 convenit
1456 1531 1603 1595 tantum,

135 1635 170 1688 nt
192 1635 298 1709 puter
322 1641 482 1706 magua,
506 1622 592 1686 alta
615 1635 649 1688 et
671 1637 784 1688 cetera
801 1621 899 1700 telie3
923 1623 1072 1688 dicimus
1088 1626 1180 1688 euim
1204 1643 1354 1707 magna
1377 1621 1546 1696 mulier,
1569 1631 1604 1683 et

135 1744 281 1809 magne
310 1723 545 1810 mancipia,
576 1725 661 1788 alta
690 1723 838 1788 domus
867 1738 902 1790 er
923 1725 1010 1790 alta
1033 1725 1199 1812 templa.
1229 1725 1288 1790 Sic
1310 1737 1345 1788 et
1367 1737 1481 1788 celera
1503 1721 1602 1798 talia,

136 1847 218 1912 quae
242 1827 279 1889 in
302 1845 524 1912 quocumque
547 1847 628 1890 casu
652 1826 786 1890 duobus
810 1827 994 1912 generibus
1012 1829 1198 1894 convenire
1215 1829 1436 1915 reperiuntur
1456 1835 1603 1900 rourum,

136 1931 216 1992 haec
240 1929 436 1992 communis
459 1929 596 2013 generis
620 1949 693 1992 esse
715 1931 994 2014 pronuntientur.

215 2025 269 2096 43.
294 2029 383 2094 Sane
406 2031 474 2094 lroc
496 2049 695 2106 monemus,
724 2033 818 2116 quod
842 2033 909 2096 einr
932 2033 1046 2116 aliqua
1069 2031 1212 2095 uomina
1234 2032 1372 2117 generis
1395 2027 1602 2104 communie,

136 2153 219 2218 quae
243 2131 327 2196 lieet
348 2132 504 2196 absolute
526 2135 640 2218 posita
663 2145 696 2197 et
719 2135 793 2220 ipsa
817 2155 892 2198 esee
913 2134 1147 2220 reperientur,
1178 2135 1246 2199 lroc
1269 2147 1336 2211 esf,
1365 2133 1439 2196 siue
1455 2147 1602 2194 nunrero

136 2234 185 2298 rel
202 2236 247 2316 ⁵⁷)
271 2253 398 2318 genere
421 2247 455 2298 ef
471 2227 514 2315 ¹⁸)
542 2255 638 2311 casu,
669 2248 703 2300 ef
724 2255 795 2300 uon
817 2246 953 2300 tantum
975 2237 1020 2300 od
1041 2257 1150 2320 genus
1181 2253 1366 2300 commune
1388 2235 1518 2309 solum,
1542 2230 1604 2296 sed

136 2339 224 2419 et'⁹)
256 2336 299 2399 ad
328 2337 421 2400 aliud
447 2357 557 2421 genus
585 2336 759 2421 pertinere
782 2337 991 2424 probantur,
1019 2349 1176 2424 utpute,
1200 2337 1360 2402 sidicat:
1389 2353 1602 2420 maguum,

137 2441 229 2504 cuius
259 2439 417 2523 generis?
443 2439 565 2522 utique
592 2459 664 2503 uon
688 2438 801 2504 solum
824 2441 1036 2518 communis,
1067 2441 1127 2504 sed
1150 2451 1184 2504 ef
1204 2430 1334 2516 uculri3
1358 2437 1492 2502 scilicet
1514 2455 1603 2521 qno·

135 2541 224 2603 niam
248 2559 440 2625 magnum
463 2541 501 2603 in
522 2541 720 2606 accusativo
743 2554 777 2606 ef
794 2543 985 2606 masculino
1009 2554 1044 2606 et
1064 2555 1189 2606 neutro
1204 2553 1256 2606 est
1274 2560 1383 2627 genus
1401 2555 1602 2613 commuue3

137 2655 168 2706 at
192 2662 278 2707 vero
307 2641 524 2706 nominativo
552 2655 603 2707 eet
632 2663 759 2727 genere
786 2657 920 2708 neutro.
951 2645 1037 2708 Item
1061 2644 1179 2709 docti
1208 2645 1329 2728 utique
1351 2655 1388 2706 ee
1408 2637 1604 2704 eommunis

137 2757 168 2808 et
192 2742 391 2822 masculini,
422 2744 555 2809 scilicet
585 2747 750 2830 quoniam
772 2739 814 2829 ³⁰)
846 2745 959 2811 docti
981 2747 1018 2810 in
1042 2747 1195 2831 genitivo
1219 2765 1265 2809 ex
1285 2739 1329 2829 ³⁵)
1352 2741 1545 2807 masculino
1569 2749 1605 2802 et

136 2858 255 2910 neutro
278 2858 339 2916 est=
352 2847 488 2932 generis
515 2848 728 2924 communis;
757 2860 792 2913 at
817 2867 902 2914 vero
924 2849 1141 2912 nominativo
1165 2861 1216 2912 est
1245 2847 1382 2933 generis
1404 2841 1603 2917 masculini3

137 2961 168 3012 er
194 2949 272 3013 ideo
301 2947 539 3013 absolutorum
567 2951 748 3014 nominum
778 2951 984 3016 conicienda
1005 2945 1049 3034 ³³)
1079 2961 1158 3014 sunt
1187 2969 1330 3034 genero,
1359 2935 1492 3012 scilicet
1514 2963 1604 3028 quo·

135 3051 224 3114 niam
247 3069 321 3114 uon
344 3071 482 3137 semper
503 3051 621 3114 omnia
642 3039 786 3116 nomina
808 3051 966 3118 obsolute
987 3053 1101 3138 posita
1118 3043 1171 3136 ³³),
1195 3051 1265 3116 hoc*
1286 3063 1352 3126 est,
1376 3049 1449 3112 eine
1462 3063 1603 3131 genere,

135 3151 189 3216 vel
210 3173 292 3216 casu
314 3153 370 3216 vel
392 3173 538 3217 numero
561 3153 690 3237 posita,
713 3175 778 3240 per
796 3174 916 3218 omnes
940 3173 1038 3217 casus
1060 3173 1132 3218 uno
1155 3173 1282 3239 genere
1303 3159 1537 3239 perseverant.

217 3257 269 3320 44.
295 3252 430 3319 Omne
449 3275 557 3340 genus
578 3267 644 3332 est,
669 3256 764 3341 quod
783 3256 893 3320 tribus
907 3255 1092 3339 generibus
1113 3256 1296 3332 convenit,
1319 3253 1356 3316 id
1375 3264 1443 3329 esf,
1467 3268 1602 3314 moscu-

135 3353 206 3419 liuo
221 3369 255 3419 et
272 3348 315 3438 34)
339 3354 505 3420 feminino
521 3369 555 3420 et
569 3369 712 3434 neutro,
736 3370 880 3444 utputa:
905 3357 1027 3431 felix,
1051 3359 1224 3441 magnis,
1248 3354 1422 3441 gracilis
1439 3365 1473 3416 et
1489 3364 1604 3416 cetera

133 3455 233 3534 talia3
255 3457 402 3522 dicimus
418 3459 511 3522 euim
525 3458 629 3523 felix
650 3479 763 3547 puer,
788 3473 821 3524 et
844 3459 956 3524 felix
978 3459 1120 3545 puelle
1143 3471 1176 3522 et
1199 3459 1308 3521 felix
1331 3454 1602 3540 mancipium

134 3561 297 3644 magnis
320 3559 467 3646 pueris
498 3554 591 3643 et³⁵)
623 3561 782 3645 maguis
806 3560 963 3647 puellis
987 3572 1020 3624 el
1044 3559 1211 3644 mugnis
1243 3557 1490 3644 mancipiis3
1512 3573 1604 3638 gra·

133 3660 231 3725 cilis
252 3663 378 3748 pueri
394 3651 454 3744 Ψ),
478 3662 658 3746 gracilia
681 3662 851 3749 puellae
873 3675 907 3726 et
929 3663 1104 3747 gracilia
1128 3661 1329 3745 mancipii
1358 3671 1392 3723 et
1417 3670 1531 3723 cetera
1550 3667 1602 3718 la·

134 3761 199 3840 lia,
221 3783 307 3848 quae
331 3765 367 3826 in
390 3783 612 3851 quocumque
635 3785 717 3829 caen
732 3765 841 3829 tribus
856 3764 1040 3850 generibus
1061 3761 1248 3828 convenire
1264 3762 1493 3848 reperiuntur,
1516 3759 1603 3822 baec

132 3865 245 3928 omnis
268 3867 405 3949 generis
429 3887 502 3931 esse
528 3869 810 3951 pronuntiantur.

218 3969 266 4030 45.
291 3967 394 4031 Νιιιιο
417 3969 453 4032 iu
475 3969 529 4032 his
550 3969 751 4033 nominibus
774 3969 912 4053 generis
934 3967 1049 4031 omnia
1064 3959 1108 4051 ³⁷)
1132 3967 1235 4030 etiam
1252 3959 1296 4049 θ’)
1318 3967 1386 4029 boc
1409 3981 1603 4038 monemus,

132 4067 230 4151 quod
251 4069 321 4132 sint
338 4062 381 4153 ι9)
403 4069 520 4164 aliqua
541 4072 702 4147 nomina,
726 4091 814 4157 quae
836 4070 919 4134 licet
941 4069 1097 4134 absolute
1121 4081 1200 4133 sunt
1222 4070 1351 4155 posita,
1380 4069 1447 4130 hoc
1466 4077 1535 4140 esf,
1564 4075 1604 4127 ιιι

132 4189 239 4254 supra
259 4171 334 4234 iam
364 4173 401 4234 iu
430 4191 557 4260 genere
585 4173 764 4238 communi
793 4173 991 4249 docuimus,
1021 4171 1058 4235 id
1080 4186 1132 4236 est
1154 4171 1228 4236 aine
1250 4189 1397 4233 numero
1420 4181 1454 4232 et
1476 4183 1603 4252 genere

128 4270 191 4333 vel
214 4291 308 4348 casu,
332 4285 367 4337 et
387 4293 460 4338 non
482 4287 614 4339 tautum
637 4275 682 4340 ud
703 4294 812 4360 genus
834 4294 939 4339 omne
954 4265 996 4354 ⁴⁰)
1020 4274 1150 4351 solum,
1178 4271 1240 4336 sed
1262 4283 1296 4336 et
1314 4262 1357 4352 ⁴¹)
1380 4271 1424 4334 ad
1441 4259 1485 4352 4’)
1510 4267 1605 4332 eliud

128 4391 244 4456 genus
269 4375 444 4461 pertinere
470 4375 683 4464 probantur,
711 4389 751 4441 ut
777 4389 877 4464 puta,
908 4377 937 4440 εἰ
965 4374 1074 4440 dicat:
1105 4361 1422 4459 gracilis,'ouius
1445 4370 1606 4457 generis?

127 4474 257 4561 ntique
278 4495 350 4541 nou
375 4477 489 4544 solum
512 4479 643 4556 omnis,
671 4478 733 4542 sed
761 4489 796 4542 et
818 4479 1030 4556 communis3
1060 4477 1194 4542 scilicet
1209 4465 1253 4560 ⁴³)
1277 4474 1441 4561 quoniam
1466 4471 1606 4559 greci-

167 4761 212 4830 ”)
229 4769 271 4814 cel
287 4764 362 4817 m.
382 4765 461 4818 =A.
476 4765 512 4835 ἰ)
532 4771 560 4815 el
580 4765 616 4820 V.
628 4765 701 4818 R=
711 4765 748 4818 A.
765 4766 801 4836 ’5)
820 4762 929 4818 felicem
949 4766 984 4820 V.
1000 4763 1036 4818 A.
1051 4794 1086 4808 -
1105 4761 1214 4815 fecilem
1231 4761 1264 4814 P.
1288 4762 1327 4830 ³⁸)
1347 4755 1455 4810 felicem
1475 4753 1606 4810 m.-

242 4839 347 4902 facilem
365 4853 397 4904 Ρ.
424 4855 460 4922 ”)
479 4848 523 4904 rel
543 4853 579 4906 V.
595 4853 625 4905 Ρ.
643 4873 681 4902 =
697 4852 734 4905 A.
759 4853 795 4923 ²⁸)
815 4859 844 4906 sl
860 4852 938 4908 ΚΡ.
953 4849 1044 4905 —rel
1057 4851 1094 4904 A.
1122 4853 1157 4918 ⁹⁹)
1177 4857 1206 4902 et
1224 4848 1303 4902 m.
1316 4867 1401 4896 -ε
1413 4845 1450 4898 A·
1479 4845 1516 4916 ⁸⁰)
1535 4861 1604 4915 quo·

242 4937 313 4990 dam
332 4938 369 4993 V.
384 4969 421 4980 -·
438 4955 519 5011 φιιιι
536 4940 572 4992 A.
599 4942 638 5012 ⁸¹)
657 4955 691 4992 ex
710 4941 745 4994 V.
763 4969 800 4982 -
818 4949 847 4992 er
865 4940 901 4994 A.
927 4942 964 5010 ”)
983 4935 1148 4992 conicienda
1164 4941 1203 4990 ric
1223 4933 1305 4989 V.A.
1333 4936 1369 5007 ³³)
1388 4932 1480 5005 posita
1497 4961 1533 4976 -
1551 4949 1604 5002 op-

243 5025 331 5094 posita
351 5023 434 5080 V.A.
462 5025 500 5096 ⁸⁴>
518 5035 546 5079 al
566 5028 601 5084 V.
619 5049 655 5079 =
669 5029 705 5082 A.
734 5028 770 5096 η)
790 5033 819 5080 al
838 5029 873 5082 V.
889 5049 925 5078 =
940 5026 973 5080 A.
1005 5028 1043 5096 Ιθ)
1062 5025 1142 5097 pueri
1161 5025 1197 5080 V.
1211 5053 1248 5069 -ι
1272 5041 1343 5093 puar
1366 5021 1402 5076 A.
1431 5022 1468 5092 ³⁷)
1495 5021 1603 5089 generis

244 5113 330 5164 omnm
350 5113 386 5166 V.
405 5141 440 5154 -
459 5113 549 5168 omnia
575 5115 683 5186 generis
705 5115 742 5170 A.
768 5117 805 5183 ²⁸)
824 5117 905 5169 aliam
924 5117 959 5171 V.
979 5116 1009 5170 Ρ.
1030 5145 1064 5160 ·-
1084 5121 1113 5165 ef
1130 5112 1165 5166 A.
1194 5115 1230 5183 ³⁸)
1249 5111 1307 5166 sint
1325 5112 1360 5166 V.
1382 5112 1412 5164 Ρ.
1432 5141 1466 5151 -
1483 5116 1550 5161 sunl
1567 5111 1604 5164 A.

246 5197 280 5271 ⁴·)
298 5216 384 5272 genua
394 5215 475 5256 omne
485 5203 523 5259 V.
533 5233 568 5248 -
582 5219 662 5257 omna
679 5219 764 5275 genua
778 5204 815 5259 A.
836 5205 873 5278 ⁴¹)
883 5211 911 5259 cl
923 5203 959 5261 V.
973 5227 1010 5259 =
1026 5204 1063 5260 A.
1083 5203 1120 5274 ⁴¹)
1131 5198 1166 5256 ad
1176 5199 1297 5258 A.=V·
1315 5195 1603 5271 *neomeniae-A.
