4032 6070
586 485 1143 547 rnonrsnsuruon.
1533 501 1601 572 305

156 699 161 706 ,
201 619 286 700 'auu
309 629 375 698 DE
398 631 507 698 ·11Js·.
533 632 783 719 Quaecumque
806 636 949 702 nomina
970 637 1108 722 generis
1131 636 1314 702 masculini
1342 638 1494 707 ablativo
1517 663 1599 708 casu

134 736 263 800 numeri
284 734 471 820 singularis
493 732 552 799 ·0·
575 735 689 800 littera
712 738 958 816 terminantur,
981 751 1015 803 et
1037 740 1253 804 nominativo
1270 762 1352 806 casu
1373 745 1510 808 numeri
1527 747 1599 810 sin·

133 838 254 922 gularis
277 829 438 922 ·1Us·⁸³)
459 836 591 918 syllaba
613 838 839 916 definiuntur,
863 839 879 870 ⁴
896 853 934 904 ut
955 853 1057 926 putas
1086 840 1136 906 ab
1150 833 1194 926 ⁸³)
1217 844 1299 908 hoc
1323 842 1426 910 Gaio
1440 839 1502 932 ⁸⁵),
1526 850 1596 913 hic

135 940 277 1016 Gaius,
301 941 387 1002 haec
402 931 447 1023 ⁸⁶)
468 939 513 1004 ad
535 941 603 1004 boc
624 941 827 1028 exemplum
850 941 1085 1018 declinanturs

144 1081 148 1099 .
206 1041 357 1107 Nunseri
386 1042 587 1128 singularis:
617 1043 688 1107 hic
719 1043 867 1122 Gaius,
899 1045 1026 1109 huius
1061 1045 1142 1113 Gai
1167 1038 1227 1130 ⁸⁷),
1262 1049 1364 1113 hnic
1392 1049 1504 1116 Gaio
1529 1044 1593 1135 ³⁸),
1618 1017 1632 1048 c
1660 1037 1690 1052 '⁸

134 1147 235 1209 huuc
259 1138 487 1228 Gaium⁸⁹),
510 1165 531 1209 n
556 1143 656 1224 Gai,
679 1145 727 1210 ab
750 1148 829 1211 boc
853 1146 975 1224 Gai03
998 1151 1135 1214 numeri
1157 1151 1317 1238 pluralis:
1341 1152 1384 1215 hi
1408 1152 1504 1230 Gai,
1527 1156 1596 1217 ho-

135 1269 215 1312 rum
239 1247 468 1326 Gaiornm,
490 1249 555 1312 bis
579 1246 699 1324 Gaia,
722 1250 799 1313 hos
823 1248 967 1328 Gaios,
991 1271 1013 1315 ο
1038 1250 1134 1329 Gai,
1158 1253 1207 1318 ab
1230 1254 1296 1317 his
1321 1252 1432 1318 Gais.

209 1348 272 1414 Sic
293 1341 417 1414 et‘alia
438 1351 576 1434 generis
605 1351 788 1415 masculini
804 1354 848 1435 9⁰)
877 1354 1038 1430 nomina,
1070 1375 1158 1439 quae
1181 1353 1331 1420 ablativo
1356 1375 1438 1420 casu
1459 1357 1597 1420 numeri

135 1451 311 1536 singularis
342 1449 401 1516 Ὀ·
430 1452 546 1517 littera
571 1453 819 1530 terminantur,
852 1465 887 1518 et
908 1457 1125 1520 nominativo
1149 1477 1231 1523 casu
1252 1459 1389 1522 numeri
1412 1457 1597 1543 singularis

135 1552 223 1618 ·lUS·
247 1552 381 1634 syllaba
403 1553 624 1631 definiuntur,
648 1554 693 1619 ad
706 1557 906 1642 exemplum
932 1556 1011 1622 Gai
1033 1577 1097 1644 per
1118 1577 1240 1624 omnes
1253 1579 1351 1623 casus
1368 1559 1596 1626 declinantur.

207 1657 284 1722 361.
311 1655 415 1720 Nunc
442 1657 491 1744 in¹
507 1659 573 1721 bac
602 1659 837 1744 suprascripta
865 1658 977 1724 forma
1005 1662 1296 1739 heumanmus,
1324 1661 1420 1747 qnod
1443 1664 1511 1726 siut
1533 1660 1598 1727 ali·

18 1771 19 1824 ι
134 1759 252 1844 qua⁹')
275 1759 449 1836 nominas
466 1781 556 1844 quae
582 1760 756 1823 interdum
780 1774 926 1847 propter
954 1775 1066 1826 metra
1087 1763 1144 1827 vel
1167 1776 1354 1828 structuras
1377 1785 1423 1827 ex
1445 1764 1597 1829 ablativo

135 1879 207 1924 casn
227 1861 368 1924 numeri
390 1861 574 1946 singularis
598 1861 655 1926 ·0·
678 1863 838 1927 ultimum
863 1877 897 1928 et
916 1867 960 1948 ⁹¹)
983 1865 1019 1928 iu
1043 1864 1138 1929 ·UM·
1161 1866 1293 1930 litteras
1316 1879 1521 1931 convertant
1541 1859 1598 1950 ⁹³),

134 1975 168 2026 ut
192 1964 394 2047 genetivum
423 1983 539 2028 casnm
562 1965 700 2028 numeri
726 1965 870 2052 pluralis
899 1965 1064 2044 efficiant,
1092 1980 1132 2030 ut
1158 1980 1259 2054 puta:
1290 1967 1339 2032 ab
1367 1970 1448 2032 boc
1471 1968 1597 2044 Gaio,

134 2066 275 2128 burum
307 2064 457 2130 Gaium
477 2062 534 2152 ⁹³).
569 2065 640 2131 Sed
667 2069 772 2144 haec,
804 2089 892 2154 qnae
920 2068 991 2132 sint
1018 2069 1177 2146 nomina,
1214 2081 1339 2155 etqua
1362 2069 1404 2133 de
1428 2090 1530 2134 causa
1553 2086 1598 2133 ex

134 2168 329 2252 supradicto
343 2163 388 2252 ⁹⁵)
411 2187 493 2233 casn
515 2170 689 2234 interdum
712 2183 857 2256 propter
878 2183 989 2235 metra
1009 2171 1065 2236 vel
1088 2183 1276 2234 structuras
1299 2169 1357 2236 ·0·
1379 2170 1540 2236 ultimum
1564 2183 1599 2234 et
1628 2247 1631 2252 Δ
1715 2165 1723 2178 ’

134 2269 166 2331 in
186 2269 283 2333 ·UM·
310 2270 444 2335 litteras
466 2274 671 2336 convertant
685 2265 748 2355 96),
776 2286 816 2337 ιιι
837 2263 1034 2358 genetivum
1059 2293 1176 2337 casum
1198 2273 1336 2336 numeri
1357 2273 1502 2359 pluralis
1524 2271 1598 2337 atfi-

135 2369 219 2435 ciant
233 2375 298 2453 ⁹7),
322 2375 391 2438 hcc
412 2374 450 2436 in
472 2374 590 2439 metris
612 2373 668 2438 vel
691 2377 1134 2461 structuriscompetenter
1155 2373 1378 2440 tractabimus
1393 2369 1448 2459 ⁹⁸).

209 2475 286 2541 ³62.
308 2474 413 2540 Nunc
435 2475 472 2539 in
499 2477 565 2542 bac
595 2476 707 2542 forma
733 2479 871 2562 generis
893 2476 1077 2540 masculini
1094 2479 1155 2560 99),
1180 2495 1249 2563 qna
1270 2476 1423 2541 diximus
1446 2475 1599 2541 ablativo

137 2596 210 2642 casu
230 2579 371 2643 numeri
399 2578 583 2664 singularis
612 2581 757 2646 nomina
780 2581 837 2645 ·0·
865 2580 981 2644 littera
1002 2579 1199 2657 terminari,
1222 2589 1258 2642 et
1277 2579 1494 2644 nominativo
1518 2597 1600 2642 casu

135 2682 266 2745 numeri
292 2681 478 2766 singularis
508 2681 608 2746 ·lUS·
639 2682 770 2764 syllaba
799 2683 935 2747 definiri
960 2681 1029 2761 ¹⁰⁰),
1052 2682 1121 2744 hnc
1151 2687 1351 2758 monemus,
1375 2679 1471 2766 quod
1493 2699 1538 2744 cx
1561 2699 1602 2743 ea

135 2801 201 2847 nnn
221 2804 328 2871 quam
350 2782 495 2870 plurimi
513 2787 538 2868 Ι)
560 2784 654 2862 soni,
677 2786 746 2849 hue
768 2797 838 2866 cst,
860 2803 933 2850 non
956 2801 1062 2870 quant
1083 2782 1236 2870 plurima
1257 2784 1401 2848 nomina
1415 2787 1443 2868 ²)
1464 2783 1601 2870 possint

135 2885 298 2950 exhiberi.
497 2881 500 2890 ’

209 2989 267 3053 De
294 2987 406 3052 forma
431 2989 570 3073 generis
601 2987 804 3067 masculini,
836 3007 905 3074 qua
927 2987 1078 3053 ablativo
1109 3005 1190 3052 casu
1205 2979 1231 3067 3)
1254 2988 1392 3051 numeri
1414 2987 1600 3074 singularis

135 3091 273 3154 nomina
297 3088 358 3155 ·0·
387 3089 502 3154 littera
528 3093 760 3156 terminantur
786 3104 821 3155 et
848 3091 1064 3155 nominativo
1096 3109 1178 3154 casu
1207 3089 1344 3152 numeri
1366 3089 1550 3174 singularis
1570 3082 1599 3173 ⁴)

136 3191 228 3256 ·tus·
250 3190 382 3274 syllaba
404 3193 615 3258 definiuntur
626 3189 672 3276 ⁵),
696 3206 864 3280 quantum
888 3193 975 3256 ratio
998 3191 1183 3279 poscebat,
1206 3191 1438 3254 tractavimus.

213 3295 287 3362 363.
315 3293 380 3360 DE
411 3289 567 3380 ·1U8·⁶).
597 3297 849 3382 Quaecumque
877 3295 1021 3360 nemina
1056 3295 1194 3380 generis
1229 3291 1412 3357 masculini
1448 3293 1600 3359 ablativo

136 3415 214 3462 casn
238 3396 375 3461 numeri
404 3389 589 3482 singularis
619 3395 676 3462 ·O·
705 3398 820 3463 littera
848 3395 1095 3473 terminentur,
1126 3411 1160 3460 et
1186 3394 1401 3460 nominativo
1430 3415 1512 3460 casu
1534 3415 1600 3459 nu-

136 3497 220 3564 mcri
239 3498 425 3584 singularis
449 3499 530 3565 ·Us·
545 3501 574 3583 9)
595 3499 726 3582 syllaba
746 3513 828 3587 pust
849 3491 878 3584 ⁸)
901 3499 938 3562 ·1·
961 3498 1111 3563 litteram
1132 3501 1162 3582 9)
1185 3497 1412 3577 definiuntur,
1438 3509 1599 3584 utputa:

173 3923 215 4000 ⁰)
240 3926 318 3983 ·IUS·
336 3928 370 3982 B.
388 3927 426 3984 V.
441 3927 473 3982 Ρ.
493 3959 529 3974 -
548 3927 614 3986 ·Π5·
633 3928 670 3984 A.
695 3929 732 4002 ⁸⁴)
751 3925 786 3982 ab
807 3930 844 3987 V.
860 3930 896 3983 A.
915 3949 952 3979 =
967 3929 1000 3982 B.
1027 3926 1064 4000 ⁸⁵)
1084 3925 1154 3981 Gaio
1172 3927 1206 3982 Β.
1221 3925 1258 3983 V.
1275 3925 1307 3980 P.
1321 3955 1358 3968 -
1375 3923 1443 3979 Caio
1461 3924 1498 3980 A.
1517 3936 1545 3980 et
1561 3929 1601 3980 sic

241 4027 323 4068 conss
342 4015 379 4090 ⁸⁶)
397 4013 465 4070 baec
484 4018 521 4071 V.
540 4017 576 4070 A.
596 4047 630 4061 -
650 4015 699 4069 lise
718 4017 749 4072 Β.
769 4017 809 4088 ⁸⁷)
831 4015 884 4071 Gai
901 4018 934 4069 Β.
946 4017 1022 4072 V.P.
1033 4047 1069 4058 -
1084 4013 1136 4067 caii
1154 4015 1191 4068 A.
1210 4014 1247 4087 ”)
1267 4012 1337 4069 Gaio
1356 4013 1393 4070 V.
1410 4013 1441 4066 Ρ.
1452 4043 1487 4054 -
1506 4031 1555 4084 qac
1565 4013 1600 4069 Β.

241 4102 297 4156 esic
315 4103 352 4156 A.
372 4105 408 4174 ’9)
427 4103 526 4159 Gaium
545 4105 583 4160 V.
599 4105 631 4158 Ρ.
647 4105 679 4158 Β.
699 4123 733 4158 err
750 4123 801 4160 sm.
819 4125 863 4177 pr.
882 4123 917 4158 m.
936 4135 972 4146 -
992 4103 1080 4158 Ganm
1098 4103 1130 4156 Β.
1150 4121 1169 4156 ιι
1185 4122 1227 4174 pr.
1247 4120 1284 4158 m.
1309 4102 1348 4174 ⁹⁰)
1367 4100 1475 4171 generis
1493 4117 1602 4153 maseu-

239 4187 287 4242 lini
308 4191 342 4244 Β.
371 4191 408 4246 V.
437 4221 474 4235 -
497 4190 642 4246 masculini
661 4193 768 4264 generis
786 4194 823 4246 A.
848 4193 884 4262 ⁹¹)
904 4189 994 4264 aliqua
1011 4192 1044 4246 B.
1064 4191 1101 4246 A.
1121 4220 1156 4232 -
1173 4187 1226 4242 alia
1246 4189 1281 4246 V.
1301 4190 1339 4262 ⁹¹)
1358 4196 1388 4242 el
1404 4189 1438 4243 Β.
1459 4209 1490 4240 =
1510 4188 1547 4245 V.
1563 4189 1600 4245 A.

238 4281 272 4348 ⁹³)
292 4286 454 4332 convertant
470 4280 502 4333 B.
524 4280 559 4333 V.
574 4311 610 4322 -
628 4273 793 4334 convertunt
809 4281 846 4334 A.
870 4282 908 4354 ⁹⁴)
932 4277 967 4335 ab
985 4277 1039 4332 lace
1059 4277 1130 4332 Gaio
1148 4275 1246 4330 berum
1272 4277 1371 4332 Gaium
1388 4277 1421 4330 Β.
1440 4309 1476 4320 -
1493 4273 1527 4328 ab
1546 4275 1602 4329 boc

241 4363 323 4420 Graio
341 4362 440 4418 borum
459 4365 571 4426 Graium
591 4366 627 4422 V.
647 4399 682 4410 -
700 4365 734 4420 ab
753 4365 807 4420 hoe
827 4367 895 4422 Caio
913 4366 1011 4421 lacrum
1031 4365 1160 4422 Cancrum
1179 4366 1210 4419 Ρ.
1228 4366 1312 4419 =A.
1331 4365 1369 4436 ⁹⁵)
1389 4381 1422 4416 ex
1439 4363 1601 4436 supradicte

239 4453 270 4508 Β.
285 4454 322 4509 V.
337 4454 368 4507 Ρ.
391 4455 474 4507 -iu
493 4451 660 4526 supradictis
687 4473 720 4508 ea
738 4453 899 4528 supiadictc
917 4457 955 4510 A.
979 4457 1015 4526 ⁰⁶)
1042 4460 1204 4508 convertant
1222 4455 1252 4508 Β.
1273 4453 1309 4508 V.
1328 4484 1364 4494 -
1382 4461 1545 4506 convertunt
1561 4452 1599 4508 A.

238 4545 274 4612 99)
298 4549 357 4598 ut.
379 4577 386 4592 .
406 4579 412 4594 .
433 4579 440 4594 .
460 4541 580 4617 afficiant
608 4545 640 4598 B.
668 4543 703 4600 V.
728 4545 759 4598 Ρ.
786 4566 823 4595 .-..-
840 4545 876 4598 A.
903 4546 940 4616 ⁹⁸)
967 4539 1145 4598 tractabimus
1165 4542 1252 4598 V.A.
1271 4573 1307 4582 —
1325 4541 1498 4594 tractavimus
1515 4540 1549 4594 B.
1565 4541 1598 4592 P.

238 4633 273 4700 99)
290 4627 374 4682 iluue
392 4667 400 4682 .
419 4665 427 4682 .
446 4667 454 4681 .
472 4671 480 4688 .
501 4629 619 4684 diximus
638 4632 676 4687 V.
694 4635 726 4686 P.
746 4663 782 4674 -
799 4647 874 4684 nune
892 4631 921 4683 in
939 4629 991 4684 bae
1009 4633 1094 4686 forma
1114 4646 1167 4702 qua
1185 4645 1267 4698 supra
1287 4625 1405 4679 dirimas
1424 4625 1532 4696 generis
1543 4645 1599 4680 ms·

238 4715 337 4770 sealiui
356 4717 389 4771 B.
404 4717 442 4770 A.
462 4719 521 4788 (sed
533 4741 570 4769 =
584 4721 691 4792 supra).
721 4725 768 4790 ¹⁰⁰)
787 4717 907 4774 ablativo
927 4735 991 4772 essu
1010 4755 1128 4772 .....
1147 4713 1256 4768 deliniri
1276 4715 1311 4770 V.
1330 4713 1367 4768 A.
1386 4736 1422 4764 =
1439 4715 1472 4767 B.
1501 4715 1524 4787 ¹)
1542 4731 1599 4768 anu

238 4821 317 4875 qnam
341 4803 454 4876 plurimi
470 4806 503 4860 B.
524 4806 561 4862 V.
579 4837 617 4850 -
639 4825 788 4882 numquam
810 4806 924 4882 plurimi
948 4809 980 4860 Ρ.
1004 4837 1040 4850 -·
1058 4801 1252 4878 quamplurimi
1276 4803 1313 4856 A.
1332 4805 1372 4856 t'ttt
1388 4812 1416 4855 st
1436 4819 1500 4854 mus
1514 4807 1598 4874 infra.

239 4894 263 4963 ¹)
279 4889 333 4946 buc
352 4901 397 4947 est
415 4930 422 4946 .
442 4931 449 4944 .
470 4931 477 4946 .
497 4931 504 4946 .
523 4895 635 4950 nemius
654 4895 691 4951 V.
707 4897 743 4951 A.
762 4919 799 4950 :a
815 4898 848 4952 Β.
869 4898 893 4968 ³)
913 4912 979 4948 casu
998 4895 1035 4951 V.
1052 4915 1088 4944 ε.-
1105 4893 1142 4946 A.
1170 4894 1196 4962 9)
1214 4889 1325 4943 nomina
1344 4926 1461 4942 .....
1478 4887 1599 4960 siugula-

239 4979 274 5034 sis
292 4980 330 5037 V.
348 4981 380 5034 Ρ.
398 5001 435 5030 =
452 4980 489 5038 A.
509 4983 532 5053 ⁵)
551 4983 658 5052 generis
677 4982 822 5038 masculini
840 5021 958 5039 .....
978 4975 1146 5034 desmiun‘tur
1165 4979 1249 5038 V.A.
1267 4999 1303 5028 =
1320 4978 1354 5031 B.
1373 4977 1397 5050 ⁶)
1417 4976 1502 5034 ·IUS·'
1517 4976 1557 5032 ΒΓ
1561 4980 1598 5032 A.

238 5097 271 5120 s·-
289 5067 357 5126 ·US·
377 5069 413 5126 V·
434 5074 458 5139 9)
477 5069 543 5126 ·Us·
563 5071 597 5128 Β.
618 5073 653 5128 V.
672 5073 711 5132 A.
729 5103 766 5122 -·
783 5072 865 5131 ·ws·
884 5074 916 5128 Ρ.
944 5075 967 5142 ’)
987 5079 1052 5146 post
1069 5100 1103 5114 -
1122 5077 1186 5124 aute
1212 5069 1244 5122 B.
1265 5067 1301 5121 V.
1322 5067 1358 5120 A.
1383 5067 1406 5138 9)
1424 5064 1543 5122 litteram
1562 5067 1598 5122 V.

238 5155 272 5208 A.
290 5185 327 5202 ·-
343 5153 450 5212 literam
469 5157 502 5214 Β.
520 5158 547 5216 t.
566 5164 586 5215 l.
772 5149 775 5154 ¹

1317 5249 1360 5313 20
