4032 6070
422 535 492 608 avt
890 525 1447 588 rnonransurrvon.

316 675 344 722 V·
362 679 412 726 ²¹⁶·
426 681 563 747 numeri
586 680 770 767 singularis
794 679 899 744 ·V11t·
923 675 1053 760 syllaba
1076 675 1230 752 deliniri,
1254 677 1322 739 hoo
1345 693 1545 751 monemus,
1575 674 1671 761 qnod
1696 675 1768 742 sittt
1786 677 1901 763 aliqua

425 785 567 848 nomina
585 787 646 870 ⁷⁰),
672 805 759 870 quae
783 782 955 846 interdum
979 791 1125 866 propter
1147 790 1256 842 metra
1284 776 1339 840 vel
1362 789 1550 841 structuras
1580 777 1731 844 ablativo
1748 784 1793 862 ⁷¹)
1816 801 1899 846 casu

327 881 398 936 c⁰¹·b·
423 886 560 950 numeri
589 885 773 972 singularis
796 884 854 952 ·0·
875 883 1037 947 ultimum
1061 895 1094 946 et
1114 883 1156 963 7’)
1179 881 1215 944 in
1239 877 1333 942 ttttt·
1362 879 1493 943 litteras
1513 871 1554 963 7’)
1578 893 1798 960 convertant,
1824 882 1839 913 ⁴*
1856 897 1894 948 ut

422 989 621 1071 genetivum
648 1009 763 1052 casum
791 987 929 1050 numeri
957 984 1101 1070 pluralis
1129 982 1296 1058 alliciant,
1325 994 1484 1067 utputa:
1514 981 1564 1046 ab
1587 985 1669 1047 boc
1691 982 1799 1060 viro,
1824 988 1895 1050 bo·

422 1109 511 1152 rum
535 1092 670 1154 virum
688 1085 740 1173 τί).
765 1089 834 1154 Sed
858 1091 959 1162 haec,
983 1107 1072 1172 quae
1096 1087 1165 1150 sint
1186 1085 1347 1160 nomina,
1370 1098 1405 1148 ct
1428 1105 1497 1168 qua
1512 1076 1554 1164 ⁷⁸)
1577 1084 1620 1148 de
1644 1105 1746 1150 causa
1769 1107 1815 1152 ex
1837 1109 1895 1152 su·

419 1193 579 1276 pradicto
604 1215 685 1256 casu
708 1193 880 1255 interdum
903 1203 1049 1276 propter
1071 1202 1180 1252 metra
1206 1180 1247 1269 ⁷⁶)
1275 1186 1330 1250 vel
1362 1198 1550 1249 structuras
1581 1185 1638 1250 ·O·
1665 1187 1828 1253 ultimum
1861 1205 1893 1256 et

419 1293 457 1354 in
488 1293 583 1356 ·UM·
612 1294 742 1358 litteras
768 1295 809 1375 77)
839 1303 1059 1366 convertant,
1083 1303 1121 1354 ut
1149 1289 1347 1375 genetivum
1376 1308 1493 1352 casum
1522 1289 1660 1354 numeri
1686 1290 1832 1376 pluralis
1852 1285 1894 1377 7’)

420 1395 586 1474 eliciant,
611 1397 737 1461 hocin
760 1396 879 1460 metris
901 1395 957 1458 vel
980 1395 1161 1458 structuris
1184 1403 1424 1477 competenter
1445 1390 1669 1456 tractabimus
1686 1396 1740 1476 77).

504 1501 576 1563 stt.
602 1497 692 1562 Sane
715 1519 760 1562 ex
782 1500 847 1562 hac
868 1493 910 1579 ⁸⁰)
940 1496 1050 1559 torma
1078 1495 1215 1580 generis
1240 1493 1441 1580 masculini,
1472 1513 1540 1578 qua
1563 1493 1716 1558 diximus
1738 1493 1890 1561 ablativo

418 1619 499 1662 casu
517 1595 559 1681 ³¹)
581 1602 718 1664 numeri
741 1599 924 1684 singularis
946 1598 1091 1662 nomina
1113 1595 1171 1660 ·0·
1192 1595 1306 1660 littera
1322 1595 1502 1660 terminari
1522 1607 1556 1658 et
1577 1596 1794 1662 nominativo
1808 1619 1891 1662 casu

417 1703 553 1765 numeri
576 1703 760 1788 singularis
784 1701 889 1764 ·Vlli·
913 1699 1043 1782 syllaba
1066 1699 1220 1775 definiri,
1245 1700 1313 1762 hoc
1335 1717 1533 1773 monemus,
1564 1698 1660 1782 quod
1682 1699 1761 1784 plus
1784 1720 1890 1784 quarn

415 1824 504 1868 unus
528 1825 632 1869 sonus
649 1799 703 1888 ³¹),
727 1806 794 1868 boc
817 1815 879 1881 cst,
903 1823 1007 1888 quam
1021 1793 1062 1883 ⁸³)
1085 1819 1193 1864 unum
1217 1800 1453 1886 supradictum
1476 1819 1605 1865 nomen
1627 1815 1709 1865 non‘
1721 1803 1834 1888 possit
1847 1794 1890 1884 ⁸³)

416 1905 584 1972 exbiberi.
998 1957 1003 1972 .

499 2010 552 2072 De
576 2008 687 2073 torma
709 2009 846 2094 generis
870 2006 1069 2084 masculini,
1094 2026 1162 2092 qua
1185 2003 1335 2070 ablativo
1352 2024 1434 2068 casu
1456 2005 1593 2068 numeri
1615 2003 1800 2091 singularis
1822 2026 1889 2071 no·

367 2163 372 2174 .
414 2111 507 2174 mina
540 2111 597 2176 ·0·
631 2111 745 2174 littera
779 2110 1011 2175 terminantur
1045 2120 1079 2171 et
1113 2109 1329 2172 nominativo
1360 2127 1441 2170 casu
1476 2093 1623 2170 numeri
1643 2107 1829 2192 singularis
1847 2099 1889 2190 ⁸⁵)

413 2211 518 2276 ·Vlli·
542 2212 671 2295 syllaba
693 2212 921 2288 deliniuntur,
946 2223 1113 2297 quantum
1138 2209 1225 2273 ratio
1249 2208 1433 2304 poscebat,
1456 2209 1680 2275 tractavimus
1702 2201 1757 2291 ἰῑ).

496 2317 568 2381 343.
598 2315 662 2378 DE
692 2312 773 2376 ·US·
804 2313 1054 2398 Quaecumque
1085 2311 1227 2374 nomina
1254 2311 1395 2394 generis
1416 2307 1599 2376 masculini
1626 2311 1777 2376 ablativo
1802 2331 1887 2376 casu

305 2401 310 2416 ⁸
411 2416 547 2478 numeri
564 2414 748 2498 singularis
772 2414 830 2479 ·0·
854 2415 968 2502 littcrp
990 2413 1220 2477 terminantur
1243 2425 1276 2476 et
1307 2414 1523 2478 nominativo
1547 2433 1629 2478 casu
1650 2414 1789 2478 numeri
1812 2415 1885 2478 sin-

410 2516 540 2600 gularis
564 2515 644 2580 ·US·
667 2516 792 2579 litteris
814 2531 894 2602 post
917 2527 1166 2581 consonantem
1190 2515 1410 2590 definiuntur,
1434 2528 1473 2579 ut
1495 2529 1593 2602 puta.
1622 2515 1671 2580 ab
1695 2517 1776 2580 boc
1800 2529 1886 2580 tau-

411 2633 476 2691 ro,
499 2616 569 2680 hic
591 2629 736 2682 taurus
755 2611 813 2697 ¹¹t),
838 2621 923 2682 baec
946 2618 989 2682 ad
1012 2619 1079 2680 hoc
1101 2617 1302 2702 exemplum
1326 2617 1560 2682 declinantur:

494 2718 639 2782 Numeri
662 2719 860 2803 singularis:
887 2721 1147 2794 tristamus,
1176 2718 1302 2781 buius
1326 2719 1459 2796 tauri,
1482 2719 1583 2782 buio
1604 2732 1746 2795 tauro,
1769 2721 1883 2784 bunc

409 2831 596 2898 taurum,
625 2841 646 2886 o
677 2835 817 2897 taure‚
846 2820 894 2884 ab
927 2823 1005 2884 boc
1032 2833 1172 2895 tauro;
1203 2833 1237 2885 et
1265 2820 1460 2905 pluraliter:
1493 2821 1538 2884 bi
1568 2822 1697 2896 tauri,
1728 2823 1882 2886 borum

408 2934 649 3001 taurorum,
674 2924 740 2988 his
763 2924 920 2998 tauris,
944 2923 1016 2985 hos
1039 2934 1206 2996 tauros,
1230 2943 1251 2987 o
1275 2923 1401 2999 tauri,
1426 2921 1475 2986 ab
1499 2922 1567 2985 bis
1590 2924 1736 2990 tauris.

494 3023 553 3090 Sic
576 3036 610 3088 et
632 3025 698 3088 alia
720 3026 857 3109 generis
880 3024 1062 3088 masculini
1084 3017 1126 3104 ⁸⁸)
1157 3025 1318 3100 nortona,
1347 3045 1436 3109 quae
1464 3023 1616 3090 ablativo
1639 3045 1722 3090 casn
1744 3029 1882 3091 numeri

349 3119 352 3126 ’
408 3125 591 3209 singularis
622 3126 679 3191 ·0·
711 3127 825 3190 littera
856 3127 1103 3202 terminantur,
1135 3140 1169 3190 et
1191 3127 1407 3191 nominativo
1431 3146 1513 3191 casu
1535 3128 1671 3191 numeri
1693 3129 1882 3212 singularis

408 3227 489 3291 ·US·
512 3227 635 3295 litteris
658 3242 738 3316 post
761 3241 1010 3294 consonantem
1033 3229 1262 3308 definiuntur,
1286 3229 1330 3294 ad
1353 3228 1554 3314 exemplum
1577 3231 1693 3296 tauri
1715 3251 1782 3322 per
1805 3250 1882 3294 otn-

406 3348 467 3392 ncs
491 3349 589 3393 casus
614 3331 840 3396 declinantur.

491 3433 563 3498 343.
598 3431 688 3496 Sane
719 3435 754 3496 in
785 3436 850 3497 hac
873 3432 984 3497 torma
1006 3435 1143 3518 generis
1167 3433 1365 3507 masculini,
1390 3453 1460 3519 qna
1482 3432 1635 3498 diximus
1658 3427 1703 3516 ⁸⁹)
1724 3431 1879 3498 ablativo

405 3553 486 3596 casn
508 3535 644 3598 numeri
667 3535 851 3620 singularis
884 3537 1027 3598 nomina
1050 3535 1108 3600 ·0·
1131 3536 1244 3600 littera
1266 3536 1465 3614 terminari,
1499 3549 1533 3601 et
1555 3535 1772 3601 nominativo
1798 3556 1878 3600 casu

402 3635 539 3698 numeri
563 3637 747 3720 singularis
772 3637 854 3702 ·US·
876 3637 1000 3701 litteris
1022 3651 1102 3723 post
1126 3652 1373 3702 consonantem
1398 3638 1553 3712 deliniri,
1585 3641 1653 3702 boc
1675 3657 1880 3713 monemus,

404 3737 498 3822 quod
523 3739 606 3801 baec
629 3751 794 3823 quattuor
814 3741 957 3802 nomina
980 3751 1128 3816 tantum,
1148 3741 1184 3804 id
1207 3753 1257 3804 est
1272 3744 1329 3822 ⁰⁰),
1352 3761 1480 3816 nnus,
1503 3739 1640 3816 ullus,
1663 3739 1875 3822 nullus⁹¹)‚

403 3837 534 3914 solus,
558 3842 816 3924 quammaxime
830 3854 976 3926 propter
997 3854 1184 3906 structuras
1199 3845 1361 3926 genetivo
1375 3855 1410 3906 et
1432 3842 1548 3906 dativo
1573 3861 1654 3906 casu
1676 3845 1816 3906 numeri
1832 3847 1877 3924 ⁹²)

447 4143 483 4210 7·)
502 4141 610 4194 nomina
623 4145 655 4196 tt.
667 4145 702 4196 V.
716 4146 748 4198 P.
763 4167 800 4194 =
815 4145 851 4200 A.
871 4145 907 4216 ²¹)
922 4140 1040 4198 ablativo
1057 4146 1092 4200 V·
1105 4146 1141 4198 A.
1152 4175 1188 4188 ·-
1202 4163 1234 4196 ex
1247 4141 1364 4198 ablativo
1378 4147 1408 4198 B.
1431 4149 1466 4211 2')
1484 4153 1512 4198 et
1525 4145 1558 4198 B.
1569 4145 1606 4198 V.
1622 4146 1654 4197 P.
1669 4167 1706 4198 .·.-..
1721 4143 1758 4198 A.
1779 4149 1816 4218 ⁷¹)
1832 4144 1878 4198 lit·

509 4238 579 4280 tcraa
598 4232 633 4285 V.
645 4233 681 4284 A.
694 4261 730 4272 -
745 4230 835 4284 littera
850 4233 880 4284 B.
901 4233 937 4301 7’)
952 4231 1037 4283 virum
1053 4234 1084 4285 B.
1097 4233 1132 4286 V.
1142 4265 1175 4274 -
1186 4234 1303 4286 virorum
1318 4233 1353 4285 A.
1375 4235 1410 4302 ⁷⁵)
1427 4251 1480 4304 qua
1497 4234 1532 4288 V.
1543 4232 1580 4286 A.
1591 4237 1704 4305 -Jquae
1718 4233 1749 4288 B.
1771 4233 1808 4302 ⁷⁶)
1818 4251 1877 4286 aare·

508 4325 548 4369 tra
562 4319 597 4372 V.
614 4319 651 4372 A.
665 4349 703 4362 -
716 4329 816 4371 metrae
831 4321 862 4372 B.
883 4321 919 4392 77)
937 4328 965 4371 et
979 4320 1007 4372 in
1026 4319 1101 4374 ·Utt·
1118 4319 1223 4375 litteras
1240 4351 1275 4363 -
1288 4321 1317 4372 ἰιι
1336 4319 1411 4375 Ulli·
1427 4319 1534 4372 litteras
1544 4321 1577 4374 B.
1592 4353 1628 4364 -
1647 4327 1675 4372 ct
1689 4320 1718 4371 in
1734 4319 1813 4373 ·UM·
1828 4319 1877 4373 tit-

508 4405 574 4458 teris
593 4407 630 4462 V.
646 4439 680 4448 -
700 4416 727 4460 et
740 4409 771 4460 in
789 4393 915 4460 ultimum
931 4409 961 4460 P.
972 4437 1007 4450 -
1022 4409 1051 4460 in
1068 4409 1111 4462 ·0·
1129 4409 1230 4464 litteris
1247 4413 1280 4466 A.
1303 4411 1339 4481 7’)
1356 4410 1511 4480 genetivum
1528 4426 1620 4462 casum
1635 4409 1741 4462 numeri
1758 4407 1877 4479 pluralis

507 4493 538 4546 B.
552 4494 588 4547 V.
603 4523 635 4536 -
650 4496 797 4565 genitivum
812 4495 943 4568 pluralem
962 4496 998 4550 A.
1013 4529 1049 4540 -
1065 4499 1213 4567 genitivum
1228 4499 1333 4551 numeri
1349 4494 1463 4568 pluralis
1478 4500 1508 4550 P.
1536 4500 1572 4564 77)
1590 4494 1768 4551 tractabimus
1787 4498 1825 4550 V.
1840 4498 1879 4550 A.

505 4584 733 4636 —tractavimus
753 4586 786 4637 B.
814 4585 850 4654 ¹⁰)
869 4581 920 4636 bac
938 4585 969 4638 B.
989 4584 1024 4639 A.
1044 4607 1079 4636 =
1100 4587 1135 4640 V.
1164 4589 1201 4656 ⁸¹)
1221 4584 1339 4639 ablativo
1359 4603 1424 4636 casu
1442 4586 1475 4640 Β.
1496 4585 1532 4640 V.
1552 4585 1589 4640 A.
1608 4613 1645 4626 ·-
1662 4581 1813 4636 ablativum
1829 4603 1877 4636 ca-

505 4689 565 4724 sum
584 4673 615 4724 P.
635 4673 672 4740 ⁸²)
692 4689 762 4723 anus
781 4689 866 4726 sonus
886 4673 921 4726 V.
942 4674 976 4724 A.
995 4703 1031 4714 -
1050 4691 1134 4725 urium
1152 4691 1249 4726 sensim
1269 4675 1300 4726 Β.
1320 4675 1355 4744 ’7)
1375 4691 1456 4744 qnam
1475 4674 1506 4726 tt.
1524 4673 1606 4726 V-A.
1624 4693 1661 4722 =
1678 4672 1709 4727 P.
1730 4674 1769 4742 ”)
1781 4673 1877 4744 possit

504 4760 537 4811 B.
547 4759 584 4814 V.
594 4760 629 4815 A.
648 4781 684 4810 =
703 4760 732 4811 P.
753 4761 788 4828 ⁸⁵)
809 4758 854 4812 Ὀ·
874 4756 1036 4813 littera....
1052 4760 1198 4831 singularis
1219 4762 1255 4816 V.
1274 4785 1311 4812 =
1328 4761 1364 4815 A.
1385 4760 1420 4828 “t
1441 4761 1485 4812 Dc
1503 4761 1588 4818 ¹torma
1598 4797 1680 4815 .....
1697 4763 1878 4814 tractavimus

508 4847 542 4898 V.
563 4846 599 4900 A.
619 4881 654 4896 -
682 4847 724 4900 De
751 4846 910 4919 supradicte
934 4847 1020 4901 torma
1047 4850 1153 4919 generis
1172 4847 1333 4910 masculini,
1352 4858 1484 4920 quantum
1504 4847 1572 4900 ratio
1590 4845 1727 4918 poscebat
1746 4851 1879 4900 tramari-

506 4950 565 4984 mus
583 4935 615 4986 B.
637 4932 737 5006 ”ibic
757 4945 850 4997 taurus
868 4939 902 4990 B.
923 4937 958 4993 V.
977 4961 1014 4988 =
1031 4939 1067 4991 A.
1095 4939 1131 5007 ⁸⁸)
1159 4937 1267 5006 generis
1286 4933 1430 4989 masculini
1450 4939 1486 4992 V.
1501 4939 1533 4990 B·
1545 4939 1574 4989 P.
1593 4937 1678 4990 ΞΑ.
1704 4937 1742 5008 ’7)
1763 4939 1878 5006 generis

505 5018 650 5075 masculini
675 5041 728 5094 qua
752 5021 870 5078 diximus
889 5027 922 5079 B.
943 5027 978 5080 V.
997 5043 1104 5098 -qua
1123 5023 1242 5078 (tisianus
1268 5025 1377 5094 generis
1396 5023 1540 5078 masculini
1559 5026 1596 5079 A.
1616 5029 1653 5094 t⁰)
1672 5020 1702 5076 id
1722 5033 1766 5077 cat
1785 5025 1818 5076 B.
1841 5027 1881 5078 V.

505 5105 537 5159 P.
556 5129 592 5157 =
609 5109 644 5160 A.
664 5111 700 5178 ⁹¹)
721 5107 792 5163 ullus
811 5111 903 5166 nullus
923 5113 959 5170 V.
979 5115 1009 5168 1³.
1029 5145 1062 5158 -
1082 5109 1150 5166 aliua
1170 5109 1262 5166 nullus
1280 5113 1314 5167 B.
1334 5143 1369 5156 -
1386 5109 1479 5166 nullus
1499 5109 1570 5166 ullus
1588 5115 1622 5168 tt.
1652 5116 1688 5179 ³¹)
1708 5111 1820 5168 numeri
1840 5113 1880 5168 V.

452 5231 457 5242 .
505 5192 540 5247 A.
559 5222 595 5235 -
613 5196 717 5248 uoueri
735 5197 766 5249 B.
