4032 6070
550 552 1107 612 recusassuruos.
1494 561 1565 636 207

117 705 180 770 AB·
208 700 370 768 litteris
397 712 494 788 post
521 715 822 766 consonantem
854 703 1125 769 deliniuntur
1145 707 1198 790 ¹⁰).
1222 703 1474 792 Quaecumque
1497 727 1562 773 no-

114 809 188 872 niua
209 803 346 890 generis
376 803 561 868 masculini
580 806 622 886 ¹¹)
645 807 807 890 genetivo
829 805 884 868 vel
907 806 1025 870 dativo
1049 827 1131 871 casu
1153 809 1289 873 numeri
1313 797 1498 895 singularis
1520 811 1564 892 ”)

115 907 179 973 ·hE·
199 907 323 979 litteris
344 918 425 991 post
447 919 696 972 consonantem
724 909 951 983 deliniuntur,
981 920 1016 971 et
1044 921 1163 996 aptota
1185 933 1258 975 esse
1285 931 1357 975 non
1382 913 1565 974 inveniun-

114 1025 172 1086 tur,
193 1013 277 1073 haec
300 1007 459 1092 indigent
485 1009 562 1073 aliis
586 1007 721 1072 casibus
744 1031 807 1096 per
830 1030 917 1096 quos
940 1023 1130 1096 appareant
1150 1005 1193 1096 ¹³)
1224 1013 1393 1097 adquam
1419 1013 1564 1077 formam

115 1105 268 1200 pertinere
292 1111 519 1196 reperiantur.
545 1110 706 1176 Ceterum
723 1111 872 1175 ablativo
887 1133 967 1176 casu
990 1115 1126 1178 nunteri
1146 1115 1329 1198 singularis
1352 1115 1395 1178 ad
1419 1115 1563 1178 formam

117 1214 308 1281 Catilinae
340 1232 406 1276 nec
435 1232 507 1277 non
536 1226 570 1278 et
599 1213 806 1278 Anchisae
838 1213 1073 1293 declinantur,
1104 1229 1138 1280 et
1167 1216 1246 1280 ideo
1275 1215 1415 1279 eosdem
1447 1237 1563 1294 casus,

115 1315 221 1402 quibus
247 1313 406 1400 indigent
430 1306 474 1399 ’1)
509 1315 717 1392 subicimus,
755 1327 794 1380 nt
821 1329 1011 1404 appareant
1037 1337 1102 1403 per
1138 1337 1226 1403 quos
1259 1337 1357 1382 casus
1387 1317 1432 1382 ad
1460 1339 1564 1402 quam

117 1419 241 1486 lormam
257 1410 300 1500 ¹⁵)
323 1418 498 1504 pertinere
517 1409 560 1498 ¹⁴³)
582 1417 809 1504 reperiantur.
1414 1491 1418 1496 ¹

186 1522 254 1590 191.
286 1519 404 1603 Quare
432 1538 673 1604 quaecumque
700 1521 841 1584 nomina
871 1521 1009 1605 generis
1038 1519 1221 1585 masculini
1244 1521 1406 1605 genetivo
1429 1519 1484 1585 vel
1507 1521 1565 1584 da·

118 1625 172 1688 tivo
193 1642 281 1694 ‚casn
308 1621 446 1686 numeri
474 1621 660 1705 singularis
692 1620 773 1686 ·AE·
804 1621 926 1687 litteris
955 1635 1037 1710 post
1059 1635 1307 1688 consonantem
1338 1622 1568 1700 deliniuntur,

119 1727 139 1788 si
161 1723 408 1788 nominativum
437 1722 493 1786 vel
521 1723 755 1787 accusativum
787 1745 904 1789 casum
926 1727 968 1808 ²⁷)
1000 1725 1137 1789 numeri
1160 1725 1361 1809 singularis,
1384 1725 1439 1788 vel
1463 1723 1568 1787 alium

118 1823 288 1910 quemlibet
310 1843 426 1888 casum
449 1825 586 1888 numeri
609 1824 753 1909 pluralis
775 1829 820 1891 ad
843 1827 988 1890 lormam
1013 1826 1226 1892 Catilinae
1256 1826 1367 1889 lacere
1390 1827 1571 1912 reperiun-

119 1939 162 1990 tur
182 1921 237 2009 ²¹)‚
267 1938 350 1990 tunc
376 1927 462 1989 haec
489 1946 553 2011 per
583 1939 716 1992 ceteros
746 1949 844 1992 casus
871 1928 915 1992 ad
938 1949 1061 1994 sonum
1094 1926 1570 1994 Catilinaedeclinantur.

188 2031 254 2096 195.
279 2027 530 2112 Quaecumque
550 2041 663 2092 autem
687 2031 829 2094 nomina
851 2031 988 2116 generis
1008 2031 1191 2096 masculini
1207 2029 1369 2114 genetivo
1384 2028 1438 2091 vel
1454 2028 1571 2092 dativo

121 2151 184 2195 casu
204 2130 339 2194 numeri
361 2129 546 2214 singularis
568 2129 651 2194 ·AE·
674 2131 797 2196 litteris
821 2131 1042 2212 definiuntur,
1066 2133 1095 2197 si
1114 2133 1368 2196 nominativum
1391 2130 1446 2193 vel
1470 2149 1572 2193 accu-

120 2232 246 2296 sativum
270 2251 387 2295 casum
409 2233 546 2295 numeri
569 2231 753 2317 singularis
772 2234 814 2315 ²⁹)
838 2233 881 2297 ad
902 2231 1047 2298 lormam
1070 2233 1233 2298 Aeneae
1257 2233 1368 2296 iacere
1391 2232 1572 2319 reperiun-

121 2345 179 2410 tur,
198 2345 279 2398 tnnc
301 2335 387 2398 haec
408 2354 472 2420 per
494 2347 628 2400 ceteros
651 2355 750 2400 casus
772 2335 816 2398 ad
839 2355 964 2398 sonum
979 2329 1022 2419 ³⁰)
1045 2334 1209 2398 Aeneae
1232 2333 1461 2423 declinantur.

191 2437 257 2506 1911.
284 2435 535 2522 Quaecumque
559 2455 640 2500 vero
663 2437 807 2502 nomina
829 2437 966 2521 generis
987 2437 1169 2500 masculini
1192 2435 1353 2520 genetivo
1376 2434 1432 2498 vel
1455 2434 1572 2497 dativo

123 2557 188 2602 casu
206 2539 341 2602 numeri
364 2538 549 2622 singularis
571 2539 653 2604 ·AE·
677 2539 800 2604 litteris
823 2551 903 2626 post
926 2549 1175 2603 consonantem
1199 2535 1427 2611 deliniuntur,
1457 2536 1487 2598 si
1509 2555 1573 2598 no·

123 2641 323 2718 minaticum,
352 2654 412 2703 aut
441 2641 674 2704 accusativum
702 2641 759 2705 vel
786 2641 983 2704 vocativum
1013 2659 1130 2704 casum
1155 2631 1197 2719 ³¹)
1228 2635 1367 2700 numeri
1389 2636 1574 2721 singularia

123 2741 157 2804 sd
175 2741 314 2806 formam
338 2741 554 2806 Anchisae
568 2736 610 2826 3’)
633 2741 746 2830 lacere
769 2743 1000 2830 reperiuntur,
1024 2753 1107 2805 tnnc
1128 2742 1215 2804 haec
1236 2759 1301 2825 per
1322 2750 1456 2804 ceteros
1475 2759 1574 2802 casus

124 2842 159 2905 sd
176 2863 294 2906 sonum
312 2837 356 2927 ³³)
376 2843 586 2908 Anchisae
603 2835 645 2926 31)
668 2843 886 2908 declinantur
904 2833 957 2925 ³⁵).

194 2948 260 3014 197.
290 2945 349 3010 De
383 2946 586 3010 vocativo
622 2965 726 3010 casn
760 2945 924 3008 numeri
951 2943 1200 3029 singularis,
1238 2943 1309 3027 qui
1345 2941 1396 3006 ·A·
1425 2941 1576 3004 litters

124 3059 202 3128 post
222 3061 524 3112 consonantem
548 3040 875 3132 te'rminaturffi).
901 3047 1152 3131 Quaecumque
1175 3045 1320 3108 nomina
1341 3041 1479 3126 generis
1503 3061 1575 3103 ma·

126 3147 230 3212 sculini
258 3151 420 3213 vocativo
450 3169 532 3213 casu
559 3149 696 3212 numeri
727 3148 910 3234 singularis
944 3147 995 3210 ·A·
1018 3147 1132 3211 littera
1157 3139 1199 3228 ³⁷)
1221 3158 1302 3230 post
1324 3153 1573 3207 consonantem

125 3251 350 3328 tenuinantur‚
379 3250 441 3314 *et
464 3264 582 3337 aptota
610 3270 778 3316 essenon
806 3250 1046 3323 inveniuntur,
1070 3249 1155 3310 haec
1179 3247 1337 3331 indigent
1356 3237 1399 3327 ³⁸)
1432 3243 1508 3308 aliis
1530 3237 1573 3328 ³⁹)
1599 3261 1672 3314 eun.

125 3351 240 3418 casibus
262 3374 327 3440 per
348 3374 439 3438 quos
470 3365 660 3439 appareant
689 3353 860 3437 adquam
885 3349 1032 3416 turmam
1062 3349 1238 3435 pertinere
1261 3346 1493 3432 repensatum
1518 3365 1576 3408 ce·

126 3461 216 3516 terum
237 3457 399 3540 genetivo
423 3455 478 3520 vel
501 3455 652 3520 ablativo
677 3475 758 3518 casu
775 3449 815 3534 1’)
838 3453 975 3516 numeri
998 3450 1182 3535 singularis
1205 3449 1249 3512 ad
1264 3439 1306 3530 1’)
1331 3448 1476 3511 formam
1502 3445 1576 3511 Ca·

126 3553 256 3620 tiliuae
280 3557 516 3633 declinantur,
547 3570 581 3621 et
604 3557 682 3620 ideo
712 3555 850 3618 eosdem
875 3573 992 3631 casus,
1021 3552 1147 3638 quibus
1170 3552 1344 3635 indigent,
1375 3547 1576 3636 subicimus,

125 3665 154 3718 nt
170 3672 353 3743 appareant
381 3679 445 3746 per
472 3679 559 3744 quos
590 3678 688 3722 casus
712 3657 883 3741 adquam
915 3656 1061 3720 formam
1084 3654 1259 3740 pertinere
1289 3651 1507 3736 reperiantur
1522 3641 1576 3732 1’).

161 3895 190 3960 1’)
214 3889 380 3946 deliniuntur
398 3894 435 3947 V.
454 3923 490 3936 -
511 3889 640 3944 delinitur
657 3891 693 3944 A.
717 3893 826 3944 Titulus
842 3895 871 3944 irs
888 3891 921 3944 B.
939 3901 996 3942 est.-
1022 3887 1064 3939 De
1092 3885 1211 3957 genitivo
1232 3893 1259 3936 ct
1279 3881 1370 3936 dativo
1390 3884 1495 3936 nometi
1515 3884 1579 3956 (sic)

214 3979 368 4051 singulnris.
387 3981 425 4052 Ἰ)
444 3980 552 4050 generis
570 3976 715 4030 masculini
733 3979 766 4032 Β.
783 3979 820 4034 V.
838 4001 876 4028 ·..-.
891 3979 926 4031 A.
949 3982 985 4047 ¹¹)
1005 3975 1126 4046 genitivo
1145 3971 1188 4026 sal
1208 3970 1299 4024 dativo
1319 3987 1384 4022 casu
1404 3971 1509 4022 numeri
1523 3971 1580 4022 sin·

214 4066 310 4138 gusteris
331 4069 367 4123 V.
384 4069 417 4121 B.
436 4070 496 4136 (ssd
511 4091 544 4120 =
564 4073 642 4138 casu)
659 4099 696 4109 -
714 4083 779 4118 casu
798 4065 904 4116 numeri
922 4063 1069 4135 singularis
1098 4061 1218 4132 genitivo
1238 4058 1280 4113 vel
1300 4057 1391 4111 dativo
1410 4059 1446 4112 A.
1475 4060 1511 4124 1’)
1530 4075 1580 4130 ap-

212 4164 324 4228 pareant
341 4156 367 4208 Β
391 4153 427 4210 A.
447 4155 569 4227 (diserte)
588 4186 624 4196 -
642 4159 771 4227 appareat
791 4153 828 4205 V.
846 4151 894 4204 seri
910 4171 973 4204 mos
990 4155 1066 4220 infra
1084 4151 1155 4203 idam
1170 4154 1328 4219 appareant.
1359 4147 1395 4218 ’1)
1416 4143 1517 4218 quibus
1537 4146 1580 4198 in·

212 4243 306 4315 digent
323 4245 349 4296 B
375 4245 434 4312 (sed
446 4241 589 4314 indagent)
610 4243 645 4296 V.
664 4242 695 4295 Ρ.
715 4264 751 4293 =
768 4242 803 4294 A.
834 4241 870 4308 ²⁵)
890 4239 1004 4292 formans
1024 4238 1060 4293 V.
1078 4236 1114 4291 A.
1135 4263 1169 4278 -·
1188 4235 1302 4288 lnrrnasn
1319 4235 1353 4289 B.
1384 4235 1420 4304 ’1)
1440 4233 1580 4306 pertinere

215 4333 247 4385 V.
260 4331 297 4386 A.
316 4363 353 4374 -·
371 4341 515 4403 pertenere
533 4333 565 4385 B.
586 4330 624 4401 ¹7)
642 4330 667 4382 si
686 4328 883 4381 nominativum
902 4323 945 4380 vel
964 4317 1148 4378 accusativum
1169 4339 1263 4375 casum
1279 4323 1314 4374 Β.
1334 4351 1369 4364 -
1387 4321 1412 4374 si
1431 4322 1579 4372 nonsinsh·

212 4437 271 4475 tnns
290 4437 385 4473 casum
405 4419 439 4476 V.
461 4447 494 4462 ·-
513 4418 537 4471 ai
556 4417 722 4472 nominativo
742 4413 785 4467 voi
803 4415 959 4466 accusativo
980 4431 1045 4465 casu
1063 4411 1101 4466 A.
1130 4412 1166 4481 ’1)
1186 4409 1362 4482 reperiuntur
1380 4410 1414 4462 B.
1430 4408 1465 4462 V·
1486 4437 1520 4448 —
1536 4425 1591 4479 ss·-

210 4507 350 4576 psriantur
368 4507 404 4559 A.
431 4511 466 4577 ²⁹)
487 4505 550 4560 ἈΕ·
568 4503 685 4559 litteris.
698 4503 859 4554 ...numeri
884 4499 1030 4571 singularis
1048 4500 1082 4555 Β.
1097 4500 1133 4554 V.
1152 4519 1188 4550 =
1206 4497 1241 4552 A.
1270 4499 1306 4567 ⁸⁰)
1333 4511 1433 4548 sonum
1450 4495 1477 4548 Β
1496 4494 1578 4548 V.A.

212 4595 322 4646 icrmans
340 4596 371 4649 Ρ.
393 4599 428 4661 ”)
447 4595 643 4647 nominativum
653 4626 731 4644 .....
743 4607 836 4644 cesum
854 4591 886 4643 Β.
905 4591 941 4644 V.
962 4619 995 4632 -
1014 4586 1182 4642 nominativo
1198 4594 1246 4638 ant
1261 4582 1417 4636 accusativo
1436 4577 1480 4633 vel
1498 4597 1578 4654 seca-

215 4682 267 4734 tivu
292 4700 357 4735 casu
382 4682 411 4734 A
446 4685 481 4747 ”)
508 4679 642 4734 Anchisae
668 4680 704 4733 V.
720 4679 758 4733 A.
785 4711 819 4720 -
837 4675 972 4730 Anchises
995 4678 1028 4730 Β.
1057 4678 1091 4743 ’1)
1112 4690 1210 4728 sonum
1230 4670 1315 4726 m.
1334 4701 1371 4712 -
1388 4682 1523 4722 senonum
1545 4667 1577 4720 B.

214 4771 246 4838 ’1)
263 4767 398 4822 Anchisae
416 4769 449 4824 Β.
467 4770 503 4824 V.
520 4799 556 4812 -
578 4771 685 4822 Aeneae
711 4766 748 4821 A.
777 4767 817 4836 1’)
844 4767 932 4820 Totus
954 4765 998 4818 his
1017 4766 1093 4818 iocus
1122 4759 1319 4832 Qnsecnanus
1343 4751 1579 4811 varo....dccli-

214 4865 322 4920 11111191»
352 4863 382 4911 irs
400 4859 436 4914 A.
460 4859 573 4912 totidem
593 4858 679 4911 verbis
703 4859 856 4924 repetitur,
879 4857 931 4908 nisi
947 4853 1023 4924 quod
1038 4847 1082 4904 vel
1100 4847 1223 4903 vocativo
1244 4861 1308 4896 casu
1325 4866 1379 4905 =‚
1398 4849 1426 4894 et
1444 4837 1579 4898 Anchisae

216 4959 282 4998 rests
294 4949 437 4999 scribetur.
459 4949 494 5017 ’1)
517 4947 625 5000 Titulus
638 4949 667 4996 iss
680 4944 713 4997 B.
729 4945 785 4994 eit.-
805 4941 849 4994 Ds
867 4939 994 4995 vocativo
1014 4934 1153 5008 singulari.
1179 4934 1216 5005 ¹⁷)
1234 4931 1327 4986 littera
1346 4931 1382 4986 V.
1401 4929 1483 4984 1.-
1502 4926 1579 4982 litts-

215 5049 266 5084 ssu
283 5035 317 5087 B.
348 5037 384 5101 ¹⁸)
404 5029 531 5102 indigent
557 5033 592 5086 V.
611 5033 647 5086 A.
673 5061 707 5078 -
725 5027 859 5101 indagent
877 5027 909 5082 Β.
937 5031 972 5098 ’1)
991 5026 1053 5081 aliis
1072 5023 1203 5082 143.st
1222 5016 1320 5072 -bia
1338 5016 1376 5073 A.
1395 5015 1432 5088 1’)
1451 5015 1579 5088 sensuro

219 5154 291 5174 .....
302 5139 366 5174 casu
385 5123 417 5175 Β.
436 5149 471 5164 -
498 5119 634 5194 genitivus
660 5115 703 5172 vel
729 5113 866 5173 ablativus
892 5133 972 5170 cassu
999 5115 1034 5172 V.
1061 5115 1099 5189 1’)
1118 5108 1154 5166 sd
1174 5111 1210 5168 V.
1229 5133 1266 5164 =
1281 5108 1315 5166 B·
1345 5105 1383 5180 1’)
1403 5106 1505 5162 Totum
1519 5103 1545 5158 lt.
1561 5107 1578 5158 1.

220 5207 342 5264 Ceterum
361 5208 503 5280 genetivo.
516 5245 522 5259 .
533 5247 539 5262 .
550 5245 556 5258 .
568 5208 706 5282 pertinere
726 5205 899 5281 reperiantur
916 5229 952 5260 =
967 5203 1002 5260 A.
