4020 6068
374 555 439 644 ἰν
866 587 1399 642 anaararto.

398 693 867 803 daerelicto,melius
890 693 1047 780 nobis
1075 697 1241 780 visum
1271 719 1350 780 est
1376 719 1427 782 et
1453 690 1514 778 ad
1538 683 1868 782 mentcmSe-

398 830 602 918 natoris
637 828 808 914 nostri
835 829 1012 944 aptius
1037 825 1374 914 haec-eadem
1401 829 1693 934 schemata,
1733 857 1869 943 quae

397 964 448 1050 in
484 964 866 1050 commentario
910 961 1081 1077 ipsius
1117 963 1167 1045 in
1206 962 1445 1048 Psalmos
1476 964 1673 1078 passim
1708 962 1868 1046 obvia

398 1120 700 1198 cernuntur,
737 1097 963 1180 inunum
997 1125 1188 1210 corpus
1227 1096 1474 1208 redigere
1504 1100 1648 1182 iuxta
1675 1097 1868 1180 seriem

398 1227 1867 1346 alphabc‘ti,appositisadsingulasligurasunoautplu·

397 1361 819 1479 rihusexemplis,
852 1362 994 1480 quod
1017 1365 1307 1476 ingratiam
1335 1365 1558 1450 lectoris
1589 1394 1691 1448 non
1719 1361 1781 1446 ad
1812 1367 1868 1473 98

398 1521 597 1582 tantum
619 1520 821 1612 tropos,
852 1494 1024 1582 sedad
1054 1496 1760 1614 rsoetnltraprotendimns,
1784 1492 1869 1580 ad·

397 1629 865 1744 ditisquibusdam
889 1633 1279 1716 rhetoricorum
1304 1631 1459 1736 locis,
1492 1633 1651 1747 quiin
1683 1627 1867 1716 eodern

399 1766 783 1850 commentario
811 1766 1004 1880 passim
1036 1763 1490 1880 reperiebantur.“
1531 1765 1673 1848 Tertio
1694 1761 1867 1846 demum

398 1897 657 1982 mentionem
680 1898 775 1981 lacit
796 1897 1154 1984 Cassiodorus
1176 1897 1412 1984 Sacerdotis
1447 1895 1598 1984 eodem
1627 1919 1799 1980 tractatu
1828 1917 1871 1977 et

399 2033 532 2146 capite
551 2031 676 2144 paulo
701 2031 869 2116 inferius
887 2034 950 2117 his
969 2031 1128 2118 verbis:
1155 2032 1481 2136 „Caeterum,
1513 2033 1604 2147 qui
1633 2061 1687 2115 ea
1706 2029 1869 2112 latius

397 2165 725 2281 pleniusque
751 2166 990 2252 voluerit
1029 2197 1368 2280 cognoscere,
1390 2198 1500 2251 cum
1531 2164 1870 2280 praefatione

398 2328 485 2382 sua
514 2294 752 2384 codicem
781 2295 930 2412 legat,
961 2331 1109 2415 quern
1130 2323 1312 2385 nostra
1340 2299 1658 2384 curiositate
1686 2296 1869 2380 forma-

397 2433 588 2534 vimus,
630 2429 805 2534 idest,
837 2455 1000 2516 artem
1035 2435 1253 2538 Donati,
1295 2428 1869 2544 cuideorthographia

398 2563 591 2649 librum
619 2585 670 2646 et
696 2564 855 2648 alium
885 2561 948 2649 de
974 2565 1319 2678 Etymologia
1346 2565 1688 2668 inservimus,
1721 2593 1869 2679 quar·

402 2722 505 2782 tum
541 2725 761 2813 quoque
805 2695 869 2782 de
913 2700 1277 2786 schematibus
1329 2697 1640 2784 Sacerdotis
1689 2697 1870 2782 adiun-

399 2831 607 2916 xirnus.“

518 2962 663 3048 Oritur
680 2995 791 3049 nunc
810 2953 1000 3081 quaestio
1018 3000 1071 3052 au
1090 2968 1131 3053 in
1152 2963 1469 3052 Cassiodori
1492 2967 1594 3052 locis
1610 2995 1708 3050 mox
1728 2961 1872 3048 lauda-

400 3099 451 3183 tis
470 3094 525 3182 de
554 3095 848 3183 Sacerdote
876 3123 1019 3186 nostro
1047 3102 1099 3186 sit
1118 3129 1279 3208 sermo,
1312 3098 1430 3218 quod
1460 3131 1536 3184 nos
1556 3097 1730 3215 quidem
1762 3099 1871 3180 affir-

399 3231 502 3316 mari
521 3259 667 3346 posse,
698 3232 957 3316 arbitramur.
988 3233 1096 3318 Nam
1124 3235 1294 3349 primo
1323 3235 1518 3318 convenit
1538 3261 1736 3315 numerus
1755 3231 1872 3314 sche-

399 3387 572 3448 matum.
605 3364 773 3449 Initium
804 3367 959 3451 scilicet
983 3363 1231 3450 numerandi
1260 3369 1348 3453 iure
1380 3399 1403 3450 a
1431 3365 1615 3482 prothesi
1635 3364 1689 3480 (S.
1711 3363 1785 3481 92)
1807 3395 1872 3447 ca-

398 3497 575 3612 piemus.
607 3497 807 3614 Exposita
826 3501 935 3584 enim
959 3497 1147 3584 doctrina
1176 3497 1230 3585 de
1255 3501 1504 3586 soloecismo
1536 3519 1578 3581 et
1596 3497 1870 3600 barbarismo,

400 3631 600 3747 equibus
630 3629 785 3744 figurae
807 3655 849 3718 et
872 3633 1133 3746 metaplasmi
1158 3663 1304 3718 omnes
1323 3635 1434 3716 iuxta
1450 3654 1661 3716 auctorem
1681 3653 1870 3714 nostrum

400 3765 589 3848 oriuntur
620 3767 679 3878 (S.
711 3765 812 3878 9ο),
853 3787 1024 3849 tractare
1055 3765 1199 3880 incipit
1223 3765 1278 3850 de
1309 3766 1590 3882 metaplasmis
1617 3762 1685 3849 vel
1713 3761 1868 3872 liguris

401 3925 578 4012 quarum
609 3899 742 4010 prima
761 3921 824 3981 est
841 3899 1070 4012 prothesis,
1103 3899 1157 3981 dc
1182 3929 1266 4016 qua
1290 3901 1477 4013 agitur&
1506 3927 1583 4012 qe,
1616 3895 1672 3981 de
1696 3896 1870 4010 reliquis

401 4028 541 4141 liguris
564 4059 665 4114 vero
691 4027 902 4145 usquead
924 4043 962 4134 §-
990 4063 1068 4144 ¹9⁰
1096 4032 1261 4149 (incl),
1293 4031 1414 4151 quod
1441 4033 1616 4150 quidem
1645 4061 1871 4115 numerum

402 4193 457 4276 99
490 4160 636 4270 efficit,
669 4159 972 4248 attendendum
998 4189 1158 4271 umen,
1189 4193 1400 4253 auctorem
1420 4171 1557 4282 ipsum
1586 4164 1870 4278 synaloephen

402 4319 443 4379 et
467 4295 683 4410 ecthlipsin
712 4328 789 4412 pro
810 4329 896 4382 uuo
926 4323 968 4383 et
985 4297 1135 4385 eodem
1155 4303 1428 4417 metaplasmo
1456 4301 1651 4385 babuisse
1666 4302 1726 4413 (§.
1752 4299 1870 4410 rol).

402 4425 671 4534 Secundo,
703 4429 823 4547 quod
856 4430 956 4516 dicit
984 4433 1339 4521 Cassiodorus
1368 4437 1465 4520 vitia
1497 4435 1657 4550 inipso
1694 4461 1870 4516 numero

401 4563 658 4648 schematum
678 4563 848 4650 collecta
871 4564 1031 4672 claudi,
1064 4551 1105 4652 et
1123 4571 1226 4654 haec
1247 4593 1344 4656 nota
1361 4601 1453 4654 curn
1474 4571 1545 4673 iis,
1578 4598 1688 4684 quae
1708 4566 1870 4648 hahen-

400 4719 466 4780 tur
486 4695 601 4812 apud
629 4697 899 4786 Sacerdotem
922 4725 1129 4808 nostrum,
1160 4706 1320 4819 optime
1341 4706 1559 4790 consentit.
1591 4702 1767 4787 Tertio
1796 4695 1871 4782 de-

399 4831 530 4944 nique
563 4828 919 4920 Cassiodorus
949 4834 1222 4922 Sacerdotem
1257 4841 1536 4955 artigraphum
1565 4857 1707 4937 vocat,
1749 4829 1870 4947 quod

401 4985 442 5047 et
458 4965 662 5049 contentis
683 4963 854 5051 Codicis
874 4971 1004 5054 nostri
1023 4993 1065 5054 et
1078 4971 1454 5089 subscriptionibus
1472 4972 1582 5057 illius
1594 4969 1758 5082 egregie
1773 4996 1871 5052 con-

399 5094 596 5181 firmatur.

517 5230 596 5314 Vix
635 5263 733 5343 ergo
762 5229 939 5320 dubium
968 5259 1048 5342 est,
1074 5239 1177 5354 quin
1205 5235 1563 5324 Cassiodorus
1602 5232 1870 5323 Sacerdotem
