4036 6068
577 455 1134 534 rnorransuru'on.
1493 475 1590 556 Ι407

206 619 341 689 Eodem
364 623 488 700 modo,
520 623 642 688 eodem
666 637 840 710 tempore,
870 629 984 712 speeie
1007 625 1346 712 plusquamperfecta
1376 625 1447 688 sive
1471 640 1587 685 reeor-

139 723 236 787 dativa
268 725 325 790 vel
355 739 487 792 exacta.
518 727 665 792 Numeri
695 729 894 813 singularis:
924 729 1056 792 utinam
1087 729 1346 812 rapuissem,
1373 728 1505 790 utinam
1529 745 1589 788 ra-

138 827 312 910 puisses,
343 830 477 892 utinam
507 831 737 914 rapuisset;
766 832 902 893 numeri
931 829 1090 916 pluralis:
1121 831 1252 894 utinam
1284 829 1589 916 rapuissemns,

138 929 256 992 utinam
280 933 551 1016 rapuissetis,
574 934 707 995 utinam
732 935 982 1016 rapuissent.

210 1031 344 1096 Eodem
370 1034 493 1110 modo,
518 1047 679 1120 tempore
698 1034 825 1098 futuro.
848 1036 995 1098 Numeri
1017 1035 1219 1120 singularis:
1247 1033 1379 1098 utinam
1410 1034 1590 1118 rapiam,

138 1133 258 1196 utinam
289 1136 449 1219 rapias,
479 1137 612 1200 utinam
645 1137 803 1222 rapiat;
834 1137 971 1200 numeri
999 1136 1161 1222 pluralis:
1192 1136 1325 1202 utinam
1355 1137 1591 1222 rapiamus,

138 1235 257 1298 utinam
282 1237 482 1322 rapiatis,
504 1239 636 1302 utinam
660 1239 847 1323 rapiant.

210 1337 226 1368 ⁴
248 1337 360 1402 Modo
390 1339 613 1404 coniunctivo
645 1341 716 1404 sive
749 1341 923 1419 iunctivo,
955 1354 1112 1428 tempore
1143 1341 1316 1428 praesenti
1345 1339 1417 1402 sive
1439 1339 1592 1403 instanti.
1611 1337 1685 1391 corn.

137 1439 274 1504 Numeri
297 1441 497 1524 singularis:
522 1461 599 1505 oum
622 1440 678 1506 vel
702 1443 731 1505 si
760 1444 940 1528 rapiam,
964 1465 1043 1508 oum
1065 1443 1122 1508 vei
1145 1445 1174 1508 si
1196 1444 1358 1530 rapias,
1383 1463 1460 1506 cum
1483 1441 1540 1504 vel
1565 1441 1594 1503 si

139 1543 290 1627 rapiam
313 1543 450 1606 numeri
472 1543 632 1629 pluralis:
657 1564 735 1607 curn
758 1544 814 1608 vel
837 1545 866 1608 si
889 1545 1124 1632 rapiamus,
1157 1566 1234 1610 cum
1258 1544 1314 1609 vei
1337 1546 1366 1608 si
1394 1545 1594 1631 rapiatis,

137 1664 206 1706 enm
227 1645 286 1708 vel
308 1645 337 1708 si
360 1645 545 1730 rapiant.

213 1745 348 1810 Eodem
373 1747 498 1823 modo,
522 1760 679 1834 tempore
702 1749 889 1833 praeterito
913 1751 1028 1836 speeie
1052 1748 1243 1836 inperfecta
1265 1751 1337 1814 sive
1361 1750 1474 1814 minus
1494 1771 1598 1835 quam

138 1849 284 1934 perfecta
300 1849 361 1912 'vel
383 1849 582 1912 inchoativa
598 1845 652 1931 ³¹).
675 1849 822 1912 Numeri
838 1851 1038 1935 singularis:
1062 1873 1140 1914 cum
1163 1853 1271 1915 veivsi
1294 1873 1495 1937 raperem,
1521 1873 1600 1917 oum

137 1952 188 2014 vel
209 1953 237 2014 si
262 1972 456 2036 raperes,
490 1971 568 2016 oum
598 1951 654 2014 vel
684 1952 712 2016 si
736 1965 928 2038 raperet;
957 1956 1093 2018 numeri
1116 1954 1277 2040 pluralis:
1311 1975 1389 2018 eum
1412 1954 1467 2017 vel
1490 1955 1518 2018 si
1542 1975 1601 2017 ra-

137 2073 352 2143 peremus,
377 2075 455 2119 oum
478 2054 537 2116 vel·
557 2055 585 2118 si
609 2056 846 2140 raperetis,
871 2075 950 2118 cum
973 2055 1028 2120 vel
1051 2057 1080 2120 si
1102 2069 1317 2141 raperent.

214 2157 352 2222 Eodem
375 2157 498 2234 modo,
523 2156 645 2221 eodem
669 2169 837 2242 tempore,
861 2159 976 2244 speeie
999 2158 1152 2244 perfecta
1174 2159 1245 2222 sive
1264 2157 1431 2223 absoluta.
1454 2159 1601 2222 Numeri

137 2260 317 2346 singularis
334 2255 394 2342 ³'):
419 2281 498 2323 cum
520 2257 576 2322 vel
599 2255 628 2322 si
651 2261 887 2344 rapuerim,
917 2277 996 2322 eum
1019 2261 1074 2322 vel
1098 2263 1125 2322 si
1150 2261 1361 2348 rapueris,
1392 2278 1470 2322 onor
1495 2258 1549 2321 vel
1573 2259 1602 2321 si

136 2363 346 2449 rapuerit;
369 2363 506 2426 numeri
519 2361 681 2447 pluralis:
707 2381 786 2424 cum
802 2360 856 2424 vel
872 2361 900 2424 si
923 2363 1200 2448 rapuerimus,
1225 2381 1304 2425 oum
1326 2358 1382 2424 vel
1405 2360 1434 2423 si
1458 2381 1602 2447 rapue-

136 2467 246 2540 ritis‚
272 2483 351 2527 eum
373 2463 430 2526 vel
451 2464 481 2526 si
504 2463 737 2548 rapuerint.

214 2565 352 2630 Eodem
382 2565 508 2639 modo,
540 2564 661 2627 eodem
686 2576 860 2650 tempore,
890 2568 1004 2654 speeie
1027 2566 1367 2654 plusquamperieota
1396 2567 1467 2629 sive
1490 2585 1604 2629 recor-

135 2670 249 2734 dativa
270 2667 326 2730 vel
349 2679 481 2732 exacta.
504 2667 650 2730 Numeri
680 2657 887 2751 singularis?
918 2691 997 2733 cum
1020 2669 1076 2732 vel
1098 2669 1128 2732 si
1151 2670 1414 2754 rapuissem,
1446 2687 1525 2730 cum
1550 2667 1712 2733 velvet

135 2775 159 2836 si
182 2770 420 2857 rapuisses,
453 2789 532 2834 oum
561 2769 618 2832 vel
642 2770 670 2833 si
701 2772 934 2856 rapuisset;
966 2771 1103 2834 numeri
1125 2769 1288 2856 pluralis:
1313 2791 1392 2834 cum
1415 2770 1522 2834 vel¹si
1544 2790 1605 2832 ra-

135 2876 392 2962 puissemus,
418 2891 495 2934 cum
519 2870 574 2934 vel
598 2872 625 2933 si
649 2871 925 2956 rapuisseiis,
951 2893 1029 2936 oum
1051 2872 1108 2936 vel
1131 2873 1160 2934 si
1184 2873 1444 2958 rapuissent.

217 2974 353 3038 Eodem
376 2974 501 3047 modo,
524 2986 681 3058 tempore
698 2967 742 3054 ³³)
766 2973 893 3040 futuro.
916 2974 1063 3038 Numeri
1087 2974 1289 3056 singularis:
1314 2994 1392 3036 curn
1414 2970 1470 3034 vel
1492 2973 1522 3034 si
1546 2993 1605 3034 ra-

136 3095 288 3164 puero,
320 3095 400 3138 oum
422 3075 477 3138 vel
501 3075 529 3136 si
552 3075 766 3160 rapueris,
801 3096 878 3139 oum
901 3077 958 3140 vel
988 3077 1016 3138 si
1040 3077 1254 3161 rapuerit;
1284 3074 1420 3138 numeri
1441 3072 1602 3157 pluralis:

137 3199 214 3242 oum
235 3177 294 3240 vei
317 3177 346 3239 si
368 3177 637 3261 rapuerimus
655 3166 718 3259 ³³),
743 3197 821 3240 eum
845 3178 901 3241 vel
923 3178 952 3241 si
975 3176 1213 3262 rapueritis
1230 3168 1286 3259 ³⁵),
1311 3195 1391 3238 cum
1413 3174 1468 3238 vel
1491 3175 1519 3237 si
1544 3195 1604 3238 ra

134 3282 319 3366 puerint.

219 3379 329 3444 Modo
352 3379 589 3465 impersonali,
613 3382 765 3444 numeris
796 3393 830 3444 et
860 3381 1018 3466 personis
1042 3378 1216 3456 confusis,
1249 3391 1407 3463 tempore
1430 3379 1602 3464 praesenti

137 3484 208 3546 sive
231 3483 388 3544 instanti:
413 3483 591 3568 rapitur.

147 3585 150 3594 ⁴
222 3583 357 3646 Eodem
380 3584 503 3658 modo,
528 3585 893 3670 temporapraeterito,
917 3583 1032 3670 specie
1055 3581 1246 3670 inperfecta
1269 3581 1340 3644 sive
1363 3581 1478 3644 minus
1501 3601 1603 3665 quam

141 3684 291 3770 perfecta
312 3683 368 3747 vel
391 3685 588 3748 inchoativa
606 3678 665 3767 ’ἧς
690 3685 950 3771 rapiebatur.

224 3787 358 3850 Eodem
379 3787 503 3863 modo,
526 3787 648 3851 eodem
672 3800 849 3873 tempore,
872 3788 987 3873 speeie
1010 3785 1162 3874 perfecta
1185 3787 1256 3850 sive
1280 3785 1437 3850 absoluta
1451 3778 1512 3865 3ι”);
1546 3804 1605 3848 ra,-

141 3900 252 3972 ptum
275 3899 337 3951 est
355 3882 407 3970 ³⁸).

220 3990 263 4052 Et
284 3989 451 4052 ulteriore
474 3990 646 4075 perfecta:
671 4004 836 4077 raptum
862 3991 952 4054 tuit.

225 4091 358 4154 Eodem
378 4091 504 4167 modo,
538 4093 659 4156 eodem
684 4106 858 4178 tempore,
890 4093 1005 4179 specie
1029 4091 1367 4178 plusquamperfeeta
1396 4091 1467 4152 sive
1491 4109 1607 4152 recor-

142 4192 253 4256 dativa
274 4193 330 4256 vel
354 4204 492 4256 exacta:
516 4205 676 4279 raptum
702 4208 803 4258 erat.

225 4295 269 4359 Et
291 4295 457 4359 ulteriore
484 4294 823 4382 plusquamperfecta
854 4297 926 4360 sive
949 4296 1165 4361 recordativa
1192 4294 1247 4358 vel
1271 4307 1410 4360 exacta:
1442 4307 1613 4380 raptum

141 4393 291 4460 iuerat

226 4500 358 4564 Eodem
382 4498 505 4575 modo,
530 4512 686 4585 tempore
711 4499 842 4563 futuro:
867 4501 1069 4584 rapietur.

191 4874 227 4942 ³¹)
243 4869 285 4926 vel
303 4869 457 4927 inchoativa
475 4877 507 4926 Β.
529 4875 564 4930 V.
584 4877 614 4928 P.
633 4899 670 4926 =
688 4877 724 4928 A.
745 4877 781 4944 ¹⁹)
801 4877 905 4924 numeri
924 4869 1069 4942 singularis
1089 4869 1120 4923 Β.
1142 4871 1177 4924 V.
1196 4893 1232 4919 =
1251 4873 1287 4924 A.
1316 4872 1350 4941 ¹³)
1371 4879 1496 4940 tempore
1517 4871 1553 4922 V.
1573 4869 1608 4922 A.

251 4987 285 5004 -
303 4959 401 5015 eodem
426 4969 548 5032 ternpore
572 4964 604 5017 B.
635 4963 669 5030 Η)
690 4963 859 5033 rapuerimus
880 4963 914 5014 V.
934 4960 969 5015 A.
989 4991 1025 5001 -
1043 4975 1218 5028 rapueramus
1236 4959 1268 5010 Β.
1296 4959 1332 5027 ³⁵)
1352 4957 1498 5028 rapueritis
1519 4957 1554 5011 V.
1573 4958 1610 5010 A.

253 5079 285 5091 -—
303 5048 455 5120 rapueretis
473 5051 506 5104 B.
526 5051 561 5120 ³⁶)
580 5045 734 5103 inchoativa
751 5050 783 5103 B.
803 5081 838 5092 -
857 5044 984 5101 inchoata
1004 5047 1034 5102 V
1033 5086 1039 5098 .
1059 5075 1093 5088 --
1112 5053 1206 5098 exacta
1226 5045 1260 5098 A.
1279 5067 1315 5096 .·.=
1333 5046 1363 5098 P.
1385 5047 1421 5116 ³⁷)
1441 5040 1565 5099 absoluta
1575 5043 1610 5096 A.

251 5167 282 5177 -
301 5144 395 5191 casata
413 5139 445 5191 B.
467 5137 502 5192 V.
522 5139 554 5191 P.
575 5135 611 5209 ¹⁸)
631 5147 739 5208 raptum
759 5145 801 5191 est
819 5139 850 5194 V
849 5176 855 5188 .
877 5138 913 5191 A·
933 5168 968 5180 —
986 5135 1120 5207 scriptum
1139 5141 1180 5186 est
1199 5135 1229 5186 Β.
