<?xml version="1.0" encoding="UTF-8"?>
<!DOCTYPE html PUBLIC "-//W3C//DTD XHTML 1.0 Transitional//EN"
    "http://www.w3.org/TR/xhtml1/DTD/xhtml1-transitional.dtd">
<html xmlns="http://www.w3.org/1999/xhtml" xml:lang="en" lang="en">
 <head>
  <title>
</title>
<meta http-equiv="Content-Type" content="text/html;charset=utf-8" />
  <meta name='ocr-system' content='tesseract 3.04.00' />
  <meta name='ocr-capabilities' content='ocr_page ocr_carea ocr_par ocr_line ocrx_word'/>
</head>
<body>
  <div class='ocr_page' id='page_1' title='image "./analectagrammat00eichgoog_0058.png"; bbox 0 0 4020 6068; ppageno 0'>
   <div class='ocr_carea' id='block_1_1' title="bbox 484 543 1626 644">
    <p class='ocr_par' dir='ltr' id='par_1_1' title="bbox 484 543 1626 644">
     <span class='ocr_line' id='line_1_1' title="bbox 484 543 1626 644; baseline 0.01 -36"><span class='ocrx_word' id='word_1_1' title='bbox 484 553 631 611; x_wconf 75' lang='lat' dir='ltr'><strong>surturi</strong></span> <span class='ocrx_word' id='word_1_2' title='bbox 651 543 981 612; x_wconf 75' lang='lat' dir='ltr'><strong>ommntoanou</strong></span> <span class='ocrx_word' id='word_1_3' title='bbox 1004 555 1111 614; x_wconf 77' lang='lat' dir='ltr'><strong>ussa</strong></span> <span class='ocrx_word' id='word_1_4' title='bbox 1135 558 1157 614; x_wconf 93' lang='grc' dir='ltr'><strong>ι.</strong></span> <span class='ocrx_word' id='word_1_5' title='bbox 1577 575 1626 644; x_wconf 69' lang='lat'><strong>25</strong></span> 
     </span>
    </p>
   </div>
   <div class='ocr_carea' id='block_1_2' title="bbox 149 691 1680 4062">
    <p class='ocr_par' dir='ltr' id='par_1_2' title="bbox 150 691 1680 998">
     <span class='ocr_line' id='line_1_2' title="bbox 150 691 1622 799; baseline 0.007 -27"><span class='ocrx_word' id='word_1_6' title='bbox 150 709 353 791; x_wconf 74' lang='lat' dir='ltr'><strong>disiungunt</strong></span> <span class='ocrx_word' id='word_1_7' title='bbox 366 723 439 769; x_wconf 85' lang='lat' dir='ltr'><strong>non</strong></span> <span class='ocrx_word' id='word_1_8' title='bbox 451 703 810 768; x_wconf 83' lang='lat' dir='ltr'><strong>suntooniussetiones.</strong></span> <span class='ocrx_word' id='word_1_9' title='bbox 822 691 893 768; x_wconf 74' lang='lat' dir='ltr'><strong>ssa</strong></span> <span class='ocrx_word' id='word_1_10' title='bbox 904 715 1031 782; x_wconf 83' lang='lat' dir='ltr'><strong>errant,</strong></span> <span class='ocrx_word' id='word_1_11' title='bbox 1043 725 1124 770; x_wconf 88' lang='lat' dir='ltr'><strong>nam</strong></span> <span class='ocrx_word' id='word_1_12' title='bbox 1137 708 1337 774; x_wconf 81' lang='lat' dir='ltr'><strong>eoatmetio</strong></span> <span class='ocrx_word' id='word_1_13' title='bbox 1351 728 1393 773; x_wconf 88' lang='lat' dir='ltr'><strong>eo</strong></span> <span class='ocrx_word' id='word_1_14' title='bbox 1403 709 1512 789; x_wconf 84' lang='lat' dir='ltr'><strong>dieta,</strong></span> <span class='ocrx_word' id='word_1_15' title='bbox 1527 717 1622 799; x_wconf 88' lang='lat' dir='ltr'><strong>qnod</strong></span> 
     </span>
     <span class='ocr_line' id='line_1_3' title="bbox 154 805 1680 904; baseline 0.005 -34"><span class='ocrx_word' id='word_1_16' title='bbox 154 809 257 874; x_wconf 84' lang='lat' dir='ltr'><strong>verba</strong></span> <span class='ocrx_word' id='word_1_17' title='bbox 271 827 340 873; x_wconf 88' lang='lat' dir='ltr'><strong>oon</strong></span> <span class='ocrx_word' id='word_1_18' title='bbox 354 819 478 892; x_wconf 80' lang='lat' dir='ltr'><strong>ungat,</strong></span> <span class='ocrx_word' id='word_1_19' title='bbox 499 827 571 870; x_wconf 86' lang='grc' dir='ltr'><strong>ιιοι</strong></span> <span class='ocrx_word' id='word_1_20' title='bbox 585 825 713 870; x_wconf 88' lang='lat' dir='ltr'><strong>sensns.</strong></span> <span class='ocrx_word' id='word_1_21' title='bbox 731 805 826 890; x_wconf 79' lang='lat' dir='ltr'><strong>Ergo</strong></span> <span class='ocrx_word' id='word_1_22' title='bbox 845 807 931 870; x_wconf 88' lang='lat' dir='ltr'><strong>haee</strong></span> <span class='ocrx_word' id='word_1_23' title='bbox 950 808 1150 873; x_wconf 83' lang='lat' dir='ltr'><strong>coniunctio</strong></span> <span class='ocrx_word' id='word_1_24' title='bbox 1173 810 1381 878; x_wconf 79' lang='lat' dir='ltr'><strong>disiunctivs</strong></span> <span class='ocrx_word' id='word_1_25' title='bbox 1402 833 1521 880; x_wconf 90' lang='lat' dir='ltr'><strong>sensus</strong></span> <span class='ocrx_word' id='word_1_26' title='bbox 1545 820 1623 904; x_wconf 86' lang='lat' dir='ltr'><strong>qui·</strong></span> <span class='ocrx_word' id='word_1_27' title='bbox 1670 860 1680 878; x_wconf 88' lang='grc'><strong>.</strong></span> 
     </span>
     <span class='ocr_line' id='line_1_4' title="bbox 151 908 1281 998; baseline 0.002 -22"><span class='ocrx_word' id='word_1_28' title='bbox 151 915 228 976; x_wconf 88' lang='lat' dir='ltr'><strong>dent</strong></span> <span class='ocrx_word' id='word_1_29' title='bbox 242 923 398 998; x_wconf 85' lang='lat' dir='ltr'><strong>separat,</strong></span> <span class='ocrx_word' id='word_1_30' title='bbox 413 908 519 973; x_wconf 82' lang='lat' dir='ltr'><strong>verbs</strong></span> <span class='ocrx_word' id='word_1_31' title='bbox 530 929 615 972; x_wconf 78' lang='lat' dir='ltr'><strong>vero</strong></span> <span class='ocrx_word' id='word_1_32' title='bbox 627 909 822 993; x_wconf 80' lang='lat' dir='ltr'><strong>coniungit,</strong></span> <span class='ocrx_word' id='word_1_33' title='bbox 835 908 928 972; x_wconf 83' lang='lat' dir='ltr'><strong>unde</strong></span> <span class='ocrx_word' id='word_1_34' title='bbox 947 929 1077 973; x_wconf 88' lang='lat' dir='ltr'><strong>nomen</strong></span> <span class='ocrx_word' id='word_1_35' title='bbox 1091 912 1226 998; x_wconf 85' lang='lat' dir='ltr'><strong>aooepit</strong></span> <span class='ocrx_word' id='word_1_36' title='bbox 1239 913 1281 996; x_wconf 77' lang='lat'><strong>⁴).</strong></span> 
     </span>
    </p>

    <p class='ocr_par' dir='ltr' id='par_1_3' title="bbox 151 1009 1621 1200">
     <span class='ocr_line' id='line_1_5' title="bbox 233 1009 1621 1104; baseline 0.004 -25"><span class='ocrx_word' id='word_1_37' title='bbox 233 1017 287 1079; x_wconf 83' lang='lat'><strong>81.</strong></span> <span class='ocrx_word' id='word_1_38' title='bbox 300 1013 364 1077; x_wconf 84' lang='lat' dir='ltr'><strong>DE</strong></span> <span class='ocrx_word' id='word_1_39' title='bbox 388 1009 776 1076; x_wconf 77' lang='lat' dir='ltr'><strong>INTERIECTIONE.</strong></span> <span class='ocrx_word' id='word_1_40' title='bbox 792 1011 992 1074; x_wconf 85' lang='lat' dir='ltr'><strong>lnterieotio</strong></span> <span class='ocrx_word' id='word_1_41' title='bbox 1014 1024 1158 1098; x_wconf 87' lang='lat' dir='ltr'><strong>estpars</strong></span> <span class='ocrx_word' id='word_1_42' title='bbox 1175 1016 1342 1080; x_wconf 87' lang='lat' dir='ltr'><strong>orationis</strong></span> <span class='ocrx_word' id='word_1_43' title='bbox 1362 1015 1526 1084; x_wconf 84' lang='lat' dir='ltr'><strong>adverbio</strong></span> <span class='ocrx_word' id='word_1_44' title='bbox 1540 1041 1621 1104; x_wconf 89' lang='lat' dir='ltr'><strong>per-</strong></span> 
     </span>
     <span class='ocr_line' id='line_1_6' title="bbox 151 1114 1621 1200; baseline 0.004 -18"><span class='ocrx_word' id='word_1_45' title='bbox 151 1117 284 1192; x_wconf 82' lang='lat' dir='ltr'><strong>similis,</strong></span> <span class='ocrx_word' id='word_1_46' title='bbox 298 1135 368 1200; x_wconf 88' lang='lat' dir='ltr'><strong>qna</strong></span> <span class='ocrx_word' id='word_1_47' title='bbox 378 1114 617 1198; x_wconf 79' lang='lat' dir='ltr'><strong>significanter</strong></span> <span class='ocrx_word' id='word_1_48' title='bbox 624 1115 731 1178; x_wconf 86' lang='lat' dir='ltr'><strong>animi</strong></span> <span class='ocrx_word' id='word_1_49' title='bbox 744 1115 858 1178; x_wconf 82' lang='lat' dir='ltr'><strong>variae</strong></span> <span class='ocrx_word' id='word_1_50' title='bbox 868 1115 1058 1200; x_wconf 84' lang='lat' dir='ltr'><strong>passiones,</strong></span> <span class='ocrx_word' id='word_1_51' title='bbox 1072 1135 1157 1200; x_wconf 87' lang='lat' dir='ltr'><strong>quas</strong></span> <span class='ocrx_word' id='word_1_52' title='bbox 1173 1117 1314 1200; x_wconf 87' lang='lat' dir='ltr'><strong>quidam</strong></span> <span class='ocrx_word' id='word_1_53' title='bbox 1323 1118 1477 1184; x_wconf 85' lang='lat' dir='ltr'><strong>adleotns</strong></span> <span class='ocrx_word' id='word_1_54' title='bbox 1491 1121 1621 1188; x_wconf 84' lang='lat' dir='ltr'><strong>dictust.</strong></span> 
     </span>
    </p>

    <p class='ocr_par' dir='ltr' id='par_1_4' title="bbox 149 1216 1623 2120">
     <span class='ocr_line' id='line_1_7' title="bbox 233 1216 1621 1306; baseline 0.004 -23"><span class='ocrx_word' id='word_1_55' title='bbox 233 1219 404 1282; x_wconf 73' lang='lat' dir='ltr'><strong>Laetitiae</strong></span> <span class='ocrx_word' id='word_1_56' title='bbox 416 1229 454 1280; x_wconf 89' lang='lat' dir='ltr'><strong>ut</strong></span> <span class='ocrx_word' id='word_1_57' title='bbox 470 1237 519 1282; x_wconf 84' lang='lat' dir='ltr'><strong>ra</strong></span> <span class='ocrx_word' id='word_1_58' title='bbox 532 1216 589 1278; x_wconf 86' lang='lat' dir='ltr'><strong>vel</strong></span> <span class='ocrx_word' id='word_1_59' title='bbox 602 1217 725 1293; x_wconf 89' lang='lat' dir='ltr'><strong>laudis,</strong></span> <span class='ocrx_word' id='word_1_60' title='bbox 737 1229 777 1280; x_wconf 89' lang='grc' dir='ltr'><strong>ιιι</strong></span> <span class='ocrx_word' id='word_1_61' title='bbox 791 1217 974 1280; x_wconf 88' lang='lat' dir='ltr'><strong>Terentius</strong></span> <span class='ocrx_word' id='word_1_62' title='bbox 985 1253 1028 1266; x_wconf 93' lang='lat'>-</span> <span class='ocrx_word' id='word_1_63' title='bbox 1042 1217 1103 1280; x_wconf 86' lang='lat' dir='ltr'><strong>Va</strong></span> <span class='ocrx_word' id='word_1_64' title='bbox 1114 1217 1347 1282; x_wconf 88' lang='lat' dir='ltr'><strong>eonsilium</strong></span> <span class='ocrx_word' id='word_1_65' title='bbox 1364 1220 1565 1286; x_wconf 82' lang='lat' dir='ltr'><strong>callidum</strong></span> <span class='ocrx_word' id='word_1_66' title='bbox 1582 1223 1621 1306; x_wconf 69' lang='grc' dir='ltr'><strong>ι).</strong></span> 
     </span>
     <span class='ocr_line' id='line_1_8' title="bbox 151 1319 1623 1404; baseline 0.005 -20"><span class='ocrx_word' id='word_1_67' title='bbox 151 1359 190 1370; x_wconf 94' lang='lat'><em>-</em></span> <span class='ocrx_word' id='word_1_68' title='bbox 208 1321 395 1384; x_wconf 88' lang='lat' dir='ltr'><strong>lraseentis</strong></span> <span class='ocrx_word' id='word_1_69' title='bbox 413 1319 468 1382; x_wconf 89' lang='lat' dir='ltr'><strong>vel</strong></span> <span class='ocrx_word' id='word_1_70' title='bbox 487 1319 636 1382; x_wconf 86' lang='lat' dir='ltr'><strong>dolentis</strong></span> <span class='ocrx_word' id='word_1_71' title='bbox 652 1353 694 1368; x_wconf 86' lang='lat'>-</span> <span class='ocrx_word' id='word_1_72' title='bbox 713 1319 805 1381; x_wconf 85' lang='lat' dir='ltr'><strong>lleu</strong></span> <span class='ocrx_word' id='word_1_73' title='bbox 821 1319 998 1404; x_wconf 90' lang='lat' dir='ltr'><strong>stirpem</strong></span> <span class='ocrx_word' id='word_1_74' title='bbox 1014 1320 1240 1404; x_wconf 63' lang='lat' dir='ltr'><strong>invisam).</strong></span> <span class='ocrx_word' id='word_1_75' title='bbox 1253 1321 1475 1388; x_wconf 86' lang='lat' dir='ltr'><strong>-Laotantis</strong></span> <span class='ocrx_word' id='word_1_76' title='bbox 1490 1337 1524 1388; x_wconf 85' lang='lat' dir='ltr'><strong>et</strong></span> <span class='ocrx_word' id='word_1_77' title='bbox 1537 1325 1623 1391; x_wconf 85' lang='lat' dir='ltr'><strong>iras·</strong></span> 
     </span>
     <span class='ocr_line' id='line_1_9' title="bbox 151 1419 1621 1506; baseline 0.002 -18"><span class='ocrx_word' id='word_1_78' title='bbox 151 1425 279 1499; x_wconf 84' lang='lat' dir='ltr'><strong>centis,</strong></span> <span class='ocrx_word' id='word_1_79' title='bbox 299 1435 339 1486; x_wconf 90' lang='lat' dir='ltr'><strong>nt</strong></span> <span class='ocrx_word' id='word_1_80' title='bbox 361 1459 404 1472; x_wconf 89' lang='lat'><em>-</em></span> <span class='ocrx_word' id='word_1_81' title='bbox 423 1421 505 1485; x_wconf 82' lang='lat' dir='ltr'><strong>Pro</strong></span> <span class='ocrx_word' id='word_1_82' title='bbox 527 1421 589 1484; x_wconf 91' lang='lat' dir='ltr'><strong>dii</strong></span> <span class='ocrx_word' id='word_1_83' title='bbox 614 1419 930 1500; x_wconf 81' lang='lat' dir='ltr'><strong>immortalos⁷¹)</strong></span> <span class='ocrx_word' id='word_1_84' title='bbox 951 1421 1115 1486; x_wconf 84' lang='lat' dir='ltr'><strong>lacinus</strong></span> <span class='ocrx_word' id='word_1_85' title='bbox 1137 1421 1409 1506; x_wconf 56' lang='lat' dir='ltr'><strong>indignumff).</strong></span> <span class='ocrx_word' id='word_1_86' title='bbox 1433 1461 1476 1474; x_wconf 83' lang='lat'><strong>·-</strong></span> <span class='ocrx_word' id='word_1_87' title='bbox 1496 1425 1621 1491; x_wconf 86' lang='lat' dir='ltr'><strong>Cicero</strong></span> 
     </span>
     <span class='ocr_line' id='line_1_10' title="bbox 149 1522 1622 1608; baseline 0.001 -19"><span class='ocrx_word' id='word_1_88' title='bbox 149 1525 280 1589; x_wconf 87' lang='lat' dir='ltr'><strong>-Pro</strong></span> <span class='ocrx_word' id='word_1_89' title='bbox 299 1523 415 1605; x_wconf 57' lang='lat' dir='ltr'><strong>dito)</strong></span> <span class='ocrx_word' id='word_1_90' title='bbox 430 1522 795 1608; x_wconf 87' lang='lat' dir='ltr'><strong>immortales,qui</strong></span> <span class='ocrx_word' id='word_1_91' title='bbox 811 1522 880 1586; x_wconf 80' lang='lat' dir='ltr'><strong>nie</strong></span> <span class='ocrx_word' id='word_1_92' title='bbox 901 1522 1065 1586; x_wconf 88' lang='lat' dir='ltr'><strong>inluxit</strong></span> <span class='ocrx_word' id='word_1_93' title='bbox 1087 1525 1507 1608; x_wconf 81' lang='lat' dir='ltr'><strong>dies&#39;).-Laetantiset</strong></span> <span class='ocrx_word' id='word_1_94' title='bbox 1521 1529 1622 1605; x_wconf 87' lang='lat' dir='ltr'><strong>risus,</strong></span> 
     </span>
     <span class='ocr_line' id='line_1_11' title="bbox 149 1618 1622 1711; baseline 0.003 -21"><span class='ocrx_word' id='word_1_95' title='bbox 149 1635 243 1690; x_wconf 87' lang='lat' dir='ltr'><strong>nt&#39;-·</strong></span> <span class='ocrx_word' id='word_1_96' title='bbox 260 1618 571 1708; x_wconf 77' lang='lat' dir='ltr'><strong>llaltalrae⁷³)s).</strong></span> <span class='ocrx_word' id='word_1_97' title='bbox 582 1623 868 1709; x_wconf 76' lang='lat' dir='ltr'><strong>-Admirantis,</strong></span> <span class='ocrx_word' id='word_1_98' title='bbox 877 1637 918 1688; x_wconf 92' lang='lat' dir='ltr'><strong>ut</strong></span> <span class='ocrx_word' id='word_1_99' title='bbox 930 1661 971 1674; x_wconf 88' lang='lat'>-</span> <span class='ocrx_word' id='word_1_100' title='bbox 985 1625 1134 1711; x_wconf 88' lang='lat' dir='ltr'><strong>Papae.</strong></span> <span class='ocrx_word' id='word_1_101' title='bbox 1146 1661 1192 1676; x_wconf 91' lang='lat'><strong>-·</strong></span> <span class='ocrx_word' id='word_1_102' title='bbox 1208 1628 1369 1694; x_wconf 88' lang='lat' dir='ltr'><strong>Dolentis</strong></span> <span class='ocrx_word' id='word_1_103' title='bbox 1382 1665 1424 1678; x_wconf 91' lang='lat'><em>-</em></span> <span class='ocrx_word' id='word_1_104' title='bbox 1437 1628 1550 1707; x_wconf 87' lang='lat' dir='ltr'><strong>lleu,</strong></span> <span class='ocrx_word' id='word_1_105' title='bbox 1571 1652 1622 1694; x_wconf 91' lang='lat' dir='ltr'><strong>ne</strong></span> 
     </span>
     <span class='ocr_line' id='line_1_12' title="bbox 150 1726 1620 1816; baseline 0.003 -25"><span class='ocrx_word' id='word_1_106' title='bbox 150 1729 373 1812; x_wconf 85' lang='lat' dir='ltr'><strong>lacrimas).</strong></span> <span class='ocrx_word' id='word_1_107' title='bbox 396 1726 665 1792; x_wconf 81' lang='lat' dir='ltr'><strong>-Admirantis</strong></span> <span class='ocrx_word' id='word_1_108' title='bbox 689 1739 724 1792; x_wconf 91' lang='lat' dir='ltr'><strong>et</strong></span> <span class='ocrx_word' id='word_1_109' title='bbox 748 1726 917 1804; x_wconf 90' lang='lat' dir='ltr'><strong>dolentis,</strong></span> <span class='ocrx_word' id='word_1_110' title='bbox 935 1741 974 1792; x_wconf 88' lang='lat' dir='ltr'><strong>ut</strong></span> <span class='ocrx_word' id='word_1_111' title='bbox 989 1727 1081 1793; x_wconf 83' lang='grc' dir='ltr'><strong>-Ο</strong></span> <span class='ocrx_word' id='word_1_112' title='bbox 1104 1728 1314 1797; x_wconf 78' lang='lat' dir='ltr'><strong>fortunati</strong></span> <span class='ocrx_word' id='word_1_113' title='bbox 1337 1750 1517 1816; x_wconf 87' lang='lat' dir='ltr'><strong>quorum</strong></span> <span class='ocrx_word' id='word_1_114' title='bbox 1542 1734 1620 1796; x_wconf 90' lang='lat' dir='ltr'><strong>iam</strong></span> 
     </span>
     <span class='ocr_line' id='line_1_13' title="bbox 151 1827 1621 1916; baseline 0.003 -22"><span class='ocrx_word' id='word_1_115' title='bbox 151 1833 316 1896; x_wconf 88' lang='lat' dir='ltr'><strong>moenia</strong></span> <span class='ocrx_word' id='word_1_116' title='bbox 338 1827 559 1914; x_wconf 75' lang='lat' dir='ltr'><strong>surgunt*)</strong></span> <span class='ocrx_word' id='word_1_117' title='bbox 572 1865 615 1880; x_wconf 86' lang='lat'><em>-</em></span> <span class='ocrx_word' id='word_1_118' title='bbox 628 1841 719 1892; x_wconf 82' lang='lat' dir='ltr'><strong>et—</strong></span> <span class='ocrx_word' id='word_1_119' title='bbox 732 1828 766 1894; x_wconf 93' lang='grc' dir='ltr'><strong>Ο</strong></span> <span class='ocrx_word' id='word_1_120' title='bbox 787 1829 976 1908; x_wconf 78' lang='lat' dir='ltr'><strong>miserae,</strong></span> <span class='ocrx_word' id='word_1_121' title='bbox 993 1851 1095 1915; x_wconf 77' lang='lat' dir='ltr'><strong>qaas</strong></span> <span class='ocrx_word' id='word_1_122' title='bbox 1114 1851 1198 1896; x_wconf 89' lang='lat' dir='ltr'><strong>non</strong></span> <span class='ocrx_word' id='word_1_123' title='bbox 1217 1853 1361 1898; x_wconf 90' lang='lat' dir='ltr'><strong>manus</strong></span> <span class='ocrx_word' id='word_1_124' title='bbox 1374 1835 1396 1916; x_wconf 88' lang='lat'><strong>¹)</strong></span> <span class='ocrx_word' id='word_1_125' title='bbox 1412 1834 1571 1898; x_wconf 86' lang='lat' dir='ltr'><strong>-vel-</strong></span> <span class='ocrx_word' id='word_1_126' title='bbox 1586 1833 1621 1899; x_wconf 89' lang='grc' dir='ltr'><strong>Ο</strong></span> 
     </span>
     <span class='ocr_line' id='line_1_14' title="bbox 152 1931 1621 2024; baseline 0.002 -28"><span class='ocrx_word' id='word_1_127' title='bbox 152 1933 272 1997; x_wconf 88' lang='lat' dir='ltr'><strong>dolor</strong></span> <span class='ocrx_word' id='word_1_128' title='bbox 290 1931 601 2017; x_wconf 78' lang='lat' dir='ltr'><strong>atquedeons¹).</strong></span> <span class='ocrx_word' id='word_1_129' title='bbox 616 1969 658 1984; x_wconf 85' lang='lat'><strong>-</strong></span> <span class='ocrx_word' id='word_1_130' title='bbox 674 1931 868 2008; x_wconf 82' lang='lat' dir='ltr'><strong>Hortantis,</strong></span> <span class='ocrx_word' id='word_1_131' title='bbox 884 1941 982 1994; x_wconf 82' lang='lat' dir='ltr'><strong>ut-</strong></span> <span class='ocrx_word' id='word_1_132' title='bbox 998 1931 1122 2009; x_wconf 87' lang='lat' dir='ltr'><strong>lleia,</strong></span> <span class='ocrx_word' id='word_1_133' title='bbox 1138 1954 1234 2019; x_wconf 74' lang='lat' dir='ltr'><strong>age,</strong></span> <span class='ocrx_word' id='word_1_134' title='bbox 1249 1956 1412 2024; x_wconf 85' lang='lat' dir='ltr'><strong>rumpe,</strong></span> <span class='ocrx_word' id='word_1_135' title='bbox 1432 1933 1621 2018; x_wconf 71' lang='lat' dir='ltr'><strong>moras1).</strong></span> 
     </span>
     <span class='ocr_line' id='line_1_15' title="bbox 151 2033 1184 2120; baseline 0.004 -23"><span class='ocrx_word' id='word_1_136' title='bbox 151 2071 189 2084; x_wconf 86' lang='lat'><strong>-·</strong></span> <span class='ocrx_word' id='word_1_137' title='bbox 212 2034 300 2098; x_wconf 89' lang='lat' dir='ltr'><strong>ltem</strong></span> <span class='ocrx_word' id='word_1_138' title='bbox 322 2035 514 2120; x_wconf 84' lang='lat' dir='ltr'><strong>plurimae,</strong></span> <span class='ocrx_word' id='word_1_139' title='bbox 538 2053 623 2120; x_wconf 88' lang='lat' dir='ltr'><strong>quas</strong></span> <span class='ocrx_word' id='word_1_140' title='bbox 645 2033 799 2098; x_wconf 82' lang='lat' dir='ltr'><strong>adlectus</strong></span> <span class='ocrx_word' id='word_1_141' title='bbox 824 2033 956 2098; x_wconf 81' lang='lat' dir='ltr'><strong>isoiunt</strong></span> <span class='ocrx_word' id='word_1_142' title='bbox 978 2035 1184 2102; x_wconf 84' lang='lat' dir='ltr'><strong>animorum.</strong></span> 
     </span>
    </p>

    <p class='ocr_par' dir='ltr' id='par_1_5' title="bbox 151 2135 1672 3654">
     <span class='ocr_line' id='line_1_16' title="bbox 232 2135 1623 2226; baseline 0.001 -24"><span class='ocrx_word' id='word_1_143' title='bbox 232 2141 286 2202; x_wconf 78' lang='grc'><strong>82.</strong></span> <span class='ocrx_word' id='word_1_144' title='bbox 298 2139 353 2202; x_wconf 85' lang='lat' dir='ltr'><strong>De</strong></span> <span class='ocrx_word' id='word_1_145' title='bbox 367 2135 580 2202; x_wconf 72' lang='lat' dir='ltr'><strong>sssrrttro</strong></span> <span class='ocrx_word' id='word_1_146' title='bbox 595 2135 716 2201; x_wconf 77' lang='lat' dir='ltr'><strong>cnstt</strong></span> <span class='ocrx_word' id='word_1_147' title='bbox 732 2139 779 2218; x_wconf 84' lang='grc' dir='ltr'><strong>Ι·).</strong></span> <span class='ocrx_word' id='word_1_148' title='bbox 801 2135 977 2222; x_wconf 76' lang='lat' dir='ltr'><strong>Septimus</strong></span> <span class='ocrx_word' id='word_1_149' title='bbox 994 2155 1092 2200; x_wconf 88' lang='lat' dir='ltr'><strong>ossus</strong></span> <span class='ocrx_word' id='word_1_150' title='bbox 1109 2139 1147 2202; x_wconf 82' lang='lat' dir='ltr'><strong>fit</strong></span> <span class='ocrx_word' id='word_1_151' title='bbox 1164 2138 1300 2204; x_wconf 85' lang='lat' dir='ltr'><strong>duobus</strong></span> <span class='ocrx_word' id='word_1_152' title='bbox 1316 2138 1476 2204; x_wconf 77' lang='lat' dir='ltr'><strong>ablativis</strong></span> <span class='ocrx_word' id='word_1_153' title='bbox 1489 2141 1623 2226; x_wconf 87' lang='lat' dir='ltr'><strong>pariter</strong></span> 
     </span>
     <span class='ocr_line' id='line_1_17' title="bbox 153 2237 1622 2326; baseline 0.001 -24"><span class='ocrx_word' id='word_1_154' title='bbox 153 2239 337 2324; x_wconf 84' lang='lat' dir='ltr'><strong>copulatis,</strong></span> <span class='ocrx_word' id='word_1_155' title='bbox 355 2241 416 2324; x_wconf 90' lang='lat' dir='ltr'><strong>qui</strong></span> <span class='ocrx_word' id='word_1_156' title='bbox 431 2239 644 2302; x_wconf 87' lang='lat' dir='ltr'><strong>loentionem</strong></span> <span class='ocrx_word' id='word_1_157' title='bbox 664 2238 768 2303; x_wconf 86' lang='lat' dir='ltr'><strong>hahet</strong></span> <span class='ocrx_word' id='word_1_158' title='bbox 782 2237 1012 2302; x_wconf 88' lang='lat' dir='ltr'><strong>ablativornm</strong></span> <span class='ocrx_word' id='word_1_159' title='bbox 1028 2259 1187 2316; x_wconf 79' lang='lat' dir='ltr'><strong>ossuum,</strong></span> <span class='ocrx_word' id='word_1_160' title='bbox 1209 2241 1422 2305; x_wconf 82' lang='lat' dir='ltr'><strong>intellectum</strong></span> <span class='ocrx_word' id='word_1_161' title='bbox 1441 2243 1622 2326; x_wconf 80' lang='lat' dir='ltr'><strong>genetivo-</strong></span> 
     </span>
     <span class='ocr_line' id='line_1_18' title="bbox 152 2339 1622 2429; baseline 0.003 -25"><span class='ocrx_word' id='word_1_162' title='bbox 152 2361 246 2418; x_wconf 88' lang='lat' dir='ltr'><strong>rnm·,</strong></span> <span class='ocrx_word' id='word_1_163' title='bbox 263 2341 350 2404; x_wconf 84' lang='lat' dir='ltr'><strong>nihil</strong></span> <span class='ocrx_word' id='word_1_164' title='bbox 366 2343 459 2404; x_wconf 90' lang='lat' dir='ltr'><strong>enim</strong></span> <span class='ocrx_word' id='word_1_165' title='bbox 478 2341 648 2426; x_wconf 71' lang='lat' dir='ltr'><strong>signifieat</strong></span> <span class='ocrx_word' id='word_1_166' title='bbox 665 2339 852 2405; x_wconf 73' lang='lat' dir='ltr'><strong>auferendi.</strong></span> <span class='ocrx_word' id='word_1_167' title='bbox 868 2341 935 2404; x_wconf 87' lang='lat' dir='ltr'><strong>llio</strong></span> <span class='ocrx_word' id='word_1_168' title='bbox 948 2341 987 2404; x_wconf 86' lang='lat' dir='ltr'><strong>tit</strong></span> <span class='ocrx_word' id='word_1_169' title='bbox 1005 2343 1118 2406; x_wconf 87' lang='lat' dir='ltr'><strong>modis</strong></span> <span class='ocrx_word' id='word_1_170' title='bbox 1137 2355 1227 2406; x_wconf 84' lang='lat' dir='ltr'><strong>octo.</strong></span> <span class='ocrx_word' id='word_1_171' title='bbox 1243 2343 1313 2408; x_wconf 80' lang='lat' dir='ltr'><strong>Aut</strong></span> <span class='ocrx_word' id='word_1_172' title='bbox 1324 2363 1368 2408; x_wconf 82' lang='lat' dir='ltr'><strong>ex</strong></span> <span class='ocrx_word' id='word_1_173' title='bbox 1382 2344 1568 2429; x_wconf 78' lang='lat' dir='ltr'><strong>participio</strong></span> <span class='ocrx_word' id='word_1_174' title='bbox 1587 2355 1622 2408; x_wconf 91' lang='lat' dir='ltr'><strong>et</strong></span> 
     </span>
     <span class='ocr_line' id='line_1_19' title="bbox 152 2443 1621 2530; baseline 0.003 -26"><span class='ocrx_word' id='word_1_175' title='bbox 152 2444 310 2521; x_wconf 88' lang='lat' dir='ltr'><strong>nomine,</strong></span> <span class='ocrx_word' id='word_1_176' title='bbox 325 2457 414 2507; x_wconf 89' lang='lat' dir='ltr'><strong>nt—</strong></span> <span class='ocrx_word' id='word_1_177' title='bbox 426 2443 608 2507; x_wconf 78' lang='lat' dir='ltr'><strong>ducente</strong></span> <span class='ocrx_word' id='word_1_178' title='bbox 621 2443 982 2528; x_wconf 80' lang='lat' dir='ltr'><strong>Dea·)-voleute</strong></span> <span class='ocrx_word' id='word_1_179' title='bbox 994 2443 1120 2526; x_wconf 84' lang='lat' dir='ltr'><strong>Deo·)</strong></span> <span class='ocrx_word' id='word_1_180' title='bbox 1133 2447 1449 2509; x_wconf 84' lang='lat' dir='ltr'><strong>-autexnomine</strong></span> <span class='ocrx_word' id='word_1_181' title='bbox 1464 2459 1500 2509; x_wconf 86' lang='lat' dir='ltr'><strong>et</strong></span> <span class='ocrx_word' id='word_1_182' title='bbox 1512 2446 1621 2530; x_wconf 83' lang='lat' dir='ltr'><strong>parti·</strong></span> 
     </span>
     <span class='ocr_line' id='line_1_20' title="bbox 153 2545 1623 2630; baseline -0.001 -22"><span class='ocrx_word' id='word_1_183' title='bbox 153 2547 264 2629; x_wconf 83' lang='lat' dir='ltr'><strong>cipio,</strong></span> <span class='ocrx_word' id='word_1_184' title='bbox 287 2557 571 2610; x_wconf 87' lang='lat' dir='ltr'><strong>nt-oratore</strong></span> <span class='ocrx_word' id='word_1_185' title='bbox 595 2545 918 2611; x_wconf 83' lang='lat' dir='ltr'><strong>declamante-</strong></span> <span class='ocrx_word' id='word_1_186' title='bbox 936 2545 1163 2610; x_wconf 75' lang='lat' dir='ltr'><strong>sacerdote</strong></span> <span class='ocrx_word' id='word_1_187' title='bbox 1185 2547 1401 2630; x_wconf 73' lang='lat' dir='ltr'><strong>docenter)</strong></span> <span class='ocrx_word' id='word_1_188' title='bbox 1422 2584 1465 2598; x_wconf 93' lang='lat'><strong>-·-</strong></span> <span class='ocrx_word' id='word_1_189' title='bbox 1492 2557 1553 2610; x_wconf 87' lang='lat' dir='ltr'><strong>aut</strong></span> <span class='ocrx_word' id='word_1_190' title='bbox 1576 2565 1623 2608; x_wconf 81' lang='lat' dir='ltr'><strong>ex</strong></span> 
     </span>
     <span class='ocr_line' id='line_1_21' title="bbox 152 2643 1623 2734; baseline 0 -24"><span class='ocrx_word' id='word_1_191' title='bbox 152 2643 283 2712; x_wconf 77' lang='lat' dir='ltr'><strong>duobos</strong></span> <span class='ocrx_word' id='word_1_192' title='bbox 298 2649 503 2734; x_wconf 75' lang='lat' dir='ltr'><strong>participiis,</strong></span> <span class='ocrx_word' id='word_1_193' title='bbox 512 2660 551 2711; x_wconf 87' lang='lat' dir='ltr'><strong>ut</strong></span> <span class='ocrx_word' id='word_1_194' title='bbox 561 2649 660 2713; x_wconf 80' lang='lat' dir='ltr'><strong>-do</strong></span> <span class='ocrx_word' id='word_1_195' title='bbox 669 2662 734 2713; x_wconf 87' lang='lat' dir='ltr'><strong>eto</strong></span> <span class='ocrx_word' id='word_1_196' title='bbox 754 2660 1059 2733; x_wconf 79' lang='lat' dir='ltr'><strong>exponente-</strong></span> <span class='ocrx_word' id='word_1_197' title='bbox 1072 2661 1132 2714; x_wconf 87' lang='lat' dir='ltr'><strong>aut</strong></span> <span class='ocrx_word' id='word_1_198' title='bbox 1146 2669 1192 2712; x_wconf 88' lang='lat' dir='ltr'><strong>ex</strong></span> <span class='ocrx_word' id='word_1_199' title='bbox 1204 2649 1340 2714; x_wconf 89' lang='lat' dir='ltr'><strong>dnobus</strong></span> <span class='ocrx_word' id='word_1_200' title='bbox 1354 2648 1571 2724; x_wconf 89' lang='lat' dir='ltr'><strong>nominibus,</strong></span> <span class='ocrx_word' id='word_1_201' title='bbox 1585 2659 1623 2710; x_wconf 89' lang='lat' dir='ltr'><strong>nt</strong></span> 
     </span>
     <span class='ocr_line' id='line_1_22' title="bbox 152 2750 1622 2837; baseline -0.001 -25"><span class='ocrx_word' id='word_1_202' title='bbox 152 2750 315 2813; x_wconf 90' lang='lat' dir='ltr'><strong>-bono</strong></span> <span class='ocrx_word' id='word_1_203' title='bbox 338 2751 682 2816; x_wconf 83' lang='lat' dir='ltr'><strong>homine-sutex</strong></span> <span class='ocrx_word' id='word_1_204' title='bbox 695 2752 905 2837; x_wconf 87' lang='lat' dir='ltr'><strong>pronomine</strong></span> <span class='ocrx_word' id='word_1_205' title='bbox 916 2762 951 2814; x_wconf 92' lang='lat' dir='ltr'><strong>et</strong></span> <span class='ocrx_word' id='word_1_206' title='bbox 965 2751 1119 2826; x_wconf 88' lang='lat' dir='ltr'><strong>nomine,</strong></span> <span class='ocrx_word' id='word_1_207' title='bbox 1131 2764 1289 2815; x_wconf 84' lang='lat' dir='ltr'><strong>nt-me</strong></span> <span class='ocrx_word' id='word_1_208' title='bbox 1302 2752 1558 2834; x_wconf 69' lang='lat' dir='ltr'><strong>‹luceo-sut</strong></span> <span class='ocrx_word' id='word_1_209' title='bbox 1577 2770 1622 2812; x_wconf 88' lang='lat' dir='ltr'><strong>ex</strong></span> 
     </span>
     <span class='ocr_line' id='line_1_23' title="bbox 152 2849 1672 2944; baseline 0.004 -32"><span class='ocrx_word' id='word_1_210' title='bbox 152 2853 290 2916; x_wconf 89' lang='lat' dir='ltr'><strong>nomine</strong></span> <span class='ocrx_word' id='word_1_211' title='bbox 303 2865 338 2916; x_wconf 89' lang='lat' dir='ltr'><strong>et</strong></span> <span class='ocrx_word' id='word_1_212' title='bbox 353 2855 579 2938; x_wconf 77' lang='lat' dir='ltr'><strong>pronomine,</strong></span> <span class='ocrx_word' id='word_1_213' title='bbox 602 2866 693 2917; x_wconf 82' lang='lat' dir='ltr'><strong>ut-</strong></span> <span class='ocrx_word' id='word_1_214' title='bbox 706 2853 896 2918; x_wconf 86' lang='lat' dir='ltr'><strong>laetante</strong></span> <span class='ocrx_word' id='word_1_215' title='bbox 916 2873 980 2917; x_wconf 89' lang='lat' dir='ltr'><strong>me</strong></span> <span class='ocrx_word' id='word_1_216' title='bbox 992 2889 1034 2902; x_wconf 89' lang='lat'><strong>—·</strong></span> <span class='ocrx_word' id='word_1_217' title='bbox 1044 2873 1125 2918; x_wconf 89' lang='lat' dir='ltr'><strong>nam</strong></span> <span class='ocrx_word' id='word_1_218' title='bbox 1144 2873 1189 2917; x_wconf 84' lang='lat' dir='ltr'><strong>ert</strong></span> <span class='ocrx_word' id='word_1_219' title='bbox 1202 2853 1339 2918; x_wconf 87' lang='lat' dir='ltr'><strong>duobus</strong></span> <span class='ocrx_word' id='word_1_220' title='bbox 1352 2849 1629 2944; x_wconf 77' lang='lat' dir='ltr'><strong>pronominibus</strong></span> <span class='ocrx_word' id='word_1_221' title='bbox 1669 2909 1672 2918; x_wconf 88' lang='lat'><strong>.</strong></span> 
     </span>
     <span class='ocr_line' id='line_1_24' title="bbox 152 2955 1622 3042; baseline -0.001 -25"><span class='ocrx_word' id='word_1_222' title='bbox 152 2955 315 3038; x_wconf 86' lang='lat' dir='ltr'><strong>septimus</strong></span> <span class='ocrx_word' id='word_1_223' title='bbox 329 2975 426 3018; x_wconf 82' lang='lat' dir='ltr'><strong>ossus</strong></span> <span class='ocrx_word' id='word_1_224' title='bbox 441 2957 514 3018; x_wconf 83' lang='lat' dir='ltr'><strong>lieri</strong></span> <span class='ocrx_word' id='word_1_225' title='bbox 525 2975 597 3020; x_wconf 90' lang='lat' dir='ltr'><strong>non</strong></span> <span class='ocrx_word' id='word_1_226' title='bbox 609 2969 732 3042; x_wconf 91' lang='lat' dir='ltr'><strong>potest.</strong></span> <span class='ocrx_word' id='word_1_227' title='bbox 745 2956 898 3040; x_wconf 76' lang='lat' dir='ltr'><strong>Quidam</strong></span> <span class='ocrx_word' id='word_1_228' title='bbox 910 2967 1034 3040; x_wconf 86' lang='lat' dir='ltr'><strong>putant</strong></span> <span class='ocrx_word' id='word_1_229' title='bbox 1047 2957 1100 3020; x_wconf 89' lang='lat' dir='ltr'><strong>his</strong></span> <span class='ocrx_word' id='word_1_230' title='bbox 1115 2957 1251 3021; x_wconf 80' lang='lat' dir='ltr'><strong>essibus</strong></span> <span class='ocrx_word' id='word_1_231' title='bbox 1267 2957 1393 3020; x_wconf 85' lang='lat' dir='ltr'><strong>innotis</strong></span> <span class='ocrx_word' id='word_1_232' title='bbox 1407 2955 1622 3019; x_wconf 86' lang='lat' dir='ltr'><strong>intellectum</strong></span> 
     </span>
     <span class='ocr_line' id='line_1_25' title="bbox 151 3055 1622 3145; baseline 0.001 -30"><span class='ocrx_word' id='word_1_233' title='bbox 151 3055 218 3119; x_wconf 87' lang='lat' dir='ltr'><strong>ieri</strong></span> <span class='ocrx_word' id='word_1_234' title='bbox 245 3057 356 3122; x_wconf 70' lang='lat' dir='ltr'><strong>dativi</strong></span> <span class='ocrx_word' id='word_1_235' title='bbox 380 3075 477 3121; x_wconf 86' lang='lat' dir='ltr'><strong>oasus</strong></span> <span class='ocrx_word' id='word_1_236' title='bbox 507 3069 541 3120; x_wconf 91' lang='lat' dir='ltr'><strong>et</strong></span> <span class='ocrx_word' id='word_1_237' title='bbox 570 3061 690 3122; x_wconf 80' lang='lat' dir='ltr'><strong>voeari</strong></span> <span class='ocrx_word' id='word_1_238' title='bbox 719 3059 834 3145; x_wconf 89' lang='lat' dir='ltr'><strong>ipsum</strong></span> <span class='ocrx_word' id='word_1_239' title='bbox 864 3077 1005 3143; x_wconf 87' lang='lat' dir='ltr'><strong>quoque</strong></span> <span class='ocrx_word' id='word_1_240' title='bbox 1031 3059 1215 3142; x_wconf 86' lang='lat' dir='ltr'><strong>septimum</strong></span> <span class='ocrx_word' id='word_1_241' title='bbox 1241 3079 1375 3134; x_wconf 82' lang='lat' dir='ltr'><strong>ossum,</strong></span> <span class='ocrx_word' id='word_1_242' title='bbox 1400 3071 1438 3121; x_wconf 90' lang='lat' dir='ltr'><strong>ut</strong></span> <span class='ocrx_word' id='word_1_243' title='bbox 1455 3068 1507 3120; x_wconf 90' lang='lat' dir='ltr'><strong>est</strong></span> <span class='ocrx_word' id='word_1_244' title='bbox 1526 3091 1568 3104; x_wconf 83' lang='lat'><strong>·-</strong></span> <span class='ocrx_word' id='word_1_245' title='bbox 1588 3067 1622 3117; x_wconf 90' lang='lat' dir='ltr'><strong>et</strong></span> 
     </span>
     <span class='ocr_line' id='line_1_26' title="bbox 153 3156 1622 3246; baseline 0 -28"><span class='ocrx_word' id='word_1_246' title='bbox 153 3177 295 3242; x_wconf 80' lang='lat' dir='ltr'><strong>magno</strong></span> <span class='ocrx_word' id='word_1_247' title='bbox 317 3181 358 3224; x_wconf 87' lang='lat' dir='ltr'><strong>se</strong></span> <span class='ocrx_word' id='word_1_248' title='bbox 374 3179 551 3246; x_wconf 80' lang='lat' dir='ltr'><strong>corpore</strong></span> <span class='ocrx_word' id='word_1_249' title='bbox 572 3159 895 3244; x_wconf 60' lang='lat' dir='ltr'><strong>misem-ssd</strong></span> <span class='ocrx_word' id='word_1_250' title='bbox 910 3171 1041 3236; x_wconf 89' lang='lat' dir='ltr'><strong>errant,</strong></span> <span class='ocrx_word' id='word_1_251' title='bbox 1056 3179 1137 3224; x_wconf 87' lang='lat' dir='ltr'><strong>nam</strong></span> <span class='ocrx_word' id='word_1_252' title='bbox 1152 3161 1434 3246; x_wconf 87' lang='lat' dir='ltr'><strong>ibiantiqssomm</strong></span> <span class='ocrx_word' id='word_1_253' title='bbox 1449 3177 1545 3221; x_wconf 87' lang='lat' dir='ltr'><strong>more</strong></span> <span class='ocrx_word' id='word_1_254' title='bbox 1561 3156 1622 3219; x_wconf 86' lang='lat' dir='ltr'><strong>ab·</strong></span> 
     </span>
     <span class='ocr_line' id='line_1_27' title="bbox 151 3257 1622 3348; baseline 0 -28"><span class='ocrx_word' id='word_1_255' title='bbox 151 3257 288 3323; x_wconf 75' lang='lat' dir='ltr'><strong>latinum</strong></span> <span class='ocrx_word' id='word_1_256' title='bbox 309 3282 375 3346; x_wconf 83' lang='lat' dir='ltr'><strong>pm</strong></span> <span class='ocrx_word' id='word_1_257' title='bbox 395 3261 510 3326; x_wconf 88' lang='lat' dir='ltr'><strong>dativo</strong></span> <span class='ocrx_word' id='word_1_258' title='bbox 524 3264 656 3348; x_wconf 89' lang='lat' dir='ltr'><strong>posuit,</strong></span> <span class='ocrx_word' id='word_1_259' title='bbox 679 3263 869 3348; x_wconf 84' lang='lat' dir='ltr'><strong>quodlicet</strong></span> <span class='ocrx_word' id='word_1_260' title='bbox 886 3264 1008 3340; x_wconf 85' lang='lat' dir='ltr'><strong>etiam,</strong></span> <span class='ocrx_word' id='word_1_261' title='bbox 1026 3263 1055 3326; x_wconf 91' lang='lat' dir='ltr'><strong>si</strong></span> <span class='ocrx_word' id='word_1_262' title='bbox 1074 3283 1146 3327; x_wconf 91' lang='lat' dir='ltr'><strong>non</strong></span> <span class='ocrx_word' id='word_1_263' title='bbox 1162 3265 1377 3327; x_wconf 82' lang='lat' dir='ltr'><strong>iunxerimus</strong></span> <span class='ocrx_word' id='word_1_264' title='bbox 1392 3263 1482 3326; x_wconf 88' lang='lat' dir='ltr'><strong>duos</strong></span> <span class='ocrx_word' id='word_1_265' title='bbox 1499 3257 1622 3324; x_wconf 86' lang='lat' dir='ltr'><strong>ablati-</strong></span> 
     </span>
     <span class='ocr_line' id='line_1_28' title="bbox 152 3362 1622 3451; baseline 0.003 -31"><span class='ocrx_word' id='word_1_266' title='bbox 152 3381 226 3438; x_wconf 86' lang='lat' dir='ltr'><strong>vos,</strong></span> <span class='ocrx_word' id='word_1_267' title='bbox 240 3382 374 3448; x_wconf 88' lang='lat' dir='ltr'><strong>ponere</strong></span> <span class='ocrx_word' id='word_1_268' title='bbox 388 3362 576 3428; x_wconf 78' lang='lat' dir='ltr'><strong>ablativum</strong></span> <span class='ocrx_word' id='word_1_269' title='bbox 590 3365 722 3429; x_wconf 87' lang='lat' dir='ltr'><strong>seilicet</strong></span> <span class='ocrx_word' id='word_1_270' title='bbox 736 3385 801 3450; x_wconf 88' lang='lat' dir='ltr'><strong>pro</strong></span> <span class='ocrx_word' id='word_1_271' title='bbox 813 3367 941 3441; x_wconf 90' lang='lat' dir='ltr'><strong>dativo,</strong></span> <span class='ocrx_word' id='word_1_272' title='bbox 955 3377 995 3428; x_wconf 90' lang='lat' dir='ltr'><strong>ut</strong></span> <span class='ocrx_word' id='word_1_273' title='bbox 1011 3378 1063 3429; x_wconf 91' lang='lat' dir='ltr'><strong>est</strong></span> <span class='ocrx_word' id='word_1_274' title='bbox 1076 3367 1272 3428; x_wconf 90' lang='lat' dir='ltr'><strong>—haeret</strong></span> <span class='ocrx_word' id='word_1_275' title='bbox 1285 3365 1392 3451; x_wconf 89' lang='lat' dir='ltr'><strong>pede</strong></span> <span class='ocrx_word' id='word_1_276' title='bbox 1409 3383 1482 3449; x_wconf 90' lang='lat' dir='ltr'><strong>pes</strong></span> <span class='ocrx_word' id='word_1_277' title='bbox 1493 3362 1521 3441; x_wconf 83' lang='lat'><strong>⁴)</strong></span> <span class='ocrx_word' id='word_1_278' title='bbox 1536 3372 1622 3424; x_wconf 88' lang='lat' dir='ltr'><strong>-et</strong></span> 
     </span>
     <span class='ocr_line' id='line_1_29' title="bbox 151 3464 1621 3553; baseline -0.002 -27"><span class='ocrx_word' id='word_1_279' title='bbox 151 3499 183 3510; x_wconf 91' lang='lat'>-</span> <span class='ocrx_word' id='word_1_280' title='bbox 205 3464 335 3529; x_wconf 81' lang='lat' dir='ltr'><strong>Peroe</strong></span> <span class='ocrx_word' id='word_1_281' title='bbox 352 3477 463 3530; x_wconf 85' lang='lat' dir='ltr'><strong>metu</strong></span> <span class='ocrx_word' id='word_1_282' title='bbox 483 3465 860 3553; x_wconf 57' lang='lat' dir='ltr'><strong>Cytheram-pro</strong></span> <span class='ocrx_word' id='word_1_283' title='bbox 877 3468 990 3552; x_wconf 87' lang='lat' dir='ltr'><strong>pedi,</strong></span> <span class='ocrx_word' id='word_1_284' title='bbox 1008 3482 1073 3551; x_wconf 86' lang='lat' dir='ltr'><strong>pro</strong></span> <span class='ocrx_word' id='word_1_285' title='bbox 1092 3467 1242 3542; x_wconf 84' lang='lat' dir='ltr'><strong>metui;</strong></span> <span class='ocrx_word' id='word_1_286' title='bbox 1267 3465 1365 3550; x_wconf 87' lang='lat' dir='ltr'><strong>quod</strong></span> <span class='ocrx_word' id='word_1_287' title='bbox 1377 3465 1544 3549; x_wconf 86' lang='lat' dir='ltr'><strong>septimus</strong></span> <span class='ocrx_word' id='word_1_288' title='bbox 1565 3481 1621 3525; x_wconf 86' lang='lat' dir='ltr'><strong>oa-</strong></span> 
     </span>
     <span class='ocr_line' id='line_1_30' title="bbox 151 3563 1599 3654; baseline -0.002 -27"><span class='ocrx_word' id='word_1_289' title='bbox 151 3585 206 3628; x_wconf 88' lang='lat' dir='ltr'><strong>sus</strong></span> <span class='ocrx_word' id='word_1_290' title='bbox 224 3567 299 3630; x_wconf 84' lang='lat' dir='ltr'><strong>lieri</strong></span> <span class='ocrx_word' id='word_1_291' title='bbox 318 3587 390 3630; x_wconf 91' lang='lat' dir='ltr'><strong>non</strong></span> <span class='ocrx_word' id='word_1_292' title='bbox 412 3581 527 3654; x_wconf 90' lang='lat' dir='ltr'><strong>potest</strong></span> <span class='ocrx_word' id='word_1_293' title='bbox 543 3571 616 3632; x_wconf 90' lang='lat' dir='ltr'><strong>sine</strong></span> <span class='ocrx_word' id='word_1_294' title='bbox 638 3569 773 3634; x_wconf 85' lang='lat' dir='ltr'><strong>dnobus</strong></span> <span class='ocrx_word' id='word_1_295' title='bbox 795 3569 954 3633; x_wconf 81' lang='lat' dir='ltr'><strong>ablativis</strong></span> <span class='ocrx_word' id='word_1_296' title='bbox 971 3581 1006 3631; x_wconf 90' lang='lat' dir='ltr'><strong>et</strong></span> <span class='ocrx_word' id='word_1_297' title='bbox 1025 3567 1099 3630; x_wconf 85' lang='lat' dir='ltr'><strong>sine</strong></span> <span class='ocrx_word' id='word_1_298' title='bbox 1119 3566 1297 3630; x_wconf 87' lang='lat' dir='ltr'><strong>intellectu</strong></span> <span class='ocrx_word' id='word_1_299' title='bbox 1317 3585 1415 3630; x_wconf 83' lang='lat' dir='ltr'><strong>ossus</strong></span> <span class='ocrx_word' id='word_1_300' title='bbox 1436 3563 1599 3648; x_wconf 80' lang='lat' dir='ltr'><strong>genetivi.</strong></span> 
     </span>
    </p>

    <p class='ocr_par' dir='ltr' id='par_1_6' title="bbox 151 3665 1619 3858">
     <span class='ocr_line' id='line_1_31' title="bbox 232 3665 1619 3758; baseline -0.006 -24"><span class='ocrx_word' id='word_1_301' title='bbox 232 3672 285 3734; x_wconf 86' lang='grc'><strong>83.</strong></span> <span class='ocrx_word' id='word_1_302' title='bbox 308 3670 372 3733; x_wconf 88' lang='lat' dir='ltr'><strong>DE</strong></span> <span class='ocrx_word' id='word_1_303' title='bbox 387 3669 617 3736; x_wconf 84' lang='lat' dir='ltr'><strong>SYNCOPE.</strong></span> <span class='ocrx_word' id='word_1_304' title='bbox 641 3669 802 3758; x_wconf 85' lang='lat' dir='ltr'><strong>Synoope</strong></span> <span class='ocrx_word' id='word_1_305' title='bbox 816 3683 884 3749; x_wconf 88' lang='lat' dir='ltr'><strong>est,</strong></span> <span class='ocrx_word' id='word_1_306' title='bbox 908 3689 988 3736; x_wconf 84' lang='lat' dir='ltr'><strong>enm</strong></span> <span class='ocrx_word' id='word_1_307' title='bbox 1000 3689 1070 3733; x_wconf 86' lang='lat' dir='ltr'><strong>una</strong></span> <span class='ocrx_word' id='word_1_308' title='bbox 1082 3669 1139 3732; x_wconf 82' lang='lat' dir='ltr'><strong>rel</strong></span> <span class='ocrx_word' id='word_1_309' title='bbox 1153 3669 1271 3754; x_wconf 83' lang='lat' dir='ltr'><strong>plures</strong></span> <span class='ocrx_word' id='word_1_310' title='bbox 1283 3667 1418 3731; x_wconf 84' lang='lat' dir='ltr'><strong>litterae</strong></span> <span class='ocrx_word' id='word_1_311' title='bbox 1431 3665 1619 3738; x_wconf 88' lang='lat' dir='ltr'><strong>eliduntur,</strong></span> 
     </span>
     <span class='ocr_line' id='line_1_32' title="bbox 151 3770 1597 3858; baseline -0.005 -25"><span class='ocrx_word' id='word_1_312' title='bbox 151 3771 476 3858; x_wconf 79' lang='lat' dir='ltr'><strong>ut-Apparent</strong></span> <span class='ocrx_word' id='word_1_313' title='bbox 500 3774 587 3836; x_wconf 90' lang='lat' dir='ltr'><strong>rari</strong></span> <span class='ocrx_word' id='word_1_314' title='bbox 612 3785 764 3838; x_wconf 89' lang='lat' dir='ltr'><strong>nantes</strong></span> <span class='ocrx_word' id='word_1_315' title='bbox 789 3774 1016 3858; x_wconf 78' lang='lat' dir='ltr'><strong>ingurgito</strong></span> <span class='ocrx_word' id='word_1_316' title='bbox 1041 3775 1260 3854; x_wconf 80' lang='lat' dir='ltr'><strong>vasto“)—</strong></span> <span class='ocrx_word' id='word_1_317' title='bbox 1282 3770 1407 3844; x_wconf 86' lang='lat' dir='ltr'><strong>idest,</strong></span> <span class='ocrx_word' id='word_1_318' title='bbox 1429 3776 1597 3829; x_wconf 87' lang='lat' dir='ltr'><strong>natantes.</strong></span> 
     </span>
    </p>

    <p class='ocr_par' dir='ltr' id='par_1_7' title="bbox 152 3855 1620 4062">
     <span class='ocr_line' id='line_1_33' title="bbox 230 3855 1620 3962; baseline -0.006 -24"><span class='ocrx_word' id='word_1_319' title='bbox 230 3878 284 3940; x_wconf 77' lang='lat' dir='ltr'><strong>et.</strong></span> <span class='ocrx_word' id='word_1_320' title='bbox 307 3875 372 3940; x_wconf 87' lang='lat' dir='ltr'><strong>DE</strong></span> <span class='ocrx_word' id='word_1_321' title='bbox 397 3865 770 3955; x_wconf 60' lang='lat' dir='ltr'><strong>SYNALOEPHE74).</strong></span> <span class='ocrx_word' id='word_1_322' title='bbox 789 3873 1006 3962; x_wconf 78' lang='lat' dir='ltr'><strong>synaloephe</strong></span> <span class='ocrx_word' id='word_1_323' title='bbox 1030 3887 1097 3950; x_wconf 88' lang='lat' dir='ltr'><strong>est,</strong></span> <span class='ocrx_word' id='word_1_324' title='bbox 1117 3873 1255 3960; x_wconf 88' lang='lat' dir='ltr'><strong>quando</strong></span> <span class='ocrx_word' id='word_1_325' title='bbox 1276 3855 1372 3934; x_wconf 78' lang='lat' dir='ltr'><strong>linita</strong></span> <span class='ocrx_word' id='word_1_326' title='bbox 1391 3891 1471 3957; x_wconf 87' lang='lat' dir='ltr'><strong>pars</strong></span> <span class='ocrx_word' id='word_1_327' title='bbox 1492 3869 1620 3932; x_wconf 89' lang='lat' dir='ltr'><strong>oratio-</strong></span> 
     </span>
     <span class='ocr_line' id='line_1_34' title="bbox 152 3961 1620 4062; baseline -0.005 -23"><span class='ocrx_word' id='word_1_328' title='bbox 152 3978 201 4040; x_wconf 88' lang='lat' dir='ltr'><strong>nis</strong></span> <span class='ocrx_word' id='word_1_329' title='bbox 218 3977 256 4040; x_wconf 92' lang='lat' dir='ltr'><strong>in</strong></span> <span class='ocrx_word' id='word_1_330' title='bbox 270 3977 475 4057; x_wconf 86' lang='lat' dir='ltr'><strong>vocalem,</strong></span> <span class='ocrx_word' id='word_1_331' title='bbox 491 3976 547 4042; x_wconf 91' lang='lat' dir='ltr'><strong>vel</strong></span> <span class='ocrx_word' id='word_1_332' title='bbox 563 3977 599 4041; x_wconf 91' lang='lat' dir='ltr'><strong>in</strong></span> <span class='ocrx_word' id='word_1_333' title='bbox 613 3975 671 4040; x_wconf 89' lang='lat' dir='ltr'><strong>·M·</strong></span> <span class='ocrx_word' id='word_1_334' title='bbox 684 3975 850 4054; x_wconf 85' lang='lat' dir='ltr'><strong>litteram,</strong></span> <span class='ocrx_word' id='word_1_335' title='bbox 861 3975 917 4040; x_wconf 85' lang='lat' dir='ltr'><strong>vel</strong></span> <span class='ocrx_word' id='word_1_336' title='bbox 933 3977 970 4040; x_wconf 90' lang='lat' dir='ltr'><strong>in</strong></span> <span class='ocrx_word' id='word_1_337' title='bbox 987 3975 1052 4055; x_wconf 92' lang='lat' dir='ltr'><strong>·S·,</strong></span> <span class='ocrx_word' id='word_1_338' title='bbox 1068 3975 1176 4042; x_wconf 85' lang='lat' dir='ltr'><strong>altera</strong></span> <span class='ocrx_word' id='word_1_339' title='bbox 1188 3986 1286 4062; x_wconf 86' lang='lat' dir='ltr'><strong>parte</strong></span> <span class='ocrx_word' id='word_1_340' title='bbox 1299 3961 1517 4054; x_wconf 84' lang='lat' dir='ltr'><strong>orationis⁷⁵)</strong></span> <span class='ocrx_word' id='word_1_341' title='bbox 1533 3969 1620 4033; x_wconf 84' lang='lat' dir='ltr'><strong>inei-</strong></span> 
     </span>
    </p>
   </div>
   <div class='ocr_carea' id='block_1_3' title="bbox 183 4271 1618 4526">
    <p class='ocr_par' dir='ltr' id='par_1_8' title="bbox 183 4271 1618 4526">
     <span class='ocr_line' id='line_1_35' title="bbox 183 4271 1618 4349; baseline -0.001 -19"><span class='ocrx_word' id='word_1_342' title='bbox 183 4281 219 4344; x_wconf 56' lang='grc' dir='ltr'><strong>Ἃ)</strong></span> <span class='ocrx_word' id='word_1_343' title='bbox 229 4275 271 4330; x_wconf 78' lang='lat' dir='ltr'><strong>dii</strong></span> <span class='ocrx_word' id='word_1_344' title='bbox 284 4277 497 4332; x_wconf 73' lang='lat' dir='ltr'><strong>immortales-</strong></span> <span class='ocrx_word' id='word_1_345' title='bbox 509 4277 698 4334; x_wconf 77' lang='lat' dir='ltr'><strong>ditemurssls</strong></span> <span class='ocrx_word' id='word_1_346' title='bbox 710 4279 779 4334; x_wconf 68' lang='lat' dir='ltr'><strong>ced.</strong></span> <span class='ocrx_word' id='word_1_347' title='bbox 794 4279 831 4349; x_wconf 76' lang='grc' dir='ltr'><strong>ι’)</strong></span> <span class='ocrx_word' id='word_1_348' title='bbox 846 4275 887 4332; x_wconf 79' lang='lat' dir='ltr'><strong>dii</strong></span> <span class='ocrx_word' id='word_1_349' title='bbox 896 4299 932 4322; x_wconf 77' lang='grc' dir='ltr'><strong>-ι-</strong></span> <span class='ocrx_word' id='word_1_350' title='bbox 948 4275 978 4330; x_wconf 86' lang='lat' dir='ltr'><strong>di</strong></span> <span class='ocrx_word' id='word_1_351' title='bbox 992 4278 1061 4332; x_wconf 75' lang='lat' dir='ltr'><strong>coat</strong></span> <span class='ocrx_word' id='word_1_352' title='bbox 1074 4280 1111 4346; x_wconf 70' lang='grc' dir='ltr'><strong>ι’)</strong></span> <span class='ocrx_word' id='word_1_353' title='bbox 1123 4273 1250 4332; x_wconf 72' lang='lat' dir='ltr'><strong>tlahhse</strong></span> <span class='ocrx_word' id='word_1_354' title='bbox 1260 4276 1328 4332; x_wconf 75' lang='lat' dir='ltr'><strong>ced.</strong></span> <span class='ocrx_word' id='word_1_355' title='bbox 1338 4294 1371 4328; x_wconf 79' lang='lat' dir='ltr'><strong>es</strong></span> <span class='ocrx_word' id='word_1_356' title='bbox 1382 4291 1467 4344; x_wconf 72' lang='lat' dir='ltr'><strong>artnps</strong></span> <span class='ocrx_word' id='word_1_357' title='bbox 1484 4291 1520 4326; x_wconf 94' lang='grc' dir='ltr'><strong>ιιι.</strong></span> <span class='ocrx_word' id='word_1_358' title='bbox 1530 4271 1618 4322; x_wconf 61' lang='lat' dir='ltr'><strong>Hem</strong></span> 
     </span>
     <span class='ocr_line' id='line_1_36' title="bbox 256 4353 1617 4437; baseline -0.005 -15"><span class='ocrx_word' id='word_1_359' title='bbox 256 4365 324 4420; x_wconf 75' lang='lat' dir='ltr'><strong>Cod-</strong></span> <span class='ocrx_word' id='word_1_360' title='bbox 341 4386 362 4419; x_wconf 79' lang='lat' dir='ltr'><strong>a</strong></span> <span class='ocrx_word' id='word_1_361' title='bbox 375 4385 418 4437; x_wconf 73' lang='lat' dir='ltr'><strong>pr.</strong></span> <span class='ocrx_word' id='word_1_362' title='bbox 436 4383 472 4420; x_wconf 69' lang='lat' dir='ltr'><strong>m.</strong></span> <span class='ocrx_word' id='word_1_363' title='bbox 488 4355 526 4434; x_wconf 72' lang='lat'><strong>⁷⁴)</strong></span> <span class='ocrx_word' id='word_1_364' title='bbox 543 4363 727 4437; x_wconf 67' lang='lat' dir='ltr'><strong>synaloephe,</strong></span> <span class='ocrx_word' id='word_1_365' title='bbox 740 4395 776 4410; x_wconf 91' lang='lat'>-</span> <span class='ocrx_word' id='word_1_366' title='bbox 793 4364 909 4436; x_wconf 75' lang='lat' dir='ltr'><strong>synaliia</strong></span> <span class='ocrx_word' id='word_1_367' title='bbox 927 4366 996 4420; x_wconf 72' lang='lat' dir='ltr'><strong>aad.</strong></span> <span class='ocrx_word' id='word_1_368' title='bbox 1015 4377 1101 4420; x_wconf 71' lang='lat' dir='ltr'><strong>eom</strong></span> <span class='ocrx_word' id='word_1_369' title='bbox 1116 4353 1154 4436; x_wconf 72' lang='lat'><strong>2⁵)</strong></span> <span class='ocrx_word' id='word_1_370' title='bbox 1166 4363 1301 4420; x_wconf 83' lang='lat' dir='ltr'><strong>orationis</strong></span> <span class='ocrx_word' id='word_1_371' title='bbox 1317 4363 1386 4418; x_wconf 74' lang='lat' dir='ltr'><strong>ces.</strong></span> <span class='ocrx_word' id='word_1_372' title='bbox 1404 4381 1439 4418; x_wconf 76' lang='lat' dir='ltr'><strong>sa</strong></span> <span class='ocrx_word' id='word_1_373' title='bbox 1456 4379 1507 4416; x_wconf 83' lang='lat' dir='ltr'><strong>ern·</strong></span> <span class='ocrx_word' id='word_1_374' title='bbox 1524 4378 1567 4430; x_wconf 81' lang='lat' dir='ltr'><strong>pr·</strong></span> <span class='ocrx_word' id='word_1_375' title='bbox 1583 4375 1617 4408; x_wconf 86' lang='lat' dir='ltr'><strong>m·</strong></span> 
     </span>
     <span class='ocr_line' id='line_1_37' title="bbox 251 4453 760 4526; baseline 0 -18"><span class='ocrx_word' id='word_1_376' title='bbox 251 4473 327 4526; x_wconf 82' lang='lat' dir='ltr'><strong>qtsae</strong></span> <span class='ocrx_word' id='word_1_377' title='bbox 338 4460 457 4526; x_wconf 81' lang='lat' dir='ltr'><strong>prisssssss</strong></span> <span class='ocrx_word' id='word_1_378' title='bbox 467 4453 591 4509; x_wconf 75' lang='lat' dir='ltr'><strong>emissis</strong></span> <span class='ocrx_word' id='word_1_379' title='bbox 605 4460 760 4526; x_wconf 68' lang='lat' dir='ltr'><strong>scripserat.</strong></span> 
     </span>
    </p>
   </div>
   <div class='ocr_carea' id='block_1_4' title="bbox 184 4567 1618 5270">
    <p class='ocr_par' dir='ltr' id='par_1_9' title="bbox 184 4567 1618 5270">
     <span class='ocr_line' id='line_1_38' title="bbox 184 4567 1616 4647; baseline -0.01 -16"><span class='ocrx_word' id='word_1_380' title='bbox 184 4581 213 4643; x_wconf 84' lang='grc' dir='ltr'><strong>ι)</strong></span> <span class='ocrx_word' id='word_1_381' title='bbox 228 4575 285 4630; x_wconf 76' lang='lat' dir='ltr'><strong>css.</strong></span> <span class='ocrx_word' id='word_1_382' title='bbox 305 4575 425 4635; x_wconf 79' lang='lat' dir='ltr'><strong>Cledon.</strong></span> <span class='ocrx_word' id='word_1_383' title='bbox 445 4581 523 4638; x_wconf 83' lang='lat'><strong>1878·</strong></span> <span class='ocrx_word' id='word_1_384' title='bbox 546 4577 579 4632; x_wconf 83' lang='grc' dir='ltr'><strong>Ρ.</strong></span> <span class='ocrx_word' id='word_1_385' title='bbox 597 4575 708 4629; x_wconf 81' lang='lat' dir='ltr'><strong>Maxim.</strong></span> <span class='ocrx_word' id='word_1_386' title='bbox 731 4573 966 4636; x_wconf 61' lang='grc'><strong>7181061831..</strong></span> <span class='ocrx_word' id='word_1_387' title='bbox 988 4572 1011 4626; x_wconf 90' lang='lat'><strong>1.</strong></span> <span class='ocrx_word' id='word_1_388' title='bbox 1038 4575 1067 4647; x_wconf 79' lang='lat' dir='ltr'><strong>l)</strong></span> <span class='ocrx_word' id='word_1_389' title='bbox 1084 4573 1196 4628; x_wconf 82' lang='lat' dir='ltr'><strong>Terent.</strong></span> <span class='ocrx_word' id='word_1_390' title='bbox 1214 4569 1299 4625; x_wconf 75' lang='lat' dir='ltr'><strong>Andr.</strong></span> <span class='ocrx_word' id='word_1_391' title='bbox 1315 4569 1365 4624; x_wconf 91' lang='lat' dir='ltr'><strong>lll.</strong></span> <span class='ocrx_word' id='word_1_392' title='bbox 1384 4575 1419 4633; x_wconf 76' lang='grc'><strong>4,</strong></span> <span class='ocrx_word' id='word_1_393' title='bbox 1439 4573 1481 4627; x_wconf 88' lang='grc'><strong>10.</strong></span> <span class='ocrx_word' id='word_1_394' title='bbox 1501 4571 1527 4638; x_wconf 84' lang='lat' dir='ltr'><strong>e)</strong></span> <span class='ocrx_word' id='word_1_395' title='bbox 1541 4567 1616 4636; x_wconf 81' lang='lat' dir='ltr'><strong>Virg.</strong></span> 
     </span>
     <span class='ocr_line' id='line_1_39' title="bbox 255 4653 1618 4736; baseline -0.007 -20"><span class='ocrx_word' id='word_1_396' title='bbox 255 4665 323 4718; x_wconf 81' lang='lat' dir='ltr'><strong>Aen.</strong></span> <span class='ocrx_word' id='word_1_397' title='bbox 337 4665 399 4719; x_wconf 88' lang='lat' dir='ltr'><strong>vn.</strong></span> <span class='ocrx_word' id='word_1_398' title='bbox 416 4671 479 4725; x_wconf 72' lang='lat'><strong>293.</strong></span> <span class='ocrx_word' id='word_1_399' title='bbox 496 4666 526 4736; x_wconf 82' lang='lat' dir='ltr'><strong>d)</strong></span> <span class='ocrx_word' id='word_1_400' title='bbox 542 4665 655 4717; x_wconf 86' lang='lat' dir='ltr'><strong>Terent.</strong></span> <span class='ocrx_word' id='word_1_401' title='bbox 671 4661 789 4736; x_wconf 74' lang='lat' dir='ltr'><strong>Adelph.</strong></span> <span class='ocrx_word' id='word_1_402' title='bbox 807 4661 857 4716; x_wconf 91' lang='lat'><strong>111.</strong></span> <span class='ocrx_word' id='word_1_403' title='bbox 874 4667 908 4725; x_wconf 71' lang='lat' dir='ltr'><strong>a,</strong></span> <span class='ocrx_word' id='word_1_404' title='bbox 927 4665 953 4719; x_wconf 92' lang='lat'><strong>1.</strong></span> <span class='ocrx_word' id='word_1_405' title='bbox 969 4665 995 4734; x_wconf 84' lang='lat' dir='ltr'><strong>e)</strong></span> <span class='ocrx_word' id='word_1_406' title='bbox 1015 4661 1076 4718; x_wconf 83' lang='lat' dir='ltr'><strong>cte.</strong></span> <span class='ocrx_word' id='word_1_407' title='bbox 1097 4663 1127 4714; x_wconf 92' lang='lat' dir='ltr'><strong>in</strong></span> <span class='ocrx_word' id='word_1_408' title='bbox 1142 4661 1271 4714; x_wconf 87' lang='lat' dir='ltr'><strong>Pisonem</strong></span> <span class='ocrx_word' id='word_1_409' title='bbox 1290 4653 1365 4730; x_wconf 88' lang='lat' dir='ltr'><strong>apud</strong></span> <span class='ocrx_word' id='word_1_410' title='bbox 1383 4657 1498 4730; x_wconf 82' lang='lat' dir='ltr'><strong>Quinet.</strong></span> <span class='ocrx_word' id='word_1_411' title='bbox 1522 4653 1571 4706; x_wconf 85' lang='lat' dir='ltr'><strong>IX.</strong></span> <span class='ocrx_word' id='word_1_412' title='bbox 1590 4659 1618 4712; x_wconf 76' lang='grc'><strong>4.</strong></span> 
     </span>
     <span class='ocr_line' id='line_1_40' title="bbox 243 4739 1617 4824; baseline -0.009 -17"><span class='ocrx_word' id='word_1_413' title='bbox 243 4755 286 4824; x_wconf 82' lang='lat' dir='ltr'><strong>s)</strong></span> <span class='ocrx_word' id='word_1_414' title='bbox 304 4755 419 4808; x_wconf 68' lang='lat' dir='ltr'><strong>Terent</strong></span> <span class='ocrx_word' id='word_1_415' title='bbox 441 4751 567 4805; x_wconf 64' lang='lat' dir='ltr'><strong>sunuel.</strong></span> <span class='ocrx_word' id='word_1_416' title='bbox 583 4753 632 4811; x_wconf 85' lang='lat'><strong>111.</strong></span> <span class='ocrx_word' id='word_1_417' title='bbox 658 4759 688 4818; x_wconf 90' lang='lat' dir='ltr'><strong>l,</strong></span> <span class='ocrx_word' id='word_1_418' title='bbox 710 4757 746 4814; x_wconf 90' lang='grc'><strong>36</strong></span> <span class='ocrx_word' id='word_1_419' title='bbox 763 4761 791 4805; x_wconf 82' lang='lat' dir='ltr'><strong>et</strong></span> <span class='ocrx_word' id='word_1_420' title='bbox 813 4751 925 4824; x_wconf 81' lang='lat' dir='ltr'><strong>pessim.</strong></span> <span class='ocrx_word' id='word_1_421' title='bbox 939 4753 970 4824; x_wconf 71' lang='lat' dir='ltr'><strong>g)</strong></span> <span class='ocrx_word' id='word_1_422' title='bbox 994 4749 1107 4802; x_wconf 81' lang='lat' dir='ltr'><strong>Terent.</strong></span> <span class='ocrx_word' id='word_1_423' title='bbox 1131 4749 1228 4800; x_wconf 78' lang='lat' dir='ltr'><strong>fleant.</strong></span> <span class='ocrx_word' id='word_1_424' title='bbox 1251 4745 1272 4799; x_wconf 93' lang='lat' dir='ltr'><strong>l.</strong></span> <span class='ocrx_word' id='word_1_425' title='bbox 1296 4747 1328 4808; x_wconf 89' lang='lat' dir='ltr'><strong>l,</strong></span> <span class='ocrx_word' id='word_1_426' title='bbox 1352 4747 1405 4808; x_wconf 85' lang='grc'><strong>31,</strong></span> <span class='ocrx_word' id='word_1_427' title='bbox 1423 4749 1469 4802; x_wconf 74' lang='grc'><strong>37.</strong></span> <span class='ocrx_word' id='word_1_428' title='bbox 1491 4743 1521 4813; x_wconf 84' lang='grc' dir='ltr'><strong>Ιι)</strong></span> <span class='ocrx_word' id='word_1_429' title='bbox 1541 4739 1617 4812; x_wconf 71' lang='lat' dir='ltr'><strong>Virg.</strong></span> 
     </span>
     <span class='ocr_line' id='line_1_41' title="bbox 254 4829 1616 4913; baseline -0.01 -19"><span class='ocrx_word' id='word_1_430' title='bbox 254 4845 320 4897; x_wconf 80' lang='lat' dir='ltr'><strong>Aen.</strong></span> <span class='ocrx_word' id='word_1_431' title='bbox 339 4843 361 4894; x_wconf 94' lang='lat' dir='ltr'><strong>l.</strong></span> <span class='ocrx_word' id='word_1_432' title='bbox 381 4845 444 4900; x_wconf 74' lang='grc'><strong>437.</strong></span> <span class='ocrx_word' id='word_1_433' title='bbox 463 4843 484 4912; x_wconf 85' lang='grc' dir='ltr'><strong>ι)</strong></span> <span class='ocrx_word' id='word_1_434' title='bbox 498 4840 575 4911; x_wconf 80' lang='lat' dir='ltr'><strong>virg.</strong></span> <span class='ocrx_word' id='word_1_435' title='bbox 592 4845 660 4896; x_wconf 79' lang='lat' dir='ltr'><strong>Aen.</strong></span> <span class='ocrx_word' id='word_1_436' title='bbox 677 4843 787 4904; x_wconf 63' lang='grc'><strong>16673</strong></span> <span class='ocrx_word' id='word_1_437' title='bbox 807 4843 835 4913; x_wconf 83' lang='grc'><strong>1)</strong></span> <span class='ocrx_word' id='word_1_438' title='bbox 851 4839 928 4909; x_wconf 75' lang='lat' dir='ltr'><strong>Virg.</strong></span> <span class='ocrx_word' id='word_1_439' title='bbox 942 4839 1011 4892; x_wconf 80' lang='lat' dir='ltr'><strong>Aen.</strong></span> <span class='ocrx_word' id='word_1_440' title='bbox 1027 4837 1062 4890; x_wconf 82' lang='grc' dir='ltr'><strong>Χ.</strong></span> <span class='ocrx_word' id='word_1_441' title='bbox 1079 4841 1141 4894; x_wconf 85' lang='grc'><strong>507.</strong></span> <span class='ocrx_word' id='word_1_442' title='bbox 1157 4837 1178 4906; x_wconf 81' lang='grc'><strong>1)</strong></span> <span class='ocrx_word' id='word_1_443' title='bbox 1193 4833 1270 4904; x_wconf 77' lang='lat' dir='ltr'><strong>virg.</strong></span> <span class='ocrx_word' id='word_1_444' title='bbox 1284 4833 1351 4886; x_wconf 80' lang='lat' dir='ltr'><strong>Aen.</strong></span> <span class='ocrx_word' id='word_1_445' title='bbox 1366 4832 1414 4888; x_wconf 83' lang='lat' dir='ltr'><strong>tv.</strong></span> <span class='ocrx_word' id='word_1_446' title='bbox 1424 4836 1486 4890; x_wconf 79' lang='grc'><strong>669.</strong></span> <span class='ocrx_word' id='word_1_447' title='bbox 1504 4831 1543 4900; x_wconf 86' lang='lat' dir='ltr'><strong>m)</strong></span> <span class='ocrx_word' id='word_1_448' title='bbox 1558 4829 1616 4882; x_wconf 79' lang='lat' dir='ltr'><strong>Cir.</strong></span> 
     </span>
     <span class='ocr_line' id='line_1_42' title="bbox 255 4918 1617 5003; baseline -0.012 -18"><span class='ocrx_word' id='word_1_449' title='bbox 255 4929 349 5000; x_wconf 80' lang='lat' dir='ltr'><strong>Pomp·</strong></span> <span class='ocrx_word' id='word_1_450' title='bbox 372 4935 429 4987; x_wconf 78' lang='lat' dir='ltr'><strong>tto.</strong></span> <span class='ocrx_word' id='word_1_451' title='bbox 449 4929 482 4982; x_wconf 86' lang='lat' dir='ltr'><strong>L.</strong></span> <span class='ocrx_word' id='word_1_452' title='bbox 503 4930 589 4983; x_wconf 80' lang='lat' dir='ltr'><strong>Prisc.</strong></span> <span class='ocrx_word' id='word_1_453' title='bbox 607 4931 640 4983; x_wconf 87' lang='lat' dir='ltr'><strong>V.</strong></span> <span class='ocrx_word' id='word_1_454' title='bbox 657 4935 708 4995; x_wconf 80' lang='lat' dir='ltr'><strong>lt,</strong></span> <span class='ocrx_word' id='word_1_455' title='bbox 727 4935 770 4992; x_wconf 84' lang='lat'><strong>79.</strong></span> <span class='ocrx_word' id='word_1_456' title='bbox 791 4932 822 5003; x_wconf 86' lang='grc' dir='ltr'><strong>ιι)</strong></span> <span class='ocrx_word' id='word_1_457' title='bbox 837 4929 880 4983; x_wconf 87' lang='lat' dir='ltr'><strong>lta</strong></span> <span class='ocrx_word' id='word_1_458' title='bbox 893 4927 970 4997; x_wconf 78' lang='lat' dir='ltr'><strong>Virg.</strong></span> <span class='ocrx_word' id='word_1_459' title='bbox 984 4927 1052 4978; x_wconf 79' lang='lat' dir='ltr'><strong>Aen.</strong></span> <span class='ocrx_word' id='word_1_460' title='bbox 1065 4923 1103 4977; x_wconf 86' lang='grc' dir='ltr'><strong>ΙΙ.</strong></span> <span class='ocrx_word' id='word_1_461' title='bbox 1117 4927 1178 4984; x_wconf 71' lang='grc'><strong>637.</strong></span> <span class='ocrx_word' id='word_1_462' title='bbox 1196 4922 1311 4976; x_wconf 79' lang='lat' dir='ltr'><strong>drseersts</strong></span> <span class='ocrx_word' id='word_1_463' title='bbox 1324 4923 1394 4975; x_wconf 84' lang='lat' dir='ltr'><strong>Deo.</strong></span> <span class='ocrx_word' id='word_1_464' title='bbox 1412 4921 1442 4992; x_wconf 90' lang='lat' dir='ltr'><strong>o)</strong></span> <span class='ocrx_word' id='word_1_465' title='bbox 1458 4919 1535 4986; x_wconf 72' lang='lat' dir='ltr'><strong>virg.</strong></span> <span class='ocrx_word' id='word_1_466' title='bbox 1551 4918 1617 4969; x_wconf 79' lang='lat' dir='ltr'><strong>Aen.</strong></span> 
     </span>
     <span class='ocr_line' id='line_1_43' title="bbox 255 5005 1618 5086; baseline -0.015 -10"><span class='ocrx_word' id='word_1_467' title='bbox 255 5015 275 5066; x_wconf 87' lang='lat'><strong>¹·</strong></span> <span class='ocrx_word' id='word_1_468' title='bbox 298 5023 359 5076; x_wconf 78' lang='lat'><strong>303.</strong></span> <span class='ocrx_word' id='word_1_469' title='bbox 375 5021 406 5086; x_wconf 78' lang='lat' dir='ltr'><strong>p)</strong></span> <span class='ocrx_word' id='word_1_470' title='bbox 429 5015 528 5070; x_wconf 79' lang='lat' dir='ltr'><strong>Nonne</strong></span> <span class='ocrx_word' id='word_1_471' title='bbox 551 5017 580 5070; x_wconf 91' lang='lat' dir='ltr'><strong>in</strong></span> <span class='ocrx_word' id='word_1_472' title='bbox 602 5017 712 5071; x_wconf 86' lang='lat' dir='ltr'><strong>nomine</strong></span> <span class='ocrx_word' id='word_1_473' title='bbox 734 5035 785 5070; x_wconf 86' lang='lat' dir='ltr'><strong>suo</strong></span> <span class='ocrx_word' id='word_1_474' title='bbox 809 5015 883 5071; x_wconf 90' lang='lat' dir='ltr'><strong>ludit</strong></span> <span class='ocrx_word' id='word_1_475' title='bbox 908 5012 1100 5083; x_wconf 78' lang='lat' dir='ltr'><strong>grammaticus</strong></span> <span class='ocrx_word' id='word_1_476' title='bbox 1126 5010 1278 5072; x_wconf 76' lang='lat' dir='ltr'><strong>Sacerdos,</strong></span> <span class='ocrx_word' id='word_1_477' title='bbox 1304 5005 1535 5082; x_wconf 83' lang='lat' dir='ltr'><strong>quemadmodum</strong></span> <span class='ocrx_word' id='word_1_478' title='bbox 1557 5015 1618 5057; x_wconf 81' lang='lat' dir='ltr'><strong>ets</strong></span> 
     </span>
     <span class='ocr_line' id='line_1_44' title="bbox 255 5093 1615 5180; baseline -0.007 -26"><span class='ocrx_word' id='word_1_479' title='bbox 255 5100 346 5156; x_wconf 81' lang='lat' dir='ltr'><strong>Probe</strong></span> <span class='ocrx_word' id='word_1_480' title='bbox 360 5102 523 5177; x_wconf 74' lang='lat' dir='ltr'><strong>Artigrspho</strong></span> <span class='ocrx_word' id='word_1_481' title='bbox 541 5101 668 5160; x_wconf 84' lang='lat' dir='ltr'><strong>verbum:</strong></span> <span class='ocrx_word' id='word_1_482' title='bbox 686 5106 793 5180; x_wconf 73' lang='lat' dir='ltr'><strong>probo,</strong></span> <span class='ocrx_word' id='word_1_483' title='bbox 812 5099 969 5175; x_wconf 79' lang='lat' dir='ltr'><strong>paradigma</strong></span> <span class='ocrx_word' id='word_1_484' title='bbox 987 5097 1121 5154; x_wconf 77' lang='lat' dir='ltr'><strong>selectum</strong></span> <span class='ocrx_word' id='word_1_485' title='bbox 1136 5115 1196 5150; x_wconf 86' lang='lat' dir='ltr'><strong>esse</strong></span> <span class='ocrx_word' id='word_1_486' title='bbox 1216 5095 1381 5150; x_wconf 88' lang='lat' dir='ltr'><strong>ridebimus.</strong></span> <span class='ocrx_word' id='word_1_487' title='bbox 1400 5098 1431 5170; x_wconf 84' lang='lat' dir='ltr'><strong>q)</strong></span> <span class='ocrx_word' id='word_1_488' title='bbox 1455 5095 1533 5164; x_wconf 76' lang='lat' dir='ltr'><strong>Virg.</strong></span> <span class='ocrx_word' id='word_1_489' title='bbox 1548 5093 1615 5144; x_wconf 80' lang='lat' dir='ltr'><strong>Aen.</strong></span> 
     </span>
     <span class='ocr_line' id='line_1_45' title="bbox 256 5182 1617 5270; baseline -0.009 -26"><span class='ocrx_word' id='word_1_490' title='bbox 256 5191 289 5245; x_wconf 87' lang='grc' dir='ltr'><strong>Χ.</strong></span> <span class='ocrx_word' id='word_1_491' title='bbox 298 5195 340 5252; x_wconf 80' lang='lat'><strong>92</strong></span> <span class='ocrx_word' id='word_1_492' title='bbox 353 5193 379 5262; x_wconf 76' lang='lat' dir='ltr'><strong>r)</strong></span> <span class='ocrx_word' id='word_1_493' title='bbox 388 5193 463 5265; x_wconf 71' lang='lat' dir='ltr'><strong>virg.</strong></span> <span class='ocrx_word' id='word_1_494' title='bbox 473 5193 538 5248; x_wconf 76' lang='lat' dir='ltr'><strong>Aen.</strong></span> <span class='ocrx_word' id='word_1_495' title='bbox 549 5193 597 5252; x_wconf 86' lang='lat' dir='ltr'><strong>vl.</strong></span> <span class='ocrx_word' id='word_1_496' title='bbox 607 5199 667 5256; x_wconf 78' lang='lat'><strong>727.</strong></span> <span class='ocrx_word' id='word_1_497' title='bbox 678 5195 704 5270; x_wconf 92' lang='lat' dir='ltr'><strong>s)</strong></span> <span class='ocrx_word' id='word_1_498' title='bbox 714 5191 788 5264; x_wconf 77' lang='lat' dir='ltr'><strong>Virg.</strong></span> <span class='ocrx_word' id='word_1_499' title='bbox 800 5193 866 5246; x_wconf 76' lang='lat' dir='ltr'><strong>Aen.</strong></span> <span class='ocrx_word' id='word_1_500' title='bbox 884 5189 918 5243; x_wconf 81' lang='lat' dir='ltr'><strong>X.</strong></span> <span class='ocrx_word' id='word_1_501' title='bbox 926 5191 994 5259; x_wconf 80' lang='grc'><strong>361.</strong></span> <span class='ocrx_word' id='word_1_502' title='bbox 1006 5189 1031 5262; x_wconf 85' lang='grc' dir='ltr'><strong>ι)</strong></span> <span class='ocrx_word' id='word_1_503' title='bbox 1039 5187 1116 5258; x_wconf 78' lang='lat' dir='ltr'><strong>Virg.</strong></span> <span class='ocrx_word' id='word_1_504' title='bbox 1133 5187 1199 5240; x_wconf 76' lang='lat' dir='ltr'><strong>Aen.</strong></span> <span class='ocrx_word' id='word_1_505' title='bbox 1209 5185 1231 5238; x_wconf 91' lang='lat'><strong>1.</strong></span> <span class='ocrx_word' id='word_1_506' title='bbox 1240 5189 1303 5245; x_wconf 78' lang='lat'><strong>257.</strong></span> <span class='ocrx_word' id='word_1_507' title='bbox 1315 5189 1346 5257; x_wconf 84' lang='lat' dir='ltr'><strong>ss)</strong></span> <span class='ocrx_word' id='word_1_508' title='bbox 1354 5185 1432 5256; x_wconf 72' lang='lat' dir='ltr'><strong>Virg.</strong></span> <span class='ocrx_word' id='word_1_509' title='bbox 1442 5186 1509 5237; x_wconf 75' lang='lat' dir='ltr'><strong>Aen.</strong></span> <span class='ocrx_word' id='word_1_510' title='bbox 1524 5182 1546 5234; x_wconf 91' lang='lat' dir='ltr'><strong>l.</strong></span> <span class='ocrx_word' id='word_1_511' title='bbox 1558 5185 1617 5240; x_wconf 81' lang='grc'><strong>118.</strong></span> 
     </span>
    </p>
   </div>
   <div class='ocr_carea' id='block_1_5' title="bbox 0 0 2016 6068">
    <p class='ocr_par' dir='ltr' id='par_1_10' title="bbox 0 0 2016 6068">
     <span class='ocr_line' id='line_1_46' title="bbox 0 0 2016 6068; baseline 0 0"><span class='ocrx_word' id='word_1_512' title='bbox 0 0 2016 6068; x_wconf 95' lang='lat' dir='ltr'><strong> </strong></span> 
     </span>
    </p>
   </div>
  </div>
 </body>
</html>
