<?xml version="1.0" encoding="UTF-8"?>
<!DOCTYPE html PUBLIC "-//W3C//DTD XHTML 1.0 Transitional//EN"
    "http://www.w3.org/TR/xhtml1/DTD/xhtml1-transitional.dtd">
<html xmlns="http://www.w3.org/1999/xhtml" xml:lang="en" lang="en">
 <head>
  <title>
</title>
<meta http-equiv="Content-Type" content="text/html;charset=utf-8" />
  <meta name='ocr-system' content='tesseract 3.04.00' />
  <meta name='ocr-capabilities' content='ocr_page ocr_carea ocr_par ocr_line ocrx_word'/>
</head>
<body>
  <div class='ocr_page' id='page_1' title='image "./analectagrammat00eichgoog_0403.png"; bbox 0 0 4036 6068; ppageno 0'>
   <div class='ocr_carea' id='block_1_1' title="bbox 397 525 1408 604">
    <p class='ocr_par' dir='ltr' id='par_1_1' title="bbox 397 525 1408 604">
     <span class='ocr_line' id='line_1_1' title="bbox 397 525 1408 604; baseline -0.011 -13"><span class='ocrx_word' id='word_1_1' title='bbox 397 531 466 604; x_wconf 71' lang='lat'>87⁴</span> <span class='ocrx_word' id='word_1_2' title='bbox 851 525 1408 586; x_wconf 79' lang='lat' dir='ltr'>nnoeransnrnon.</span> 
     </span>
    </p>
   </div>
   <div class='ocr_carea' id='block_1_2' title="bbox 280 675 1914 3723">
    <p class='ocr_par' dir='ltr' id='par_1_2' title="bbox 280 675 1914 1266">
     <span class='ocr_line' id='line_1_2' title="bbox 484 675 1470 762; baseline -0.004 -18"><span class='ocrx_word' id='word_1_3' title='bbox 484 677 722 744; x_wconf 86' lang='lat' dir='ltr'>Secundum</span> <span class='ocrx_word' id='word_1_4' title='bbox 745 675 916 762; x_wconf 82' lang='lat' dir='ltr'>significat</span> <span class='ocrx_word' id='word_1_5' title='bbox 938 688 973 740; x_wconf 92' lang='lat' dir='ltr'>et</span> <span class='ocrx_word' id='word_1_6' title='bbox 993 693 1123 740; x_wconf 90' lang='lat' dir='ltr'>nomen</span> <span class='ocrx_word' id='word_1_7' title='bbox 1146 675 1334 740; x_wconf 84' lang='lat' dir='ltr'>accusativi</span> <span class='ocrx_word' id='word_1_8' title='bbox 1359 693 1470 740; x_wconf 82' lang='lat' dir='ltr'>casus.</span> 
     </span>
     <span class='ocr_line' id='line_1_3' title="bbox 306 765 1869 864; baseline -0.007 -17"><span class='ocrx_word' id='word_1_9' title='bbox 306 774 378 827; x_wconf 65' lang='lat' dir='ltr'>⁰⁰¹·l·</span> <span class='ocrx_word' id='word_1_10' title='bbox 482 781 498 813; x_wconf 72' lang='lat'><em>⁴</em></span> <span class='ocrx_word' id='word_1_11' title='bbox 512 782 615 847; x_wconf 91' lang='lat' dir='ltr'>Cum</span> <span class='ocrx_word' id='word_1_12' title='bbox 634 773 677 864; x_wconf 77' lang='lat'>⁵⁶)</span> <span class='ocrx_word' id='word_1_13' title='bbox 700 781 871 863; x_wconf 86' lang='lat' dir='ltr'>significat</span> <span class='ocrx_word' id='word_1_14' title='bbox 893 791 926 844; x_wconf 92' lang='lat' dir='ltr'>et</span> <span class='ocrx_word' id='word_1_15' title='bbox 948 778 1162 854; x_wconf 79' lang='lat' dir='ltr'><strong>adverbium,</strong></span> <span class='ocrx_word' id='word_1_16' title='bbox 1185 791 1224 841; x_wconf 94' lang='lat' dir='ltr'>ut</span> <span class='ocrx_word' id='word_1_17' title='bbox 1246 777 1339 864; x_wconf 93' lang='lat' dir='ltr'>apud</span> <span class='ocrx_word' id='word_1_18' title='bbox 1354 769 1399 860; x_wconf 72' lang='grc'>5“)</span> <span class='ocrx_word' id='word_1_19' title='bbox 1423 775 1629 842; x_wconf 86' lang='lat' dir='ltr'>Ciceronem</span> <span class='ocrx_word' id='word_1_20' title='bbox 1643 765 1688 860; x_wconf 85' lang='grc'>”)</span> <span class='ocrx_word' id='word_1_21' title='bbox 1710 809 1753 824; x_wconf 90' lang='grc'>-</span> <span class='ocrx_word' id='word_1_22' title='bbox 1774 793 1869 840; x_wconf 83' lang='lat' dir='ltr'>cunr</span> 
     </span>
     <span class='ocr_line' id='line_1_4' title="bbox 397 872 1869 967; baseline -0.005 -21"><span class='ocrx_word' id='word_1_23' title='bbox 397 882 537 948; x_wconf 82' lang='lat' dir='ltr'>fasces</span> <span class='ocrx_word' id='word_1_24' title='bbox 562 905 653 948; x_wconf 90' lang='lat' dir='ltr'>curn</span> <span class='ocrx_word' id='word_1_25' title='bbox 677 903 852 947; x_wconf 90' lang='lat' dir='ltr'>secures</span> <span class='ocrx_word' id='word_1_26' title='bbox 875 884 907 967; x_wconf 80' lang='lat'>⁰)</span> <span class='ocrx_word' id='word_1_27' title='bbox 931 917 972 930; x_wconf 93' lang='lat'><em>-</em></span> <span class='ocrx_word' id='word_1_28' title='bbox 1002 894 1036 944; x_wconf 91' lang='lat' dir='ltr'>et</span> <span class='ocrx_word' id='word_1_29' title='bbox 1061 872 1104 963; x_wconf 72' lang='grc'>59)</span> <span class='ocrx_word' id='word_1_30' title='bbox 1127 881 1222 966; x_wconf 89' lang='lat' dir='ltr'>apud</span> <span class='ocrx_word' id='word_1_31' title='bbox 1243 879 1439 964; x_wconf 83' lang='lat' dir='ltr'><strong>Vergilium</strong></span> <span class='ocrx_word' id='word_1_32' title='bbox 1463 915 1502 930; x_wconf 88' lang='lat'><em>-</em></span> <span class='ocrx_word' id='word_1_33' title='bbox 1528 899 1618 944; x_wconf 88' lang='lat' dir='ltr'>cum</span> <span class='ocrx_word' id='word_1_34' title='bbox 1641 877 1725 946; x_wconf 89' lang='lat' dir='ltr'>tibi</span> <span class='ocrx_word' id='word_1_35' title='bbox 1746 878 1869 943; x_wconf 88' lang='lat' dir='ltr'>solli-</span> 
     </span>
     <span class='ocr_line' id='line_1_5' title="bbox 280 975 1914 1066; baseline -0.006 -15"><span class='ocrx_word' id='word_1_36' title='bbox 280 979 284 988; x_wconf 76' lang='grc'>’</span> <span class='ocrx_word' id='word_1_37' title='bbox 397 988 484 1050; x_wconf 83' lang='grc' dir='ltr'><strong>οἰιο</strong></span> <span class='ocrx_word' id='word_1_38' title='bbox 508 985 666 1050; x_wconf 77' lang='lat' dir='ltr'><strong>secreti</strong></span> <span class='ocrx_word' id='word_1_39' title='bbox 689 982 738 1046; x_wconf 91' lang='lat' dir='ltr'>ad</span> <span class='ocrx_word' id='word_1_40' title='bbox 762 983 956 1047; x_wconf 75' lang='lat' dir='ltr'>fluminis</span> <span class='ocrx_word' id='word_1_41' title='bbox 977 981 1248 1065; x_wconf 72' lang='lat' dir='ltr'>undam⁶)-.</span> <span class='ocrx_word' id='word_1_42' title='bbox 1271 981 1358 1045; x_wconf 88' lang='lat' dir='ltr'>Item</span> <span class='ocrx_word' id='word_1_43' title='bbox 1383 1001 1474 1045; x_wconf 89' lang='lat' dir='ltr'>curn</span> <span class='ocrx_word' id='word_1_44' title='bbox 1498 975 1713 1066; x_wconf 77' lang='lat' dir='ltr'>subiecta⁶⁰)</span> <span class='ocrx_word' id='word_1_45' title='bbox 1734 999 1866 1066; x_wconf 90' lang='lat' dir='ltr'>prouo—</span> <span class='ocrx_word' id='word_1_46' title='bbox 1911 1027 1914 1032; x_wconf 86' lang='lat'><em>.</em></span> 
     </span>
     <span class='ocr_line' id='line_1_6' title="bbox 397 1082 1867 1171; baseline -0.003 -21"><span class='ocrx_word' id='word_1_47' title='bbox 397 1088 549 1152; x_wconf 85' lang='lat' dir='ltr'>minibus</span> <span class='ocrx_word' id='word_1_48' title='bbox 577 1089 631 1151; x_wconf 89' lang='lat' dir='ltr'>bis</span> <span class='ocrx_word' id='word_1_49' title='bbox 662 1085 864 1150; x_wconf 79' lang='lat' dir='ltr'>adverbium</span> <span class='ocrx_word' id='word_1_50' title='bbox 896 1087 1129 1164; x_wconf 86' lang='lat' dir='ltr'>demonstrat,</span> <span class='ocrx_word' id='word_1_51' title='bbox 1151 1097 1313 1171; x_wconf 85' lang='lat' dir='ltr'>utputa:</span> <span class='ocrx_word' id='word_1_52' title='bbox 1337 1102 1516 1163; x_wconf 89' lang='lat' dir='ltr'>mecum,</span> <span class='ocrx_word' id='word_1_53' title='bbox 1541 1097 1700 1163; x_wconf 89' lang='lat' dir='ltr'>tecum,</span> <span class='ocrx_word' id='word_1_54' title='bbox 1723 1082 1867 1148; x_wconf 82' lang='lat' dir='ltr'>nobie·</span> 
     </span>
     <span class='ocr_line' id='line_1_7' title="bbox 398 1189 769 1266; baseline 0 -13"><span class='ocrx_word' id='word_1_55' title='bbox 398 1210 509 1266; x_wconf 85' lang='lat' dir='ltr'>cum,</span> <span class='ocrx_word' id='word_1_56' title='bbox 535 1189 769 1254; x_wconf 86' lang='lat' dir='ltr'>vobiscum.</span> 
     </span>
    </p>

    <p class='ocr_par' dir='ltr' id='par_1_3' title="bbox 482 1289 1540 1376">
     <span class='ocr_line' id='line_1_8' title="bbox 482 1289 1540 1376; baseline -0.003 -20"><span class='ocrx_word' id='word_1_57' title='bbox 482 1293 564 1356; x_wconf 91' lang='lat' dir='ltr'>Pro</span> <span class='ocrx_word' id='word_1_58' title='bbox 587 1292 759 1376; x_wconf 81' lang='lat' dir='ltr'>significat</span> <span class='ocrx_word' id='word_1_59' title='bbox 781 1303 815 1355; x_wconf 90' lang='lat' dir='ltr'>et</span> <span class='ocrx_word' id='word_1_60' title='bbox 837 1289 1039 1354; x_wconf 74' lang='lat' dir='ltr'>adverbium</span> <span class='ocrx_word' id='word_1_61' title='bbox 1062 1301 1101 1352; x_wconf 86' lang='lat' dir='ltr'>ut</span> <span class='ocrx_word' id='word_1_62' title='bbox 1121 1301 1207 1375; x_wconf 90' lang='lat' dir='ltr'>puta</span> <span class='ocrx_word' id='word_1_63' title='bbox 1228 1307 1306 1374; x_wconf 90' lang='lat' dir='ltr'>pro</span> <span class='ocrx_word' id='word_1_64' title='bbox 1331 1289 1540 1374; x_wconf 88' lang='lat' dir='ltr'>luppiter.</span> 
     </span>
    </p>

    <p class='ocr_par' dir='ltr' id='par_1_4' title="bbox 397 1383 1870 1578">
     <span class='ocr_line' id='line_1_9' title="bbox 482 1383 1870 1478; baseline -0.002 -21"><span class='ocrx_word' id='word_1_65' title='bbox 482 1394 586 1458; x_wconf 90' lang='lat' dir='ltr'>Prae</span> <span class='ocrx_word' id='word_1_66' title='bbox 604 1387 648 1476; x_wconf 82' lang='lat'>⁶&#39;)</span> <span class='ocrx_word' id='word_1_67' title='bbox 663 1393 833 1478; x_wconf 88' lang='lat' dir='ltr'>significat</span> <span class='ocrx_word' id='word_1_68' title='bbox 849 1406 883 1458; x_wconf 89' lang='lat' dir='ltr'>et</span> <span class='ocrx_word' id='word_1_69' title='bbox 898 1391 1113 1471; x_wconf 82' lang='lat' dir='ltr'>adverbium,</span> <span class='ocrx_word' id='word_1_70' title='bbox 1127 1405 1167 1457; x_wconf 91' lang='lat' dir='ltr'>ut</span> <span class='ocrx_word' id='word_1_71' title='bbox 1181 1404 1267 1478; x_wconf 90' lang='lat' dir='ltr'>puta</span> <span class='ocrx_word' id='word_1_72' title='bbox 1279 1390 1373 1478; x_wconf 89' lang='lat' dir='ltr'>apud</span> <span class='ocrx_word' id='word_1_73' title='bbox 1392 1390 1594 1456; x_wconf 87' lang='lat' dir='ltr'>Terentium</span> <span class='ocrx_word' id='word_1_74' title='bbox 1610 1383 1656 1476; x_wconf 78' lang='lat'>⁶¹)</span> <span class='ocrx_word' id='word_1_75' title='bbox 1668 1402 1870 1478; x_wconf 83' lang='lat' dir='ltr'>-praeut</span> 
     </span>
     <span class='ocr_line' id='line_1_10' title="bbox 397 1494 1659 1578; baseline 0.002 -22"><span class='ocrx_word' id='word_1_76' title='bbox 397 1494 522 1558; x_wconf 88' lang='lat' dir='ltr'>buius</span> <span class='ocrx_word' id='word_1_77' title='bbox 545 1495 687 1560; x_wconf 80' lang='lat' dir='ltr'>rabies</span> <span class='ocrx_word' id='word_1_78' title='bbox 706 1499 750 1578; x_wconf 69' lang='grc' dir='ltr'>ι).</span> <span class='ocrx_word' id='word_1_79' title='bbox 1654 1495 1659 1510; x_wconf 79' lang='grc'>’</span> 
     </span>
    </p>

    <p class='ocr_par' dir='ltr' id='par_1_5' title="bbox 396 1586 1867 1786">
     <span class='ocr_line' id='line_1_11' title="bbox 484 1586 1867 1682; baseline -0.003 -20"><span class='ocrx_word' id='word_1_80' title='bbox 484 1596 585 1662; x_wconf 83' lang='lat' dir='ltr'>Sine</span> <span class='ocrx_word' id='word_1_81' title='bbox 608 1599 780 1682; x_wconf 82' lang='lat' dir='ltr'>significat</span> <span class='ocrx_word' id='word_1_82' title='bbox 801 1587 891 1680; x_wconf 72' lang='lat' dir='ltr'>et⁶³)</span> <span class='ocrx_word' id='word_1_83' title='bbox 912 1586 1129 1679; x_wconf 67' lang='lat' dir='ltr'>vomuerit),</span> <span class='ocrx_word' id='word_1_84' title='bbox 1152 1608 1190 1660; x_wconf 92' lang='lat' dir='ltr'>ut</span> <span class='ocrx_word' id='word_1_85' title='bbox 1212 1595 1307 1682; x_wconf 77' lang='lat' dir='ltr'>apud</span> <span class='ocrx_word' id='word_1_86' title='bbox 1329 1594 1536 1660; x_wconf 85' lang='lat' dir='ltr'>Terentium</span> <span class='ocrx_word' id='word_1_87' title='bbox 1548 1587 1593 1679; x_wconf 77' lang='lat'>⁶⁵)</span> <span class='ocrx_word' id='word_1_88' title='bbox 1623 1596 1782 1660; x_wconf 85' lang='lat' dir='ltr'>-siue</span> <span class='ocrx_word' id='word_1_89' title='bbox 1804 1614 1867 1658; x_wconf 80' lang='lat' dir='ltr'>me</span> 
     </span>
     <span class='ocr_line' id='line_1_12' title="bbox 396 1696 918 1786; baseline -0.002 -22"><span class='ocrx_word' id='word_1_90' title='bbox 396 1701 624 1786; x_wconf 90' lang='lat' dir='ltr'>pervenire</span> <span class='ocrx_word' id='word_1_91' title='bbox 647 1721 730 1786; x_wconf 91' lang='lat' dir='ltr'>quo</span> <span class='ocrx_word' id='word_1_92' title='bbox 754 1699 853 1764; x_wconf 92' lang='lat' dir='ltr'>volo</span> <span class='ocrx_word' id='word_1_93' title='bbox 870 1696 918 1781; x_wconf 73' lang='lat'><em>¹).</em></span> 
     </span>
    </p>

    <p class='ocr_par' dir='ltr' id='par_1_6' title="bbox 397 1792 1871 1990">
     <span class='ocr_line' id='line_1_13' title="bbox 483 1792 1871 1887; baseline -0.003 -20"><span class='ocrx_word' id='word_1_94' title='bbox 483 1801 620 1887; x_wconf 87' lang='lat' dir='ltr'>Super</span> <span class='ocrx_word' id='word_1_95' title='bbox 647 1803 817 1886; x_wconf 86' lang='lat' dir='ltr'>significat</span> <span class='ocrx_word' id='word_1_96' title='bbox 844 1814 878 1864; x_wconf 91' lang='lat' dir='ltr'>et</span> <span class='ocrx_word' id='word_1_97' title='bbox 901 1799 1121 1876; x_wconf 78' lang='lat' dir='ltr'>adverbium,</span> <span class='ocrx_word' id='word_1_98' title='bbox 1150 1813 1189 1864; x_wconf 91' lang='lat' dir='ltr'>ut</span> <span class='ocrx_word' id='word_1_99' title='bbox 1210 1799 1305 1886; x_wconf 86' lang='lat' dir='ltr'>apud</span> <span class='ocrx_word' id='word_1_100' title='bbox 1325 1799 1522 1886; x_wconf 78' lang='lat' dir='ltr'>Vergilium</span> <span class='ocrx_word' id='word_1_101' title='bbox 1552 1837 1594 1849; x_wconf 91' lang='lat'><em>-</em></span> <span class='ocrx_word' id='word_1_102' title='bbox 1616 1813 1656 1866; x_wconf 90' lang='lat' dir='ltr'>et</span> <span class='ocrx_word' id='word_1_103' title='bbox 1675 1792 1720 1884; x_wconf 79' lang='lat'>⁶⁶)</span> <span class='ocrx_word' id='word_1_104' title='bbox 1741 1819 1871 1887; x_wconf 86' lang='lat' dir='ltr'>super</span> 
     </span>
     <span class='ocr_line' id='line_1_14' title="bbox 397 1897 1088 1990; baseline 0 -22"><span class='ocrx_word' id='word_1_105' title='bbox 397 1906 483 1990; x_wconf 87' lang='lat' dir='ltr'>ipsi</span> <span class='ocrx_word' id='word_1_106' title='bbox 504 1897 843 1986; x_wconf 70' lang='lat' dir='ltr'>Dardanidaes’i)</span> <span class='ocrx_word' id='word_1_107' title='bbox 866 1902 1022 1966; x_wconf 76' lang='lat' dir='ltr'>infensi</span> <span class='ocrx_word' id='word_1_108' title='bbox 1042 1906 1088 1986; x_wconf 82' lang='lat'><em>‘).</em></span> 
     </span>
    </p>

    <p class='ocr_par' dir='ltr' id='par_1_7' title="bbox 396 1997 1873 2193">
     <span class='ocr_line' id='line_1_15' title="bbox 482 1997 1873 2092; baseline -0.004 -18"><span class='ocrx_word' id='word_1_109' title='bbox 482 2009 554 2074; x_wconf 79' lang='lat'><em>692.</em></span> <span class='ocrx_word' id='word_1_110' title='bbox 584 2007 687 2071; x_wconf 91' lang='lat' dir='ltr'>Nunc</span> <span class='ocrx_word' id='word_1_111' title='bbox 715 2007 796 2092; x_wconf 88' lang='lat' dir='ltr'>quia</span> <span class='ocrx_word' id='word_1_112' title='bbox 824 2004 969 2089; x_wconf 87' lang='lat' dir='ltr'>longum</span> <span class='ocrx_word' id='word_1_113' title='bbox 994 2016 1103 2067; x_wconf 90' lang='lat' dir='ltr'>estet</span> <span class='ocrx_word' id='word_1_114' title='bbox 1128 1997 1172 2086; x_wconf 81' lang='lat'>⁰⁸)</span> <span class='ocrx_word' id='word_1_115' title='bbox 1196 2017 1326 2069; x_wconf 89' lang='lat' dir='ltr'>ceteras</span> <span class='ocrx_word' id='word_1_116' title='bbox 1348 2005 1625 2091; x_wconf 78' lang='lat' dir='ltr'>praepositiones</span> <span class='ocrx_word' id='word_1_117' title='bbox 1646 2004 1815 2089; x_wconf 83' lang='lat' dir='ltr'>prosequi</span> <span class='ocrx_word' id='word_1_118' title='bbox 1837 2016 1873 2068; x_wconf 92' lang='lat' dir='ltr'>et</span> 
     </span>
     <span class='ocr_line' id='line_1_16' title="bbox 396 2102 1871 2193; baseline -0.001 -21"><span class='ocrx_word' id='word_1_119' title='bbox 396 2109 475 2172; x_wconf 89' lang='lat' dir='ltr'>ideo</span> <span class='ocrx_word' id='word_1_120' title='bbox 499 2109 566 2173; x_wconf 88' lang='lat' dir='ltr'>boc</span> <span class='ocrx_word' id='word_1_121' title='bbox 589 2129 791 2184; x_wconf 87' lang='lat' dir='ltr'>monemus,</span> <span class='ocrx_word' id='word_1_122' title='bbox 814 2122 854 2173; x_wconf 89' lang='lat' dir='ltr'>ut</span> <span class='ocrx_word' id='word_1_123' title='bbox 868 2102 913 2191; x_wconf 79' lang='lat'>⁶⁹)</span> <span class='ocrx_word' id='word_1_124' title='bbox 937 2107 1077 2193; x_wconf 89' lang='lat' dir='ltr'>quando</span> <span class='ocrx_word' id='word_1_125' title='bbox 1100 2109 1376 2192; x_wconf 77' lang='lat' dir='ltr'>praepositiones</span> <span class='ocrx_word' id='word_1_126' title='bbox 1406 2108 1449 2170; x_wconf 92' lang='lat' dir='ltr'>ad</span> <span class='ocrx_word' id='word_1_127' title='bbox 1472 2125 1588 2170; x_wconf 87' lang='lat' dir='ltr'>casum</span> <span class='ocrx_word' id='word_1_128' title='bbox 1611 2127 1710 2170; x_wconf 89' lang='lat' dir='ltr'>suum</span> <span class='ocrx_word' id='word_1_129' title='bbox 1733 2107 1775 2189; x_wconf 87' lang='lat'>⁷‘)</span> <span class='ocrx_word' id='word_1_130' title='bbox 1797 2127 1871 2170; x_wconf 91' lang='lat' dir='ltr'>uon</span> 
     </span>
    </p>

    <p class='ocr_par' dir='ltr' id='par_1_8' title="bbox 321 2208 1871 2298">
     <span class='ocr_line' id='line_1_17' title="bbox 321 2208 1871 2298; baseline -0.002 -23"><span class='ocrx_word' id='word_1_131' title='bbox 321 2234 324 2240; x_wconf 71' lang='grc'>’</span> <span class='ocrx_word' id='word_1_132' title='bbox 397 2212 607 2298; x_wconf 87' lang='lat' dir='ltr'>respondere</span> <span class='ocrx_word' id='word_1_133' title='bbox 623 2212 666 2294; x_wconf 72' lang='lat'>5¹)</span> <span class='ocrx_word' id='word_1_134' title='bbox 688 2212 921 2296; x_wconf 87' lang='lat' dir='ltr'>reperiuntur,</span> <span class='ocrx_word' id='word_1_135' title='bbox 945 2209 1108 2273; x_wconf 88' lang='lat' dir='ltr'>adverbia</span> <span class='ocrx_word' id='word_1_136' title='bbox 1126 2209 1182 2272; x_wconf 91' lang='lat' dir='ltr'>vel</span> <span class='ocrx_word' id='word_1_137' title='bbox 1197 2209 1233 2272; x_wconf 93' lang='lat' dir='ltr'>id</span> <span class='ocrx_word' id='word_1_138' title='bbox 1256 2209 1350 2293; x_wconf 87' lang='lat' dir='ltr'>quod</span> <span class='ocrx_word' id='word_1_139' title='bbox 1369 2209 1564 2292; x_wconf 82' lang='lat' dir='ltr'>significant</span> <span class='ocrx_word' id='word_1_140' title='bbox 1580 2208 1800 2295; x_wconf 84' lang='lat' dir='ltr'>appellentur</span> <span class='ocrx_word' id='word_1_141' title='bbox 1813 2211 1871 2292; x_wconf 71' lang='grc'>7’).</span> 
     </span>
    </p>

    <p class='ocr_par' dir='ltr' id='par_1_9' title="bbox 396 2305 1872 2500">
     <span class='ocr_line' id='line_1_18' title="bbox 482 2305 1872 2396; baseline -0.004 -16"><span class='ocrx_word' id='word_1_142' title='bbox 482 2316 554 2382; x_wconf 83' lang='grc'><strong>693.</strong></span> <span class='ocrx_word' id='word_1_143' title='bbox 586 2313 676 2377; x_wconf 89' lang='lat' dir='ltr'>Sane</span> <span class='ocrx_word' id='word_1_144' title='bbox 705 2315 773 2376; x_wconf 89' lang='lat' dir='ltr'>hoc</span> <span class='ocrx_word' id='word_1_145' title='bbox 803 2331 1004 2388; x_wconf 88' lang='lat' dir='ltr'>monemus,</span> <span class='ocrx_word' id='word_1_146' title='bbox 1033 2311 1129 2395; x_wconf 91' lang='lat' dir='ltr'>quod</span> <span class='ocrx_word' id='word_1_147' title='bbox 1157 2311 1266 2395; x_wconf 92' lang='lat' dir='ltr'>apud</span> <span class='ocrx_word' id='word_1_148' title='bbox 1295 2323 1329 2375; x_wconf 91' lang='lat' dir='ltr'>et</span> <span class='ocrx_word' id='word_1_149' title='bbox 1352 2305 1394 2392; x_wconf 79' lang='lat'>⁷³)</span> <span class='ocrx_word' id='word_1_150' title='bbox 1426 2329 1558 2396; x_wconf 82' lang='lat' dir='ltr'>penes</span> <span class='ocrx_word' id='word_1_151' title='bbox 1592 2311 1872 2396; x_wconf 85' lang='lat' dir='ltr'>praepositiones</span> 
     </span>
     <span class='ocr_line' id='line_1_19' title="bbox 396 2397 1714 2500; baseline 0 -22"><span class='ocrx_word' id='word_1_152' title='bbox 396 2436 587 2500; x_wconf 89' lang='lat' dir='ltr'>numquam</span> <span class='ocrx_word' id='word_1_153' title='bbox 612 2415 725 2487; x_wconf 92' lang='lat' dir='ltr'>aliud,</span> <span class='ocrx_word' id='word_1_154' title='bbox 750 2434 856 2498; x_wconf 89' lang='lat' dir='ltr'>quarn</span> <span class='ocrx_word' id='word_1_155' title='bbox 880 2413 936 2488; x_wconf 92' lang='lat' dir='ltr'>id,</span> <span class='ocrx_word' id='word_1_156' title='bbox 961 2413 1057 2498; x_wconf 91' lang='lat' dir='ltr'>quod</span> <span class='ocrx_word' id='word_1_157' title='bbox 1079 2423 1177 2488; x_wconf 88' lang='lat' dir='ltr'>sunt,</span> <span class='ocrx_word' id='word_1_158' title='bbox 1202 2411 1395 2496; x_wconf 76' lang='lat' dir='ltr'>siguificare</span> <span class='ocrx_word' id='word_1_159' title='bbox 1419 2397 1641 2498; x_wconf 82' lang='lat' dir='ltr'>reperiuntur</span> <span class='ocrx_word' id='word_1_160' title='bbox 1659 2405 1714 2496; x_wconf 83' lang='grc'>7’).</span> 
     </span>
    </p>

    <p class='ocr_par' dir='ltr' id='par_1_10' title="bbox 398 2513 1875 3006">
     <span class='ocr_line' id='line_1_20' title="bbox 485 2513 1873 2600; baseline -0.001 -18"><span class='ocrx_word' id='word_1_161' title='bbox 485 2518 557 2584; x_wconf 76' lang='grc'><strong>694.</strong></span> <span class='ocrx_word' id='word_1_162' title='bbox 586 2516 673 2579; x_wconf 87' lang='lat' dir='ltr'>ltern</span> <span class='ocrx_word' id='word_1_163' title='bbox 696 2526 730 2577; x_wconf 91' lang='lat' dir='ltr'>et</span> <span class='ocrx_word' id='word_1_164' title='bbox 753 2532 816 2600; x_wconf 89' lang='lat' dir='ltr'>per</span> <span class='ocrx_word' id='word_1_165' title='bbox 838 2527 1018 2578; x_wconf 86' lang='lat' dir='ltr'>accentum</span> <span class='ocrx_word' id='word_1_166' title='bbox 1043 2515 1287 2578; x_wconf 86' lang='lat' dir='ltr'>discernuntur</span> <span class='ocrx_word' id='word_1_167' title='bbox 1308 2514 1587 2600; x_wconf 84' lang='lat' dir='ltr'>praepositiones</span> <span class='ocrx_word' id='word_1_168' title='bbox 1619 2513 1661 2577; x_wconf 91' lang='lat' dir='ltr'>ab</span> <span class='ocrx_word' id='word_1_169' title='bbox 1685 2515 1873 2592; x_wconf 82' lang='lat' dir='ltr'>adverbiis,</span> 
     </span>
     <span class='ocr_line' id='line_1_21' title="bbox 399 2615 1874 2703; baseline -0.001 -22"><span class='ocrx_word' id='word_1_170' title='bbox 399 2629 437 2681; x_wconf 86' lang='lat' dir='ltr'>ut</span> <span class='ocrx_word' id='word_1_171' title='bbox 458 2630 559 2703; x_wconf 82' lang='lat' dir='ltr'>puta:</span> <span class='ocrx_word' id='word_1_172' title='bbox 583 2629 697 2694; x_wconf 90' lang='lat' dir='ltr'>ante,</span> <span class='ocrx_word' id='word_1_173' title='bbox 722 2617 751 2679; x_wconf 92' lang='lat' dir='ltr'>si</span> <span class='ocrx_word' id='word_1_174' title='bbox 774 2635 915 2699; x_wconf 83' lang='lat' dir='ltr'>gravem</span> <span class='ocrx_word' id='word_1_175' title='bbox 939 2627 1119 2680; x_wconf 87' lang='lat' dir='ltr'>accentum</span> <span class='ocrx_word' id='word_1_176' title='bbox 1137 2615 1272 2690; x_wconf 90' lang='lat' dir='ltr'>habeat,</span> <span class='ocrx_word' id='word_1_177' title='bbox 1297 2617 1361 2680; x_wconf 90' lang='lat' dir='ltr'>erit</span> <span class='ocrx_word' id='word_1_178' title='bbox 1377 2616 1602 2702; x_wconf 88' lang='lat' dir='ltr'>praepositio,</span> <span class='ocrx_word' id='word_1_179' title='bbox 1621 2629 1660 2679; x_wconf 90' lang='lat' dir='ltr'>ut</span> <span class='ocrx_word' id='word_1_180' title='bbox 1675 2617 1767 2702; x_wconf 88' lang='lat' dir='ltr'>apud</span> <span class='ocrx_word' id='word_1_181' title='bbox 1781 2618 1874 2680; x_wconf 83' lang='lat' dir='ltr'>Ver-</span> 
     </span>
     <span class='ocr_line' id='line_1_22' title="bbox 398 2712 1875 2802; baseline 0.003 -22"><span class='ocrx_word' id='word_1_182' title='bbox 398 2718 521 2802; x_wconf 82' lang='lat' dir='ltr'>gilium</span> <span class='ocrx_word' id='word_1_183' title='bbox 539 2713 582 2802; x_wconf 78' lang='lat'>⁷⁵)</span> <span class='ocrx_word' id='word_1_184' title='bbox 603 2755 647 2770; x_wconf 87' lang='lat'><em>-</em></span> <span class='ocrx_word' id='word_1_185' title='bbox 666 2718 837 2781; x_wconf 82' lang='lat' dir='ltr'>Aeneae</span> <span class='ocrx_word' id='word_1_186' title='bbox 860 2712 1162 2800; x_wconf 78' lang='lat' dir='ltr'>stetit⁷⁶)ante</span> <span class='ocrx_word' id='word_1_187' title='bbox 1185 2716 1424 2802; x_wconf 81' lang='lat' dir='ltr'>pedess)-</span> <span class='ocrx_word' id='word_1_188' title='bbox 1447 2718 1582 2782; x_wconf 90' lang='lat' dir='ltr'>sivero</span> <span class='ocrx_word' id='word_1_189' title='bbox 1606 2723 1764 2802; x_wconf 75' lang='lat' dir='ltr'>ante⁷⁷)</span> <span class='ocrx_word' id='word_1_190' title='bbox 1788 2739 1875 2784; x_wconf 90' lang='lat' dir='ltr'>acu-</span> 
     </span>
     <span class='ocr_line' id='line_1_23' title="bbox 399 2815 1872 2904; baseline 0 -20"><span class='ocrx_word' id='word_1_191' title='bbox 399 2834 472 2884; x_wconf 84' lang='lat' dir='ltr'>turn</span> <span class='ocrx_word' id='word_1_192' title='bbox 497 2832 677 2884; x_wconf 85' lang='lat' dir='ltr'>accentum</span> <span class='ocrx_word' id='word_1_193' title='bbox 701 2819 843 2895; x_wconf 86' lang='lat' dir='ltr'>babeat,</span> <span class='ocrx_word' id='word_1_194' title='bbox 869 2820 936 2883; x_wconf 91' lang='lat' dir='ltr'>erit</span> <span class='ocrx_word' id='word_1_195' title='bbox 956 2819 1170 2896; x_wconf 86' lang='lat' dir='ltr'>adverbium,</span> <span class='ocrx_word' id='word_1_196' title='bbox 1193 2832 1232 2882; x_wconf 93' lang='lat' dir='ltr'>ut</span> <span class='ocrx_word' id='word_1_197' title='bbox 1252 2820 1344 2904; x_wconf 84' lang='lat' dir='ltr'>apud</span> <span class='ocrx_word' id='word_1_198' title='bbox 1358 2819 1554 2904; x_wconf 81' lang='lat' dir='ltr'>Vergilium</span> <span class='ocrx_word' id='word_1_199' title='bbox 1575 2853 1619 2872; x_wconf 89' lang='lat'><em>-</em></span> <span class='ocrx_word' id='word_1_200' title='bbox 1638 2820 1746 2885; x_wconf 78' lang='lat' dir='ltr'>Ante</span> <span class='ocrx_word' id='word_1_201' title='bbox 1769 2833 1813 2884; x_wconf 93' lang='lat' dir='ltr'>et</span> <span class='ocrx_word' id='word_1_202' title='bbox 1828 2815 1872 2904; x_wconf 73' lang='lat'>5⁸)</span> 
     </span>
     <span class='ocr_line' id='line_1_24' title="bbox 401 2916 1416 3006; baseline 0.002 -20"><span class='ocrx_word' id='word_1_203' title='bbox 401 2922 628 2986; x_wconf 87' lang='lat' dir='ltr'>Trinacria</span> <span class='ocrx_word' id='word_1_204' title='bbox 650 2920 881 2984; x_wconf 87' lang='lat' dir='ltr'>lentandus</span> <span class='ocrx_word' id='word_1_205' title='bbox 899 2923 943 3005; x_wconf 67' lang='grc'>79)</span> <span class='ocrx_word' id='word_1_206' title='bbox 966 2916 1158 3003; x_wconf 81' lang='lat' dir='ltr'>remns⁸)</span> <span class='ocrx_word' id='word_1_207' title='bbox 1183 2922 1223 2984; x_wconf 92' lang='lat' dir='ltr'>in</span> <span class='ocrx_word' id='word_1_208' title='bbox 1246 2922 1416 3006; x_wconf 75' lang='lat' dir='ltr'>undat).</span> 
     </span>
    </p>

    <p class='ocr_par' dir='ltr' id='par_1_11' title="bbox 399 3016 1875 3313">
     <span class='ocr_line' id='line_1_25' title="bbox 485 3016 1875 3109; baseline -0.001 -18"><span class='ocrx_word' id='word_1_209' title='bbox 485 3026 558 3092; x_wconf 83' lang='grc'><strong>665.</strong></span> <span class='ocrx_word' id='word_1_210' title='bbox 589 3024 635 3087; x_wconf 93' lang='lat' dir='ltr'>ln</span> <span class='ocrx_word' id='word_1_211' title='bbox 667 3037 701 3086; x_wconf 91' lang='lat' dir='ltr'>et</span> <span class='ocrx_word' id='word_1_212' title='bbox 730 3043 810 3087; x_wconf 90' lang='lat' dir='ltr'>con</span> <span class='ocrx_word' id='word_1_213' title='bbox 837 3026 1113 3109; x_wconf 87' lang='lat' dir='ltr'>praepositiones</span> <span class='ocrx_word' id='word_1_214' title='bbox 1140 3023 1425 3087; x_wconf 86' lang='lat' dir='ltr'>antecedentibus</span> <span class='ocrx_word' id='word_1_215' title='bbox 1456 3023 1502 3089; x_wconf 92' lang='lat' dir='ltr'>·S·</span> <span class='ocrx_word' id='word_1_216' title='bbox 1532 3025 1588 3090; x_wconf 90' lang='lat' dir='ltr'>vel</span> <span class='ocrx_word' id='word_1_217' title='bbox 1611 3023 1662 3088; x_wconf 70' lang='lat'><strong>·1·’·</strong></span> <span class='ocrx_word' id='word_1_218' title='bbox 1683 3016 1728 3108; x_wconf 81' lang='lat'>⁸¹)</span> <span class='ocrx_word' id='word_1_219' title='bbox 1749 3025 1875 3089; x_wconf 89' lang='lat' dir='ltr'>litteris</span> 
     </span>
     <span class='ocr_line' id='line_1_26' title="bbox 399 3118 1873 3214; baseline 0.001 -24"><span class='ocrx_word' id='word_1_220' title='bbox 399 3126 652 3214; x_wconf 88' lang='lat' dir='ltr'>producuntur,</span> <span class='ocrx_word' id='word_1_221' title='bbox 675 3137 827 3210; x_wconf 87' lang='lat' dir='ltr'>utputa:</span> <span class='ocrx_word' id='word_1_222' title='bbox 852 3126 1042 3190; x_wconf 88' lang='lat' dir='ltr'>insolens</span> <span class='ocrx_word' id='word_1_223' title='bbox 1059 3121 1070 3158; x_wconf 78' lang='lat'>⁸</span> <span class='ocrx_word' id='word_1_224' title='bbox 1087 3130 1114 3210; x_wconf 84' lang='lat'>),</span> <span class='ocrx_word' id='word_1_225' title='bbox 1138 3118 1392 3209; x_wconf 74' lang='lat' dir='ltr'>insertus&#39;³),</span> <span class='ocrx_word' id='word_1_226' title='bbox 1416 3121 1638 3210; x_wconf 70' lang='lat' dir='ltr'>infelix⁸²),</span> <span class='ocrx_word' id='word_1_227' title='bbox 1661 3126 1873 3204; x_wconf 83' lang='lat' dir='ltr'>inlerens;</span> 
     </span>
     <span class='ocr_line' id='line_1_27' title="bbox 402 3223 1629 3313; baseline 0.001 -20"><span class='ocrx_word' id='word_1_228' title='bbox 402 3249 663 3304; x_wconf 85' lang='lat' dir='ltr'>consonans,</span> <span class='ocrx_word' id='word_1_229' title='bbox 687 3239 935 3301; x_wconf 87' lang='lat' dir='ltr'>consertus,</span> <span class='ocrx_word' id='word_1_230' title='bbox 960 3227 1175 3291; x_wconf 76' lang='lat' dir='ltr'>confusus.</span> <span class='ocrx_word' id='word_1_231' title='bbox 1200 3227 1259 3292; x_wconf 89' lang='lat' dir='ltr'>Sic</span> <span class='ocrx_word' id='word_1_232' title='bbox 1281 3241 1316 3293; x_wconf 89' lang='lat' dir='ltr'>et</span> <span class='ocrx_word' id='word_1_233' title='bbox 1338 3240 1452 3292; x_wconf 81' lang='lat' dir='ltr'>cetera</span> <span class='ocrx_word' id='word_1_234' title='bbox 1473 3230 1557 3293; x_wconf 85' lang='lat' dir='ltr'>talia</span> <span class='ocrx_word' id='word_1_235' title='bbox 1575 3223 1629 3313; x_wconf 80' lang='lat'>⁸⁵).</span> 
     </span>
    </p>

    <p class='ocr_par' dir='ltr' id='par_1_12' title="bbox 401 3327 1877 3723">
     <span class='ocr_line' id='line_1_28' title="bbox 489 3327 1873 3415; baseline -0.002 -17"><span class='ocrx_word' id='word_1_236' title='bbox 489 3332 561 3398; x_wconf 78' lang='lat'><em>696.</em></span> <span class='ocrx_word' id='word_1_237' title='bbox 584 3331 647 3394; x_wconf 82' lang='lat' dir='ltr'>Ex</span> <span class='ocrx_word' id='word_1_238' title='bbox 669 3341 703 3392; x_wconf 91' lang='lat' dir='ltr'>et</span> <span class='ocrx_word' id='word_1_239' title='bbox 725 3351 745 3394; x_wconf 89' lang='lat' dir='ltr'>a</span> <span class='ocrx_word' id='word_1_240' title='bbox 761 3329 1036 3414; x_wconf 79' lang='lat' dir='ltr'>praepositiones</span> <span class='ocrx_word' id='word_1_241' title='bbox 1050 3332 1138 3394; x_wconf 87' lang='lat' dir='ltr'>hanc</span> <span class='ocrx_word' id='word_1_242' title='bbox 1155 3330 1264 3414; x_wconf 92' lang='lat' dir='ltr'>aliqui</span> <span class='ocrx_word' id='word_1_243' title='bbox 1276 3329 1398 3394; x_wconf 77' lang='lat' dir='ltr'>volunt</span> <span class='ocrx_word' id='word_1_244' title='bbox 1414 3332 1541 3398; x_wconf 88' lang='lat' dir='ltr'>babere</span> <span class='ocrx_word' id='word_1_245' title='bbox 1554 3333 1802 3397; x_wconf 79' lang='lat' dir='ltr'>discretionem</span> <span class='ocrx_word' id='word_1_246' title='bbox 1818 3327 1873 3415; x_wconf 73' lang='lat'>⁸⁶),</span> 
     </span>
     <span class='ocr_line' id='line_1_29' title="bbox 401 3431 1874 3519; baseline 0.002 -23"><span class='ocrx_word' id='word_1_247' title='bbox 401 3445 441 3496; x_wconf 89' lang='lat' dir='ltr'>ut</span> <span class='ocrx_word' id='word_1_248' title='bbox 462 3445 561 3519; x_wconf 90' lang='lat' dir='ltr'>puta,</span> <span class='ocrx_word' id='word_1_249' title='bbox 586 3435 646 3518; x_wconf 92' lang='lat' dir='ltr'>qui</span> <span class='ocrx_word' id='word_1_250' title='bbox 669 3434 798 3497; x_wconf 80' lang='lat' dir='ltr'>dixerit</span> <span class='ocrx_word' id='word_1_251' title='bbox 820 3452 870 3494; x_wconf 88' lang='lat' dir='ltr'>ex</span> <span class='ocrx_word' id='word_1_252' title='bbox 893 3431 984 3496; x_wconf 85' lang='lat' dir='ltr'>loro</span> <span class='ocrx_word' id='word_1_253' title='bbox 1005 3432 1144 3508; x_wconf 90' lang='lat' dir='ltr'>venio,</span> <span class='ocrx_word' id='word_1_254' title='bbox 1168 3452 1213 3494; x_wconf 87' lang='lat' dir='ltr'>ex</span> <span class='ocrx_word' id='word_1_255' title='bbox 1235 3433 1311 3517; x_wconf 89' lang='lat' dir='ltr'>ipso</span> <span class='ocrx_word' id='word_1_256' title='bbox 1337 3432 1411 3496; x_wconf 85' lang='lat' dir='ltr'>loro</span> <span class='ocrx_word' id='word_1_257' title='bbox 1434 3437 1553 3500; x_wconf 89' lang='lat' dir='ltr'>venire</span> <span class='ocrx_word' id='word_1_258' title='bbox 1576 3435 1818 3519; x_wconf 84' lang='lat' dir='ltr'>intellegatur;</span> <span class='ocrx_word' id='word_1_259' title='bbox 1841 3449 1874 3499; x_wconf 88' lang='lat' dir='ltr'>at</span> 
     </span>
     <span class='ocr_line' id='line_1_30' title="bbox 403 3533 1877 3623; baseline 0.001 -24"><span class='ocrx_word' id='word_1_260' title='bbox 403 3555 504 3610; x_wconf 90' lang='lat' dir='ltr'>vero,</span> <span class='ocrx_word' id='word_1_261' title='bbox 529 3534 590 3620; x_wconf 92' lang='lat' dir='ltr'>qui</span> <span class='ocrx_word' id='word_1_262' title='bbox 612 3535 742 3600; x_wconf 83' lang='lat' dir='ltr'>dixerit</span> <span class='ocrx_word' id='word_1_263' title='bbox 763 3556 783 3601; x_wconf 87' lang='lat' dir='ltr'>a</span> <span class='ocrx_word' id='word_1_264' title='bbox 805 3534 896 3600; x_wconf 87' lang='lat' dir='ltr'>loro</span> <span class='ocrx_word' id='word_1_265' title='bbox 919 3533 1050 3599; x_wconf 86' lang='lat' dir='ltr'>venio</span> <span class='ocrx_word' id='word_1_266' title='bbox 1073 3553 1119 3598; x_wconf 85' lang='lat' dir='ltr'>ex</span> <span class='ocrx_word' id='word_1_267' title='bbox 1140 3533 1238 3611; x_wconf 90' lang='lat' dir='ltr'>loco,</span> <span class='ocrx_word' id='word_1_268' title='bbox 1267 3535 1328 3620; x_wconf 92' lang='lat' dir='ltr'>qui</span> <span class='ocrx_word' id='word_1_269' title='bbox 1350 3555 1461 3623; x_wconf 90' lang='lat' dir='ltr'>prope</span> <span class='ocrx_word' id='word_1_270' title='bbox 1485 3537 1597 3602; x_wconf 86' lang='lat' dir='ltr'>lorum</span> <span class='ocrx_word' id='word_1_271' title='bbox 1622 3550 1674 3602; x_wconf 90' lang='lat' dir='ltr'>est</span> <span class='ocrx_word' id='word_1_272' title='bbox 1692 3533 1733 3619; x_wconf 50' lang='grc' dir='ltr'>Β)</span> <span class='ocrx_word' id='word_1_273' title='bbox 1754 3539 1877 3602; x_wconf 89' lang='lat' dir='ltr'>venire</span> 
     </span>
     <span class='ocr_line' id='line_1_31' title="bbox 405 3638 607 3723; baseline 0.01 -24"><span class='ocrx_word' id='word_1_274' title='bbox 405 3638 607 3723; x_wconf 87' lang='lat' dir='ltr'>reperiatur.</span> 
     </span>
    </p>
   </div>
   <div class='ocr_carea' id='block_1_3' title="bbox 448 3859 1903 4991">
    <p class='ocr_par' dir='ltr' id='par_1_13' title="bbox 448 3835 1903 4991">
     <span class='ocr_line' id='line_1_32' title="bbox 448 3859 1881 3936; baseline -0.001 -18"><span class='ocrx_word' id='word_1_275' title='bbox 448 3863 483 3934; x_wconf 79' lang='lat'>⁵⁸)</span> <span class='ocrx_word' id='word_1_276' title='bbox 504 3862 574 3918; x_wconf 79' lang='lat' dir='ltr'>cnm</span> <span class='ocrx_word' id='word_1_277' title='bbox 593 3863 626 3916; x_wconf 99' lang='grc' dir='ltr'>Β.</span> <span class='ocrx_word' id='word_1_278' title='bbox 646 3863 683 3918; x_wconf 87' lang='lat' dir='ltr'>V.</span> <span class='ocrx_word' id='word_1_279' title='bbox 703 3864 733 3917; x_wconf 84' lang='lat'>1².</span> <span class='ocrx_word' id='word_1_280' title='bbox 753 3871 865 3914; x_wconf 87' lang='lat' dir='ltr'>-tum</span> <span class='ocrx_word' id='word_1_281' title='bbox 883 3864 920 3915; x_wconf 88' lang='lat' dir='ltr'>A.</span> <span class='ocrx_word' id='word_1_282' title='bbox 940 3864 976 3934; x_wconf 78' lang='lat'>⁸⁷)</span> <span class='ocrx_word' id='word_1_283' title='bbox 995 3871 1027 3914; x_wconf 88' lang='lat' dir='ltr'>ut</span> <span class='ocrx_word' id='word_1_284' title='bbox 1044 3859 1117 3935; x_wconf 83' lang='lat' dir='ltr'>apud</span> <span class='ocrx_word' id='word_1_285' title='bbox 1138 3867 1175 3920; x_wconf 88' lang='lat' dir='ltr'>V.</span> <span class='ocrx_word' id='word_1_286' title='bbox 1194 3865 1231 3918; x_wconf 89' lang='lat' dir='ltr'>A.</span> <span class='ocrx_word' id='word_1_287' title='bbox 1250 3895 1285 3908; x_wconf 90' lang='lat'>-·</span> <span class='ocrx_word' id='word_1_288' title='bbox 1303 3871 1335 3917; x_wconf 87' lang='lat' dir='ltr'>ul</span> <span class='ocrx_word' id='word_1_289' title='bbox 1353 3872 1404 3936; x_wconf 86' lang='lat' dir='ltr'>put</span> <span class='ocrx_word' id='word_1_290' title='bbox 1421 3865 1453 3920; x_wconf 88' lang='grc' dir='ltr'>Β.</span> <span class='ocrx_word' id='word_1_291' title='bbox 1481 3867 1518 3936; x_wconf 89' lang='grc'>”)</span> <span class='ocrx_word' id='word_1_292' title='bbox 1545 3865 1708 3917; x_wconf 79' lang='lat' dir='ltr'>Ciceronem</span> <span class='ocrx_word' id='word_1_293' title='bbox 1728 3864 1760 3918; x_wconf 80' lang='lat' dir='ltr'><em>V</em></span> <span class='ocrx_word' id='word_1_294' title='bbox 1784 3864 1821 3917; x_wconf 90' lang='lat' dir='ltr'>A.</span> <span class='ocrx_word' id='word_1_295' title='bbox 1842 3895 1881 3908; x_wconf 95' lang='lat'><em>-</em></span> 
     </span>
     <span class='ocr_line' id='line_1_33' title="bbox 513 3949 1881 4024; baseline 0.001 -22"><span class='ocrx_word' id='word_1_296' title='bbox 513 3951 682 4004; x_wconf 81' lang='lat' dir='ltr'>Ceceroueur</span> <span class='ocrx_word' id='word_1_297' title='bbox 699 3952 733 4008; x_wconf 91' lang='grc' dir='ltr'>Β.</span> <span class='ocrx_word' id='word_1_298' title='bbox 753 3952 789 4021; x_wconf 79' lang='lat'>⁵⁹)</span> <span class='ocrx_word' id='word_1_299' title='bbox 809 3959 838 4003; x_wconf 87' lang='lat' dir='ltr'>et</span> <span class='ocrx_word' id='word_1_300' title='bbox 857 3951 893 4004; x_wconf 94' lang='lat' dir='ltr'><em>V.</em></span> <span class='ocrx_word' id='word_1_301' title='bbox 912 3951 948 4002; x_wconf 93' lang='lat' dir='ltr'>A.</span> <span class='ocrx_word' id='word_1_302' title='bbox 966 3973 1003 4000; x_wconf 94' lang='lat'>=</span> <span class='ocrx_word' id='word_1_303' title='bbox 1019 3953 1052 4005; x_wconf 92' lang='grc' dir='ltr'>Β.</span> <span class='ocrx_word' id='word_1_304' title='bbox 1067 3953 1104 4023; x_wconf 79' lang='lat'>⁶⁰)</span> <span class='ocrx_word' id='word_1_305' title='bbox 1123 3950 1248 4005; x_wconf 81' lang='lat' dir='ltr'>subiecta</span> <span class='ocrx_word' id='word_1_306' title='bbox 1268 3953 1298 4006; x_wconf 86' lang='lat' dir='ltr'><em>B.</em></span> <span class='ocrx_word' id='word_1_307' title='bbox 1320 3954 1355 4007; x_wconf 85' lang='lat' dir='ltr'><em>V.</em></span> <span class='ocrx_word' id='word_1_308' title='bbox 1376 3983 1409 3997; x_wconf 88' lang='lat'>--</span> <span class='ocrx_word' id='word_1_309' title='bbox 1425 3949 1578 4006; x_wconf 81' lang='lat' dir='ltr'>subiectans</span> <span class='ocrx_word' id='word_1_310' title='bbox 1596 3955 1634 4007; x_wconf 90' lang='lat' dir='ltr'>A.</span> <span class='ocrx_word' id='word_1_311' title='bbox 1653 3955 1690 4019; x_wconf 74' lang='grc' dir='ltr'>Ἰ)</span> <span class='ocrx_word' id='word_1_312' title='bbox 1708 3969 1776 4024; x_wconf 83' lang='lat' dir='ltr'>pree</span> <span class='ocrx_word' id='word_1_313' title='bbox 1794 3953 1828 4006; x_wconf 91' lang='grc' dir='ltr'>Β.</span> <span class='ocrx_word' id='word_1_314' title='bbox 1839 3953 1881 4006; x_wconf 91' lang='lat' dir='ltr'><em>V.</em></span> 
     </span>
     <span class='ocr_line' id='line_1_34' title="bbox 514 4035 1883 4112; baseline 0.001 -22"><span class='ocrx_word' id='word_1_315' title='bbox 514 4039 544 4090; x_wconf 91' lang='lat' dir='ltr'><em>P.</em></span> <span class='ocrx_word' id='word_1_316' title='bbox 563 4068 600 4080; x_wconf 94' lang='lat'>-</span> <span class='ocrx_word' id='word_1_317' title='bbox 623 4055 674 4108; x_wconf 88' lang='lat' dir='ltr'>pro</span> <span class='ocrx_word' id='word_1_318' title='bbox 692 4039 729 4092; x_wconf 86' lang='lat' dir='ltr'>A.</span> <span class='ocrx_word' id='word_1_319' title='bbox 756 4039 793 4107; x_wconf 80' lang='lat'>⁸²)</span> <span class='ocrx_word' id='word_1_320' title='bbox 813 4046 845 4091; x_wconf 89' lang='lat' dir='ltr'>nt</span> <span class='ocrx_word' id='word_1_321' title='bbox 862 4046 929 4109; x_wconf 80' lang='lat' dir='ltr'>puta</span> <span class='ocrx_word' id='word_1_322' title='bbox 947 4035 1022 4108; x_wconf 80' lang='lat' dir='ltr'>apud</span> <span class='ocrx_word' id='word_1_323' title='bbox 1040 4039 1200 4092; x_wconf 80' lang='lat' dir='ltr'>Terentium</span> <span class='ocrx_word' id='word_1_324' title='bbox 1217 4071 1253 4082; x_wconf 98' lang='lat'>-</span> <span class='ocrx_word' id='word_1_325' title='bbox 1272 4049 1303 4093; x_wconf 89' lang='grc' dir='ltr'>ιιι</span> <span class='ocrx_word' id='word_1_326' title='bbox 1321 4039 1396 4112; x_wconf 82' lang='lat' dir='ltr'>epod</span> <span class='ocrx_word' id='word_1_327' title='bbox 1412 4041 1574 4092; x_wconf 83' lang='lat' dir='ltr'>Terentium</span> <span class='ocrx_word' id='word_1_328' title='bbox 1595 4042 1630 4094; x_wconf 90' lang='lat' dir='ltr'><em>V.</em></span> <span class='ocrx_word' id='word_1_329' title='bbox 1658 4041 1693 4092; x_wconf 88' lang='lat' dir='ltr'>A.</span> <span class='ocrx_word' id='word_1_330' title='bbox 1712 4071 1747 4081; x_wconf 89' lang='lat'>-</span> <span class='ocrx_word' id='word_1_331' title='bbox 1766 4049 1799 4092; x_wconf 86' lang='lat' dir='ltr'>ut</span> <span class='ocrx_word' id='word_1_332' title='bbox 1816 4047 1883 4111; x_wconf 85' lang='lat' dir='ltr'>put.</span> 
     </span>
     <span class='ocr_line' id='line_1_35' title="bbox 514 4123 1884 4197; baseline 0.001 -19"><span class='ocrx_word' id='word_1_333' title='bbox 514 4125 627 4180; x_wconf 76' lang='lat' dir='ltr'>Terent.</span> <span class='ocrx_word' id='word_1_334' title='bbox 646 4126 679 4178; x_wconf 94' lang='grc' dir='ltr'>Β.</span> <span class='ocrx_word' id='word_1_335' title='bbox 698 4126 735 4195; x_wconf 89' lang='grc'>”)</span> <span class='ocrx_word' id='word_1_336' title='bbox 755 4133 784 4177; x_wconf 83' lang='lat' dir='ltr'>el</span> <span class='ocrx_word' id='word_1_337' title='bbox 800 4127 832 4178; x_wconf 91' lang='grc' dir='ltr'>Β.</span> <span class='ocrx_word' id='word_1_338' title='bbox 854 4127 890 4179; x_wconf 84' lang='lat' dir='ltr'><em>V.</em></span> <span class='ocrx_word' id='word_1_339' title='bbox 909 4147 945 4174; x_wconf 92' lang='lat'>=</span> <span class='ocrx_word' id='word_1_340' title='bbox 962 4126 997 4179; x_wconf 90' lang='lat' dir='ltr'><em>A.</em></span> <span class='ocrx_word' id='word_1_341' title='bbox 1018 4126 1055 4196; x_wconf 89' lang='grc'>”)</span> <span class='ocrx_word' id='word_1_342' title='bbox 1073 4123 1186 4179; x_wconf 81' lang='lat' dir='ltr'>verbum</span> <span class='ocrx_word' id='word_1_343' title='bbox 1205 4128 1241 4183; x_wconf 89' lang='lat' dir='ltr'><em>V.</em></span> <span class='ocrx_word' id='word_1_344' title='bbox 1261 4129 1297 4181; x_wconf 86' lang='lat' dir='ltr'>A.</span> <span class='ocrx_word' id='word_1_345' title='bbox 1316 4159 1351 4170; x_wconf 92' lang='lat'>-</span> <span class='ocrx_word' id='word_1_346' title='bbox 1370 4125 1529 4180; x_wconf 81' lang='lat' dir='ltr'>adverbium</span> <span class='ocrx_word' id='word_1_347' title='bbox 1547 4129 1579 4182; x_wconf 87' lang='lat' dir='ltr'><em>B.</em></span> <span class='ocrx_word' id='word_1_348' title='bbox 1606 4129 1642 4197; x_wconf 90' lang='grc'>”)</span> <span class='ocrx_word' id='word_1_349' title='bbox 1662 4127 1826 4180; x_wconf 78' lang='lat' dir='ltr'>Terentium</span> <span class='ocrx_word' id='word_1_350' title='bbox 1845 4129 1884 4180; x_wconf 91' lang='grc' dir='ltr'>Β.</span> 
     </span>
     <span class='ocr_line' id='line_1_36' title="bbox 514 4211 1886 4287; baseline 0.001 -20"><span class='ocrx_word' id='word_1_351' title='bbox 514 4213 550 4267; x_wconf 92' lang='lat' dir='ltr'>A.</span> <span class='ocrx_word' id='word_1_352' title='bbox 576 4241 612 4256; x_wconf 87' lang='lat'>-</span> <span class='ocrx_word' id='word_1_353' title='bbox 637 4213 789 4266; x_wconf 82' lang='lat' dir='ltr'>Tereuluur</span> <span class='ocrx_word' id='word_1_354' title='bbox 814 4213 850 4270; x_wconf 87' lang='lat' dir='ltr'><em>V.</em></span> <span class='ocrx_word' id='word_1_355' title='bbox 876 4215 914 4287; x_wconf 80' lang='lat'>⁶⁶)</span> <span class='ocrx_word' id='word_1_356' title='bbox 942 4221 970 4266; x_wconf 85' lang='lat' dir='ltr'>el</span> <span class='ocrx_word' id='word_1_357' title='bbox 995 4215 1031 4267; x_wconf 87' lang='lat' dir='ltr'><em>V.</em></span> <span class='ocrx_word' id='word_1_358' title='bbox 1049 4214 1086 4268; x_wconf 89' lang='lat' dir='ltr'>A.</span> <span class='ocrx_word' id='word_1_359' title='bbox 1104 4237 1141 4264; x_wconf 91' lang='lat'>=</span> <span class='ocrx_word' id='word_1_360' title='bbox 1164 4216 1196 4268; x_wconf 91' lang='lat' dir='ltr'><em>B.</em></span> <span class='ocrx_word' id='word_1_361' title='bbox 1223 4218 1260 4285; x_wconf 82' lang='lat'>⁶⁷)</span> <span class='ocrx_word' id='word_1_362' title='bbox 1288 4213 1462 4268; x_wconf 72' lang='lat' dir='ltr'>Dardanidae</span> <span class='ocrx_word' id='word_1_363' title='bbox 1488 4217 1525 4271; x_wconf 88' lang='lat' dir='ltr'><em>V.</em></span> <span class='ocrx_word' id='word_1_364' title='bbox 1549 4216 1587 4271; x_wconf 86' lang='lat' dir='ltr'>A.</span> <span class='ocrx_word' id='word_1_365' title='bbox 1613 4247 1640 4258; x_wconf 99' lang='lat'>-</span> <span class='ocrx_word' id='word_1_366' title='bbox 1665 4211 1819 4268; x_wconf 74' lang='lat' dir='ltr'>dardanide</span> <span class='ocrx_word' id='word_1_367' title='bbox 1847 4218 1886 4268; x_wconf 96' lang='grc' dir='ltr'>Β.</span> 
     </span>
     <span class='ocr_line' id='line_1_37' title="bbox 516 4299 1889 4372; baseline 0.005 -20"><span class='ocrx_word' id='word_1_368' title='bbox 516 4303 552 4371; x_wconf 83' lang='grc'>”)</span> <span class='ocrx_word' id='word_1_369' title='bbox 581 4309 609 4354; x_wconf 87' lang='lat' dir='ltr'>et</span> <span class='ocrx_word' id='word_1_370' title='bbox 631 4301 665 4354; x_wconf 92' lang='grc' dir='ltr'>Β.</span> <span class='ocrx_word' id='word_1_371' title='bbox 683 4321 719 4350; x_wconf 90' lang='lat'>=</span> <span class='ocrx_word' id='word_1_372' title='bbox 738 4299 774 4354; x_wconf 83' lang='lat' dir='ltr'><em>V.</em></span> <span class='ocrx_word' id='word_1_373' title='bbox 793 4301 830 4353; x_wconf 92' lang='lat' dir='ltr'>A.</span> <span class='ocrx_word' id='word_1_374' title='bbox 857 4301 893 4372; x_wconf 76' lang='grc' dir='ltr'>ἰ)</span> <span class='ocrx_word' id='word_1_375' title='bbox 918 4307 950 4352; x_wconf 88' lang='lat' dir='ltr'>ut</span> <span class='ocrx_word' id='word_1_376' title='bbox 969 4301 1004 4353; x_wconf 88' lang='lat' dir='ltr'><em>V.</em></span> <span class='ocrx_word' id='word_1_377' title='bbox 1023 4301 1060 4355; x_wconf 92' lang='lat' dir='ltr'>A.</span> <span class='ocrx_word' id='word_1_378' title='bbox 1079 4303 1166 4370; x_wconf 65' lang='lat' dir='ltr'><em>=3B.</em></span> <span class='ocrx_word' id='word_1_379' title='bbox 1194 4304 1231 4372; x_wconf 64' lang='grc' dir='ltr'>ι’)</span> <span class='ocrx_word' id='word_1_380' title='bbox 1257 4321 1348 4356; x_wconf 81' lang='lat' dir='ltr'>casnm</span> <span class='ocrx_word' id='word_1_381' title='bbox 1375 4323 1455 4357; x_wconf 84' lang='lat' dir='ltr'>suum</span> <span class='ocrx_word' id='word_1_382' title='bbox 1472 4307 1505 4359; x_wconf 90' lang='grc' dir='ltr'><strong>Β.</strong></span> <span class='ocrx_word' id='word_1_383' title='bbox 1525 4337 1560 4350; x_wconf 88' lang='lat'><em>-</em></span> <span class='ocrx_word' id='word_1_384' title='bbox 1578 4321 1658 4357; x_wconf 83' lang='lat' dir='ltr'>suum</span> <span class='ocrx_word' id='word_1_385' title='bbox 1683 4321 1763 4355; x_wconf 85' lang='lat' dir='ltr'>usum</span> <span class='ocrx_word' id='word_1_386' title='bbox 1784 4303 1822 4358; x_wconf 87' lang='lat' dir='ltr'><em>V.</em></span> <span class='ocrx_word' id='word_1_387' title='bbox 1843 4307 1889 4359; x_wconf 91' lang='lat' dir='ltr'>A.</span> 
     </span>
     <span class='ocr_line' id='line_1_38' title="bbox 515 4384 1892 4465; baseline 0.003 -25"><span class='ocrx_word' id='word_1_388' title='bbox 515 4392 551 4460; x_wconf 84' lang='lat'>⁷¹)</span> <span class='ocrx_word' id='word_1_389' title='bbox 570 4405 626 4441; x_wconf 90' lang='lat' dir='ltr'>nou</span> <span class='ocrx_word' id='word_1_390' title='bbox 645 4384 814 4459; x_wconf 83' lang='lat' dir='ltr'>respondere</span> <span class='ocrx_word' id='word_1_391' title='bbox 832 4388 865 4441; x_wconf 88' lang='grc' dir='ltr'><strong>Β.</strong></span> <span class='ocrx_word' id='word_1_392' title='bbox 886 4389 917 4442; x_wconf 92' lang='lat' dir='ltr'><em>V</em></span> <span class='ocrx_word' id='word_1_393' title='bbox 915 4425 922 4440; x_wconf 94' lang='lat'><em>.</em></span> <span class='ocrx_word' id='word_1_394' title='bbox 940 4390 974 4442; x_wconf 85' lang='lat' dir='ltr'><em>P.</em></span> <span class='ocrx_word' id='word_1_395' title='bbox 993 4419 1028 4431; x_wconf 92' lang='lat'><em>-</em></span> <span class='ocrx_word' id='word_1_396' title='bbox 1046 4388 1214 4460; x_wconf 85' lang='lat' dir='ltr'>respondere</span> <span class='ocrx_word' id='word_1_397' title='bbox 1231 4407 1288 4444; x_wconf 87' lang='lat' dir='ltr'>uon</span> <span class='ocrx_word' id='word_1_398' title='bbox 1306 4393 1343 4446; x_wconf 89' lang='lat' dir='ltr'>A.</span> <span class='ocrx_word' id='word_1_399' title='bbox 1363 4394 1401 4463; x_wconf 72' lang='grc' dir='ltr'>μ)</span> <span class='ocrx_word' id='word_1_400' title='bbox 1421 4391 1596 4465; x_wconf 69' lang='lat' dir='ltr'>appellentur</span> <span class='ocrx_word' id='word_1_401' title='bbox 1616 4394 1651 4447; x_wconf 82' lang='lat' dir='ltr'><em>V.</em></span> <span class='ocrx_word' id='word_1_402' title='bbox 1671 4392 1708 4446; x_wconf 84' lang='lat' dir='ltr'><em>A.</em></span> <span class='ocrx_word' id='word_1_403' title='bbox 1728 4422 1764 4434; x_wconf 90' lang='lat'><em>-</em></span> <span class='ocrx_word' id='word_1_404' title='bbox 1782 4391 1892 4463; x_wconf 84' lang='lat' dir='ltr'>appel-</span> 
     </span>
     <span class='ocr_line' id='line_1_39' title="bbox 515 4476 1896 4552; baseline 0.001 -22"><span class='ocrx_word' id='word_1_405' title='bbox 515 4477 609 4531; x_wconf 72' lang='lat' dir='ltr'>tantur</span> <span class='ocrx_word' id='word_1_406' title='bbox 625 4476 659 4529; x_wconf 89' lang='grc' dir='ltr'><strong>Β.</strong></span> <span class='ocrx_word' id='word_1_407' title='bbox 679 4481 715 4546; x_wconf 77' lang='lat'>⁷³)</span> <span class='ocrx_word' id='word_1_408' title='bbox 735 4483 764 4528; x_wconf 88' lang='lat' dir='ltr'>el</span> <span class='ocrx_word' id='word_1_409' title='bbox 781 4477 813 4530; x_wconf 90' lang='grc' dir='ltr'>Β.</span> <span class='ocrx_word' id='word_1_410' title='bbox 833 4476 865 4531; x_wconf 93' lang='lat' dir='ltr'><em>V</em></span> <span class='ocrx_word' id='word_1_411' title='bbox 863 4514 869 4528; x_wconf 87' lang='lat'><em>.</em></span> <span class='ocrx_word' id='word_1_412' title='bbox 889 4476 920 4529; x_wconf 85' lang='grc' dir='ltr'>Ρ.</span> <span class='ocrx_word' id='word_1_413' title='bbox 939 4497 976 4527; x_wconf 84' lang='lat'>=</span> <span class='ocrx_word' id='word_1_414' title='bbox 993 4477 1030 4529; x_wconf 89' lang='lat' dir='ltr'>A.</span> <span class='ocrx_word' id='word_1_415' title='bbox 1050 4479 1087 4550; x_wconf 85' lang='lat'>⁷⁴)</span> <span class='ocrx_word' id='word_1_416' title='bbox 1107 4478 1281 4549; x_wconf 83' lang='lat' dir='ltr'>reperiuntur</span> <span class='ocrx_word' id='word_1_417' title='bbox 1299 4481 1330 4534; x_wconf 92' lang='grc' dir='ltr'>Β.</span> <span class='ocrx_word' id='word_1_418' title='bbox 1349 4509 1386 4524; x_wconf 91' lang='grc'>-</span> <span class='ocrx_word' id='word_1_419' title='bbox 1403 4481 1575 4552; x_wconf 83' lang='lat' dir='ltr'>reperientur</span> <span class='ocrx_word' id='word_1_420' title='bbox 1594 4480 1630 4537; x_wconf 89' lang='lat' dir='ltr'><em>V.</em></span> <span class='ocrx_word' id='word_1_421' title='bbox 1649 4480 1685 4532; x_wconf 92' lang='lat' dir='ltr'>A.</span> <span class='ocrx_word' id='word_1_422' title='bbox 1705 4481 1741 4548; x_wconf 77' lang='lat'>⁷⁵)</span> <span class='ocrx_word' id='word_1_423' title='bbox 1759 4489 1793 4532; x_wconf 89' lang='lat' dir='ltr'>ut</span> <span class='ocrx_word' id='word_1_424' title='bbox 1805 4480 1896 4551; x_wconf 77' lang='lat' dir='ltr'>apud</span> 
     </span>
     <span class='ocr_line' id='line_1_40' title="bbox 517 4563 1895 4639; baseline 0.004 -21"><span class='ocrx_word' id='word_1_425' title='bbox 517 4563 669 4635; x_wconf 83' lang='lat' dir='ltr'>Vergilium</span> <span class='ocrx_word' id='word_1_426' title='bbox 688 4567 725 4620; x_wconf 88' lang='lat' dir='ltr'><em>V.</em></span> <span class='ocrx_word' id='word_1_427' title='bbox 744 4565 777 4618; x_wconf 88' lang='grc' dir='ltr'>Β.</span> <span class='ocrx_word' id='word_1_428' title='bbox 795 4594 831 4606; x_wconf 94' lang='grc'>-</span> <span class='ocrx_word' id='word_1_429' title='bbox 848 4572 880 4617; x_wconf 88' lang='lat' dir='ltr'>ut</span> <span class='ocrx_word' id='word_1_430' title='bbox 898 4572 965 4634; x_wconf 84' lang='lat' dir='ltr'>puta</span> <span class='ocrx_word' id='word_1_431' title='bbox 982 4564 1018 4619; x_wconf 85' lang='lat' dir='ltr'>A.</span> <span class='ocrx_word' id='word_1_432' title='bbox 1039 4567 1077 4635; x_wconf 77' lang='grc'>7’)</span> <span class='ocrx_word' id='word_1_433' title='bbox 1095 4568 1174 4620; x_wconf 79' lang='lat' dir='ltr'>stetit</span> <span class='ocrx_word' id='word_1_434' title='bbox 1191 4568 1224 4620; x_wconf 91' lang='grc' dir='ltr'>Β.</span> <span class='ocrx_word' id='word_1_435' title='bbox 1245 4569 1277 4624; x_wconf 93' lang='lat' dir='ltr'><em>V</em></span> <span class='ocrx_word' id='word_1_436' title='bbox 1275 4605 1282 4620; x_wconf 92' lang='lat'><em>.</em></span> <span class='ocrx_word' id='word_1_437' title='bbox 1301 4571 1333 4620; x_wconf 91' lang='lat' dir='ltr'><em>P.</em></span> <span class='ocrx_word' id='word_1_438' title='bbox 1352 4597 1387 4610; x_wconf 92' lang='lat'>·-</span> <span class='ocrx_word' id='word_1_439' title='bbox 1405 4577 1481 4622; x_wconf 75' lang='grc' dir='ltr'><strong>ιιοιιι</strong></span> <span class='ocrx_word' id='word_1_440' title='bbox 1498 4570 1533 4623; x_wconf 87' lang='lat' dir='ltr'>A.</span> <span class='ocrx_word' id='word_1_441' title='bbox 1553 4572 1590 4639; x_wconf 78' lang='lat'>²⁷)</span> <span class='ocrx_word' id='word_1_442' title='bbox 1608 4577 1672 4620; x_wconf 77' lang='lat' dir='ltr'>aute</span> <span class='ocrx_word' id='word_1_443' title='bbox 1691 4566 1723 4620; x_wconf 90' lang='grc' dir='ltr'>Β.</span> <span class='ocrx_word' id='word_1_444' title='bbox 1743 4567 1776 4620; x_wconf 91' lang='lat' dir='ltr'><em>V</em></span> <span class='ocrx_word' id='word_1_445' title='bbox 1774 4606 1780 4618; x_wconf 88' lang='lat'><em>.</em></span> <span class='ocrx_word' id='word_1_446' title='bbox 1795 4569 1895 4623; x_wconf 79' lang='lat' dir='ltr'><em>=A.</em></span> 
     </span>
     <span class='ocr_line' id='line_1_41' title="bbox 516 4649 1898 4727; baseline 0.001 -21"><span class='ocrx_word' id='word_1_447' title='bbox 516 4657 552 4727; x_wconf 70' lang='grc' dir='ltr'>ι’)</span> <span class='ocrx_word' id='word_1_448' title='bbox 572 4663 601 4706; x_wconf 88' lang='lat' dir='ltr'>et</span> <span class='ocrx_word' id='word_1_449' title='bbox 619 4653 654 4710; x_wconf 92' lang='lat' dir='ltr'><em>V.</em></span> <span class='ocrx_word' id='word_1_450' title='bbox 674 4683 711 4696; x_wconf 92' lang='lat'>·-</span> <span class='ocrx_word' id='word_1_451' title='bbox 728 4662 756 4707; x_wconf 88' lang='lat' dir='ltr'>te</span> <span class='ocrx_word' id='word_1_452' title='bbox 773 4654 807 4706; x_wconf 92' lang='grc' dir='ltr'>Β.</span> <span class='ocrx_word' id='word_1_453' title='bbox 825 4652 861 4706; x_wconf 91' lang='lat' dir='ltr'>A.</span> <span class='ocrx_word' id='word_1_454' title='bbox 893 4655 928 4721; x_wconf 80' lang='lat'>⁷⁹)</span> <span class='ocrx_word' id='word_1_455' title='bbox 947 4649 1095 4704; x_wconf 77' lang='lat' dir='ltr'>leniendus</span> <span class='ocrx_word' id='word_1_456' title='bbox 1120 4655 1156 4708; x_wconf 90' lang='lat' dir='ltr'><em>V.</em></span> <span class='ocrx_word' id='word_1_457' title='bbox 1175 4685 1208 4696; x_wconf 93' lang='grc'>-</span> <span class='ocrx_word' id='word_1_458' title='bbox 1228 4652 1373 4707; x_wconf 81' lang='lat' dir='ltr'>lactandus</span> <span class='ocrx_word' id='word_1_459' title='bbox 1395 4657 1428 4708; x_wconf 90' lang='grc' dir='ltr'>Β.</span> <span class='ocrx_word' id='word_1_460' title='bbox 1447 4659 1484 4712; x_wconf 93' lang='lat' dir='ltr'>A.</span> <span class='ocrx_word' id='word_1_461' title='bbox 1513 4657 1549 4726; x_wconf 81' lang='lat'>⁸⁰)</span> <span class='ocrx_word' id='word_1_462' title='bbox 1577 4671 1666 4706; x_wconf 79' lang='lat' dir='ltr'>remus</span> <span class='ocrx_word' id='word_1_463' title='bbox 1684 4655 1717 4708; x_wconf 88' lang='grc' dir='ltr'>Β.</span> <span class='ocrx_word' id='word_1_464' title='bbox 1739 4657 1775 4708; x_wconf 91' lang='lat' dir='ltr'><em>V.</em></span> <span class='ocrx_word' id='word_1_465' title='bbox 1794 4657 1830 4708; x_wconf 87' lang='grc' dir='ltr'>Ρ.</span> <span class='ocrx_word' id='word_1_466' title='bbox 1854 4689 1898 4699; x_wconf 85' lang='grc'><strong>-</strong></span> 
     </span>
     <span class='ocr_line' id='line_1_42' title="bbox 517 4740 1899 4811; baseline -0.002 -14"><span class='ocrx_word' id='word_1_467' title='bbox 517 4759 612 4797; x_wconf 85' lang='lat' dir='ltr'>neruus</span> <span class='ocrx_word' id='word_1_468' title='bbox 631 4743 667 4797; x_wconf 92' lang='lat' dir='ltr'>A.</span> <span class='ocrx_word' id='word_1_469' title='bbox 697 4742 733 4810; x_wconf 77' lang='lat'>⁸¹)</span> <span class='ocrx_word' id='word_1_470' title='bbox 753 4741 791 4792; x_wconf 65' lang='grc' dir='ltr'><strong>Β·</strong></span> <span class='ocrx_word' id='word_1_471' title='bbox 810 4741 842 4794; x_wconf 88' lang='grc' dir='ltr'>Β.</span> <span class='ocrx_word' id='word_1_472' title='bbox 861 4770 898 4782; x_wconf 93' lang='grc'>-</span> <span class='ocrx_word' id='word_1_473' title='bbox 916 4740 947 4791; x_wconf 91' lang='lat'>·1·</span> <span class='ocrx_word' id='word_1_474' title='bbox 973 4742 1008 4795; x_wconf 90' lang='lat' dir='ltr'><em>V.</em></span> <span class='ocrx_word' id='word_1_475' title='bbox 1028 4740 1065 4793; x_wconf 93' lang='lat' dir='ltr'>A.</span> <span class='ocrx_word' id='word_1_476' title='bbox 1092 4743 1128 4811; x_wconf 86' lang='grc'>’·)</span> <span class='ocrx_word' id='word_1_477' title='bbox 1147 4740 1271 4795; x_wconf 82' lang='lat' dir='ltr'>insoleus</span> <span class='ocrx_word' id='word_1_478' title='bbox 1289 4744 1322 4797; x_wconf 91' lang='grc' dir='ltr'>Β.</span> <span class='ocrx_word' id='word_1_479' title='bbox 1344 4743 1380 4798; x_wconf 86' lang='lat' dir='ltr'><em>V.</em></span> <span class='ocrx_word' id='word_1_480' title='bbox 1398 4773 1435 4786; x_wconf 88' lang='lat'><em>-</em></span> <span class='ocrx_word' id='word_1_481' title='bbox 1452 4741 1576 4795; x_wconf 84' lang='lat' dir='ltr'>insolens</span> <span class='ocrx_word' id='word_1_482' title='bbox 1595 4743 1630 4796; x_wconf 91' lang='lat' dir='ltr'>A.</span> <span class='ocrx_word' id='word_1_483' title='bbox 1650 4773 1687 4784; x_wconf 89' lang='lat'>-·</span> <span class='ocrx_word' id='word_1_484' title='bbox 1703 4741 1833 4794; x_wconf 76' lang='lat' dir='ltr'>insulsus</span> <span class='ocrx_word' id='word_1_485' title='bbox 1860 4747 1899 4800; x_wconf 84' lang='lat' dir='ltr'>P.</span> 
     </span>
     <span class='ocr_line' id='line_1_43' title="bbox 518 4827 1901 4904; baseline 0.003 -20"><span class='ocrx_word' id='word_1_486' title='bbox 518 4835 555 4904; x_wconf 79' lang='grc' dir='ltr'>ἰ)</span> <span class='ocrx_word' id='word_1_487' title='bbox 573 4833 694 4885; x_wconf 81' lang='lat' dir='ltr'>insertus</span> <span class='ocrx_word' id='word_1_488' title='bbox 711 4832 744 4884; x_wconf 88' lang='lat' dir='ltr'><em>B.</em></span> <span class='ocrx_word' id='word_1_489' title='bbox 765 4828 847 4883; x_wconf 63' lang='grc' dir='ltr'><strong>ΚΑ.</strong></span> <span class='ocrx_word' id='word_1_490' title='bbox 866 4859 902 4870; x_wconf 89' lang='grc'>-</span> <span class='ocrx_word' id='word_1_491' title='bbox 919 4828 1054 4881; x_wconf 69' lang='lat' dir='ltr'>insertum</span> <span class='ocrx_word' id='word_1_492' title='bbox 1071 4829 1103 4882; x_wconf 86' lang='lat' dir='ltr'><em>B.</em></span> <span class='ocrx_word' id='word_1_493' title='bbox 1124 4830 1161 4901; x_wconf 77' lang='lat'>⁸⁴)</span> <span class='ocrx_word' id='word_1_494' title='bbox 1180 4829 1275 4884; x_wconf 82' lang='lat' dir='ltr'>infelix</span> <span class='ocrx_word' id='word_1_495' title='bbox 1297 4833 1326 4886; x_wconf 85' lang='lat' dir='ltr'><em>B.</em></span> <span class='ocrx_word' id='word_1_496' title='bbox 1347 4833 1379 4888; x_wconf 83' lang='lat' dir='ltr'><em>V</em></span> <span class='ocrx_word' id='word_1_497' title='bbox 1377 4869 1383 4883; x_wconf 86' lang='lat'><strong>·</strong></span> <span class='ocrx_word' id='word_1_498' title='bbox 1403 4861 1437 4874; x_wconf 89' lang='lat'>-</span> <span class='ocrx_word' id='word_1_499' title='bbox 1455 4830 1567 4884; x_wconf 80' lang='lat' dir='ltr'>iulaelix</span> <span class='ocrx_word' id='word_1_500' title='bbox 1585 4832 1620 4886; x_wconf 90' lang='lat' dir='ltr'>A.</span> <span class='ocrx_word' id='word_1_501' title='bbox 1649 4832 1685 4898; x_wconf 81' lang='lat'>⁸⁸)</span> <span class='ocrx_word' id='word_1_502' title='bbox 1705 4827 1769 4883; x_wconf 76' lang='lat' dir='ltr'>ulis</span> <span class='ocrx_word' id='word_1_503' title='bbox 1790 4831 1833 4883; x_wconf 84' lang='lat' dir='ltr'><em>V.</em></span> <span class='ocrx_word' id='word_1_504' title='bbox 1855 4837 1901 4887; x_wconf 86' lang='lat' dir='ltr'>A.</span> 
     </span>
     <span class='ocr_line' id='line_1_44' title="bbox 517 4913 1903 4991; baseline 0.001 -19"><span class='ocrx_word' id='word_1_505' title='bbox 517 4949 554 4962; x_wconf 89' lang='lat'>-·</span> <span class='ocrx_word' id='word_1_506' title='bbox 572 4917 623 4972; x_wconf 77' lang='lat' dir='ltr'>elia</span> <span class='ocrx_word' id='word_1_507' title='bbox 647 4920 679 4972; x_wconf 86' lang='lat' dir='ltr'><em>B.</em></span> <span class='ocrx_word' id='word_1_508' title='bbox 704 4918 742 4991; x_wconf 78' lang='lat'>⁸⁶)</span> <span class='ocrx_word' id='word_1_509' title='bbox 771 4913 966 4970; x_wconf 81' lang='lat' dir='ltr'>discretionem</span> <span class='ocrx_word' id='word_1_510' title='bbox 991 4918 1022 4969; x_wconf 91' lang='grc' dir='ltr'>Β.</span> <span class='ocrx_word' id='word_1_511' title='bbox 1044 4918 1079 4971; x_wconf 91' lang='lat' dir='ltr'><em>V.</em></span> <span class='ocrx_word' id='word_1_512' title='bbox 1101 4918 1129 4971; x_wconf 89' lang='grc' dir='ltr'>Ρ.</span> <span class='ocrx_word' id='word_1_513' title='bbox 1149 4947 1185 4962; x_wconf 94' lang='grc'>-</span> <span class='ocrx_word' id='word_1_514' title='bbox 1202 4919 1430 4990; x_wconf 74' lang='lat' dir='ltr'>significationem</span> <span class='ocrx_word' id='word_1_515' title='bbox 1449 4919 1485 4974; x_wconf 90' lang='lat' dir='ltr'>A.</span> <span class='ocrx_word' id='word_1_516' title='bbox 1513 4921 1549 4990; x_wconf 81' lang='lat'>⁸⁷)</span> <span class='ocrx_word' id='word_1_517' title='bbox 1569 4927 1612 4972; x_wconf 81' lang='lat' dir='ltr'>est</span> <span class='ocrx_word' id='word_1_518' title='bbox 1629 4920 1663 4972; x_wconf 92' lang='grc' dir='ltr'>Β.</span> <span class='ocrx_word' id='word_1_519' title='bbox 1683 4919 1719 4974; x_wconf 80' lang='lat' dir='ltr'><em>V.</em></span> <span class='ocrx_word' id='word_1_520' title='bbox 1740 4919 1771 4971; x_wconf 84' lang='grc' dir='ltr'>Ρ.</span> <span class='ocrx_word' id='word_1_521' title='bbox 1789 4941 1832 4968; x_wconf 88' lang='lat'><strong><em>=</em></strong></span> <span class='ocrx_word' id='word_1_522' title='bbox 1858 4923 1903 4975; x_wconf 91' lang='lat' dir='ltr'>A.</span> 
     </span>
    </p>
   </div>
   <div class='ocr_carea' id='block_1_4' title="bbox 458 5020 1904 5095">
    <p class='ocr_par' dir='ltr' id='par_1_14' title="bbox 458 5020 1904 5095">
     <span class='ocr_line' id='line_1_45' title="bbox 458 5020 1904 5095; baseline 0.003 -19"><span class='ocrx_word' id='word_1_523' title='bbox 458 5027 485 5094; x_wconf 82' lang='lat' dir='ltr'>a)</span> <span class='ocrx_word' id='word_1_524' title='bbox 513 5025 594 5076; x_wconf 83' lang='lat' dir='ltr'>Hunc</span> <span class='ocrx_word' id='word_1_525' title='bbox 609 5021 700 5076; x_wconf 83' lang='lat' dir='ltr'>locum</span> <span class='ocrx_word' id='word_1_526' title='bbox 713 5020 860 5074; x_wconf 81' lang='lat' dir='ltr'>Ciceronis</span> <span class='ocrx_word' id='word_1_527' title='bbox 871 5021 970 5074; x_wconf 76' lang='lat' dir='ltr'>frustra</span> <span class='ocrx_word' id='word_1_528' title='bbox 981 5021 1170 5094; x_wconf 76' lang='lat' dir='ltr'>quaesivimus.</span> <span class='ocrx_word' id='word_1_529' title='bbox 1192 5023 1222 5094; x_wconf 81' lang='grc'>6)</span> <span class='ocrx_word' id='word_1_530' title='bbox 1243 5025 1318 5095; x_wconf 74' lang='lat' dir='ltr'>Vir-g.</span> <span class='ocrx_word' id='word_1_531' title='bbox 1339 5027 1404 5077; x_wconf 78' lang='lat' dir='ltr'>deu.</span> <span class='ocrx_word' id='word_1_532' title='bbox 1424 5023 1474 5076; x_wconf 88' lang='lat' dir='ltr'>lll.</span> <span class='ocrx_word' id='word_1_533' title='bbox 1494 5029 1556 5084; x_wconf 83' lang='grc'><strong>389.</strong></span> <span class='ocrx_word' id='word_1_534' title='bbox 1576 5027 1602 5094; x_wconf 86' lang='lat' dir='ltr'>e)</span> <span class='ocrx_word' id='word_1_535' title='bbox 1622 5029 1733 5076; x_wconf 81' lang='lat' dir='ltr'>Terent.</span> <span class='ocrx_word' id='word_1_536' title='bbox 1753 5021 1904 5080; x_wconf 78' lang='lat' dir='ltr'>Eunuclr.</span> 
     </span>
    </p>
   </div>
   <div class='ocr_carea' id='block_1_5' title="bbox 519 5107 1906 5270">
    <p class='ocr_par' dir='ltr' id='par_1_15' title="bbox 519 5107 1906 5270">
     <span class='ocr_line' id='line_1_46' title="bbox 519 5107 1906 5187; baseline 0.001 -24"><span class='ocrx_word' id='word_1_537' title='bbox 519 5110 556 5165; x_wconf 94' lang='lat' dir='ltr'>ll.</span> <span class='ocrx_word' id='word_1_538' title='bbox 576 5115 602 5172; x_wconf 82' lang='grc'>3,</span> <span class='ocrx_word' id='word_1_539' title='bbox 622 5115 662 5167; x_wconf 85' lang='grc'>10.</span> <span class='ocrx_word' id='word_1_540' title='bbox 682 5111 711 5179; x_wconf 84' lang='lat' dir='ltr'>d)</span> <span class='ocrx_word' id='word_1_541' title='bbox 731 5107 978 5162; x_wconf 77' lang='lat' dir='ltr'>&#39;l&#39;eretthuuucln</span> <span class='ocrx_word' id='word_1_542' title='bbox 997 5111 1017 5164; x_wconf 89' lang='lat' dir='ltr'>l.</span> <span class='ocrx_word' id='word_1_543' title='bbox 1037 5117 1064 5174; x_wconf 64' lang='grc' dir='ltr'><strong>Β,</strong></span> <span class='ocrx_word' id='word_1_544' title='bbox 1082 5118 1125 5172; x_wconf 72' lang='lat' dir='ltr'>dl.</span> <span class='ocrx_word' id='word_1_545' title='bbox 1145 5113 1170 5182; x_wconf 83' lang='lat' dir='ltr'>e)</span> <span class='ocrx_word' id='word_1_546' title='bbox 1190 5113 1265 5184; x_wconf 80' lang='lat' dir='ltr'>Virg.</span> <span class='ocrx_word' id='word_1_547' title='bbox 1285 5115 1352 5166; x_wconf 76' lang='lat' dir='ltr'>den.</span> <span class='ocrx_word' id='word_1_548' title='bbox 1372 5113 1406 5166; x_wconf 93' lang='lat' dir='ltr'>ll.</span> <span class='ocrx_word' id='word_1_549' title='bbox 1427 5117 1469 5172; x_wconf 77' lang='lat'>71·</span> <span class='ocrx_word' id='word_1_550' title='bbox 1489 5130 1512 5168; x_wconf 79' lang='grc' dir='ltr'>Ι.</span> <span class='ocrx_word' id='word_1_551' title='bbox 1527 5113 1659 5187; x_wconf 62' lang='grc' dir='ltr'><strong>[Νἰις.</strong></span> <span class='ocrx_word' id='word_1_552' title='bbox 1677 5114 1744 5165; x_wconf 75' lang='lat' dir='ltr'>deu.</span> <span class='ocrx_word' id='word_1_553' title='bbox 1765 5111 1798 5165; x_wconf 89' lang='lat' dir='ltr'><em>V.</em></span> <span class='ocrx_word' id='word_1_554' title='bbox 1825 5119 1906 5176; x_wconf 76' lang='lat'><em>381.</em></span> 
     </span>
     <span class='ocr_line' id='line_1_47' title="bbox 519 5195 863 5270; baseline -0.003 -21"><span class='ocrx_word' id='word_1_555' title='bbox 519 5199 550 5270; x_wconf 82' lang='lat' dir='ltr'>g)</span> <span class='ocrx_word' id='word_1_556' title='bbox 571 5198 645 5267; x_wconf 88' lang='lat' dir='ltr'>Virg.</span> <span class='ocrx_word' id='word_1_557' title='bbox 655 5196 721 5248; x_wconf 80' lang='lat' dir='ltr'>Aen.</span> <span class='ocrx_word' id='word_1_558' title='bbox 741 5195 790 5247; x_wconf 92' lang='lat' dir='ltr'>lll.</span> <span class='ocrx_word' id='word_1_559' title='bbox 801 5201 863 5257; x_wconf 64' lang='grc'><strong>38).</strong></span> 
     </span>
    </p>
   </div>
   <div class='ocr_carea' id='block_1_6' title="bbox 0 0 2035 6068">
    <p class='ocr_par' dir='ltr' id='par_1_16' title="bbox 0 0 2035 6068">
     <span class='ocr_line' id='line_1_48' title="bbox 0 0 2035 6068; baseline 0 0"><span class='ocrx_word' id='word_1_560' title='bbox 0 0 2035 6068; x_wconf 95' lang='lat' dir='ltr'> </span> 
     </span>
    </p>
   </div>
  </div>
 </body>
</html>
