4020 6068
612 563 1147 630 anteverto
1566 575 1617 632 u

155 703 280 762 ntum
300 672 504 760 Merula
531 669 820 761 vindicavit
840 674 892 759 in
911 705 1058 761 usum
1080 675 1439 766 tantummodo
1462 707 1616 770 suum.

152 813 254 897 Mox
278 841 338 898 eo
361 806 601 895 defuncto
625 805 833 930 quidam
865 807 1160 926 (Galbiatus
1192 834 1241 898 et
1266 812 1334 897 Io.
1359 813 1618 902 Placenti-

153 944 283 1061 nnsi)
322 945 481 1059 proprii
510 941 1208 1060 iurisexemplariasecerunt.
1232 943 1617 1066 Indignumque

152 1078 423 1164 videbatur
443 1073 715 1163 ambitioni
736 1108 1016 1193 paucorum
1038 1080 1250 1186 servire,
1274 1110 1405 1196 quae
1426 1081 1617 1170 latinae

153 1214 353 1326 linguae
375 1209 819 1322 diligentissimus
841 1209 1123 1324 indagator
1145 1215 1192 1298 in
1212 1216 1485 1300 hominum
1506 1217 1617 1337 (om-

155 1347 280 1463 nium)
303 1347 612 1432 lucubraret
641 1346 935 1431 utilitatem.
967 1346 1135 1455 Quare
1157 1378 1248 1434 nos
1273 1346 1482 1455 iisdem,
1509 1353 1617 1467 qui-

155 1482 248 1568 bus
284 1504 402 1565 ante
444 1479 666 1585 Merula,
706 1480 960 1591 vestigiis
997 1479 1061 1565 ad
1094 1485 1430 1600 interceptae
1467 1517 1617 1601 prae·

156 1612 246 1699 dae
276 1614 457 1699 cubile
491 1613 692 1732 (Bobium
725 1613 940 1732 nimirum)
973 1612 1211 1721 deducti,
1244 1617 1409 1702 libros
1443 1644 1615 1704 aetate

157 1751 249 1832 ianr
269 1746 447 1865 putres
467 1749 853 1862 exscripsimus,
877 1746 1193 1838 incredibile
1218 1776 1416 1868 quanto
1436 1753 1616 1840 labore

156 1907 359 1996 propter
396 1881 683 1970 obsoletas
713 1905 956 1966 veterum
986 1881 1274 1968 literarum
1315 1909 1471 1971 notas
1504 1889 1617 2010 (cha-

155 2039 345 2100 racterem
374 2047 528 2132 nempe
556 2011 922 2133 longobardicum)
956 2039 1004 2100 et
1044 2017 1144 2100 iam
1183 2021 1447 2132 temporis
1485 2022 1616 2107 iniu-

155 2148 226 2230 ria
245 2151 670 2237 vanescentium.“
701 2149 1039 2233 Parrhasium
1058 2180 1204 2235 verce
1228 2148 1337 2236 Cod.
1368 2177 1510 2239 nostro
1533 2154 1615 2240 No.

155 2283 252 2365 xvl
279 2281 544 2400 descripsisse
574 2281 773 2397 opuscula
808 2282 960 2388 Probi,
999 2313 1232 2400 eorumque
1270 2289 1556 2400 apographum
1593 2318 1616 2373 a

154 2445 275 2499 mauu
296 2420 423 2532 ipsius
450 2415 653 2501 Parrhasii
682 2415 917 2500 conlectum
939 2413 1147 2501 adservari
1183 2416 1361 2532 Neapoli
1392 2419 1434 2502 in
1463 2419 1616 2508 Museo

156 2549 381 2635 Borbonico
411 2549 489 2636 sub
519 2550 601 2636 No.
629 2549 755 2635 XVll
790 2549 864 2662 (cf.
895 2548 1118 2633 lennelli
1159 2561 1340 2661 Catalog.
1368 2565 1460 2636 Mer.
1489 2565 1619 2639 Musei

156 2693 352 2768 Borbonici
373 2683 718 2799 p.1.⁷›seq.)nou
749 2681 1004 2768 dubitamus.
1045 2686 1348 2800 Apographum
1374 2688 1457 2772 hoc
1481 2685 1561 2772 sub
1593 2689 1613 2773 1'

157 2840 232 2902 ete
259 2818 409 2904 Probi
432 2817 617 2904 instituta
644 2841 685 2901 et
712 2818 912 2902 catholica
938 2817 1240 2932 complectitur,
1264 2849 1374 2933 quae
1400 2821 1616 2905 continen-

11 2995 18 3055 ;
155 2973 212 3034 tur
229 2953 270 3034 iu
300 2950 410 3036 Cod.
430 2973 572 3037 nostro
592 2949 792 3036 Bobiensi
814 2951 1161 3069 quaternionibus
1185 2951 1377 3068 quinque
1406 2953 1615 3066 signatisl

12 3064 18 3087 ¹
155 3113 276 3202 usque
300 3085 342 3170 V
360 3085 451 3205 (sol.
469 3091 522 3192 76
536 3137 594 3152 ·-
612 3113 688 3170 ιιι
713 3083 839 3202 incl),
861 3085 1017 3200 quibus
1040 3115 1138 3170 usus
1159 3108 1222 3171 est
1243 3085 1290 3170 cl.
1314 3082 1615 3171 Lindeman-

154 3249 231 3302 nus
259 3221 303 3304 in
332 3217 520 3304 editione
545 3249 620 3304 sua
645 3217 804 3302 Probi
835 3217 971 3338 (Corp.
1000 3229 1199 3303 Gramatt.
1230 3233 1319 3303 laet.
1350 3232 1384 3302 I.
1401 3257 1444 3328 p.
1477 3239 1526 3318 41
1556 3273 1615 3336 χ-

158 3353 260 3470 148).
293 3351 414 3438 ldem
434 3351 720 3469 apographum
741 3351 819 3437 sub
841 3356 867 3439 5
888 3353 1073 3438 continet
1089 3350 1471 3439 animadversiones
1490 3384 1615 3472 quas-

153 3479 249 3568 dam
283 3490 568 3598 grammaticas
600 3487 762 3602 absque
793 3486 970 3570 auctoris
991 3485 1185 3589 nomine,
1213 3517 1392 3601 quarum
1426 3489 1611 3574 initium:

154 3619 323 3704 Omnis
348 3623 610 3732 genitivus
643 3619 721 3705 ·lS·
761 3619 966 3730 syllaba
1004 3618 1337 3722 terminatus,
1375 3622 1614 3705 accusati-

14 3756 17 3793 ⁵
154 3781 253 3838 vum
280 3755 534 3870 pluralem
554 3755 700 3860 ·ES·“‚
732 3752 986 3838 verbotenus
1006 3753 1192 3865 congruit
1212 3783 1307 3838 cum
1329 3753 1447 3839 initio
1478 3783 1614 3840 excer-

152 3908 309 4000 ptorum
330 3890 562 4002 argumenti
583 3889 858 4000 grammatici,
887 3917 997 4004 quae
1023 3886 1231 3970 habentur
1252 3889 1294 3970 in
1317 3887 1439 3971 anull.
1462 3887 1614 3974 uostris
1712 3878 1715 3886 ’

151 4051 188 4134 p·
211 4030 290 4109 205
319 4055 442 4140 seqq.
469 4055 491 4108 e
520 4020 681 4108 Codice
707 4021 907 4107 Bobiensi
930 4020 1012 4106 No.
1042 4020 1147 4105 XVI
1173 4017 1436 4136 deprompta.
1472 4008 1611 4120 Subla

151 4155 270 4242 habes
292 4160 336 4241 in
364 4159 602 4272 apographo
624 4155 915 4241 Parrhasiano:
966 4153 1245 4269 „Excerpta
1276 4153 1524 4270 quaedam
1559 4187 1614 4242 ex

151 4287 328 4376 libello
351 4289 609 4376 Macrobii
632 4286 927 4374 Theodosii
955 4285 1013 4372 de
1035 4285 1360 4372 differentiis
1382 4311 1429 4371 et
1450 4289 1613 4373 socie-

149 4423 337 4510 tatibus
378 4425 557 4536 graeci
584 4425 839 4540 latinique
873 4421 1048 4526 verbi,
1093 4420 1200 4508 alia
1239 4445 1416 4506 tamen
1447 4422 1613 4508 forma

148 4580 193 4639 et
222 4559 553 4674 expositione
584 4589 641 4643 ac
667 4553 828 4661 edita,
863 4587 972 4672 quae
1004 4553 1281 4638 verisimiliter
1321 4551 1470 4639 eadem
1503 4555 1611 4661 sunt,

148 4721 250 4806 quae
280 4693 476 4804 leguntur
505 4693 546 4776 in
583 4691 740 4777 auall.
769 4690 970 4775 nostris
995 4725 1036 4797 p.
1077 4694 1154 4794 187
1174 4723 1282 4801 seqq.
1316 4687 1532 4772 Tractatum
1552 4686 1612 4774 de

147 4827 509 4938 coniugationibus
527 4852 572 4913 et
594 4823 966 4927 declinationibuS,
996 4823 1099 4938 quin
1119 4818 1173 4906 de
1195 4823 1388 4906 universa
1408 4851 1614 4934 gramma·

145 4959 221 5042 tica
240 4961 383 5066 latina,
406 4963 522 5048 cuius
546 4962 706 5046 mentio
724 4957 771 5042 fit
788 4959 867 5044 sub
887 4965 912 5042 5
929 4952 1347 5072 apographi-laudati,
1371 4985 1422 5040 an
1444 4955 1614 5044 Sacer·

145 5089 295 5180 dotis
323 5119 432 5180 artes
462 5095 648 5215 (‚,nullus
674 5092 817 5210 operi
848 5091 1051 5175 titulus“
1086 5088 1322 5176 ait.lllustr.
1352 5088 1545 5197 brunelli,
1572 5115 1615 5178 et

147 5253 252 5316 certe
282 5226 490 5317 Sacerdos
512 5231 555 5315 in
587 5225 697 5316 Cod.
717 5249 861 5317 nostro
880 5222 1081 5312 bobiensi
1098 5233 1315 5346 amputes
1332 5222 1530 5344 orditur),
1559 5256 1613 5334 an
