4032 6070
552 517 1111 574 rnontansttttton.
1496 521 1568 592 289

119 683 172 730 nus
190 675 346 730 neutrum
369 677 449 730 sunt
463 663 680 742 declinanda,
704 665 838 753 sedpro
855 667 1033 732 locutione
1051 668 1095 748 7’)
1117 668 1385 754 pronuntianda,
1408 680 1563 754 utputa:

120 768 175 832 lic
194 778 225 832 et
244 767 347 832 baec
370 765 552 846 tibicen,
581 771 659 833 hoc
681 769 941 855 mancipium
964 769 1142 846 tibicen,
1172 771 1293 856 utique
1315 789 1387 834 non
1409 773 1491 834 hoc
1515 771 1565 833 ti-

119 869 222 934 biceu
249 871 502 955 mancipium
535 883 596 935 est
626 871 739 957 accipi
766 870 889 936 debeat
912 863 970 952 77),
998 871 1048 936 sic
1077 885 1112 936 et
1141 872 1228 938 aliae
1251 873 1470 960 supradictae
1492 872 1564 934 for-

119 991 196 1048 mae,
217 972 244 1035 si
259 965 302 1052 77)
325 992 372 1035 ex
393 991 455 1036 sua
477 973 593 1059 specie
616 974 652 1036 in
674 993 803 1058 genera
823 987 948 1038 neutra
969 985 1155 1050 transeant,
1179 987 1249 1039 tam
1267 990 1414 1039 numero
1432 969 1473 1056 ⁷⁵)
1493 975 1564 1037 sin-

41 1055 46 1074 '
107 1073 213 1158 ¹gulari
240 1093 345 1158 qnam
373 1073 522 1160 plurali,
553 1087 592 1138 nt
620 1074 791 1154 diximus,
821 1096 887 1162 pro
917 1078 1094 1143 locutione
1116 1070 1159 1163 76)
1190 1091 1270 1142 sunt
1292 1078 1563 1165 pronuntianda,

119 1195 177 1240 nou
196 1176 383 1239 secundum
405 1190 567 1242 neutrum
590 1198 699 1262 genus
715 1181 759 1262 77)
783 1178 1000 1244 declinanda.

187 1281 257 1344 284.
287 1278 391 1344 Nunc
421 1301 467 1344 ex
494 1281 559 1344 hec
591 1280 719 1358 forma,
749 1301 819 1366 qua
847 1280 1001 1346 diximus
1028 1283 1166 1366 generis
1197 1283 1392 1348 communis
1421 1282 1565 1346 nomina

119 1380 312 1444 nominativo
342 1401 427 1446 casu
455 1382 593 1446 numeri
623 1381 808 1467 singularis
837 1383 922 1447 ·EN·
947 1379 988 1462 77)
1018 1384 1142 1450 litteris
1172 1385 1323 1460 deliniri,
1353 1387 1566 1449 bocmone-

121 1503 196 1559 mus,
225 1483 319 1568 quod
341 1484 420 1569 plus
443 1505 547 1570 quam
570 1483 732 1548 undecim
754 1485 796 1566 77)
820 1484 913 1562 soni,
944 1487 1012 1550 hoo
1035 1499 1102 1564 est,
1126 1508 1229 1576 quarn
1253 1487 1418 1552 undecim
1435 1478 1478 1569 ⁸⁰)
1501 1505 1566 1550 no-

120 1585 196 1648 mina
216 1604 286 1648 non
301 1577 343 1668 7·)
366 1587 501 1672 possint
516 1582 560 1670 ⁸¹)
583 1585 751 1650 exhiberi.
794 1619 797 1626 ·

187 1692 257 1753 285.
280 1687 367 1752 ltem
391 1709 436 1754 ex
457 1691 523 1754 bac
546 1688 656 1752 forma
680 1708 749 1772 qua
771 1687 924 1754 diximus
946 1691 1174 1777 suprascripti
1194 1682 1235 1775 ⁸³)
1264 1691 1400 1776 generis
1423 1691 1566 1756 nomina

121 1791 315 1855 nominativo
339 1811 421 1854 casu
442 1791 579 1854 numeri
602 1790 787 1874 singularis
811 1791 941 1856 mott-
957 1787 999 1876 77)
1022 1793 1153 1874 syllaba
1174 1794 1328 1870 definiri,
1356 1796 1424 1857 hoc
1446 1811 1568 1856 mones

122 1913 199 1968 mus,
220 1893 315 1978 quod
336 1893 414 1978 plus
438 1913 541 1979 quarn
566 1907 733 1978 quattuor
754 1894 843 1971 soni,
866 1896 935 1960 hoc
957 1909 1022 1971 est,
1047 1917 1152 1982 quam
1176 1907 1342 1981 quattuor
1358 1889 1402 1978 ⁸⁵)
1423 1895 1567 1958 nontina

120 1998 328 2082 nonpossint
351 1995 517 2059 exhiberi.

188 2101 257 2166 286.
282 2100 370 2163 ltem
394 2119 440 2162 ex
461 2100 526 2162 hac
549 2097 676 2176 forma,
700 2119 769 2184 qus
791 2098 944 2164 diximus
967 2099 1157 2184 supradicti
1179 2101 1317 2184 generis
1338 2099 1482 2162 nomina
1504 2117 1568 2160 no-

122 2201 267 2265 minativo
297 2221 379 2265 casu
399 2193 443 2285 76)
474 2202 611 2265 numeri
640 2201 825 2285 singularis
849 2200 926 2266 ·AS·
949 2201 1073 2266 litteris
1097 2202 1249 2280 definiri,
1277 2205 1345 2266 hoc
1368 2219 1568 2273 monemus,

121 2303 200 2388 quod
219 2305 297 2390 plus
320 2323 426 2388 quam
447 2322 575 2372 novem
604 2304 698 2382 soni,
727 2305 796 2369 hoc
818 2316 885 2383 est,
910 2325 1014 2390 quam
1030 2296 1073 2384 Β7)
1095 2323 1221 2368 novem
1245 2302 1388 2366 nomina
1411 2299 1570 2366 exhiberi
1692 2351 1695 2366 .

123 2424 178 2468 oon
197 2405 329 2492 possint
343 2400 398 2488 ⁸⁰).
1254 2417 1257 2422 '
1598 2395 1603 2406 ”

189 2511 259 2572 287.
290 2508 379 2571 ltem
409 2527 454 2570 ex
482 2509 548 2572 hac
571 2507 699 2584 iorma,
728 2529 798 2594 qua
820 2509 972 2573 diximus
996 2507 1187 2593 supradicti
1209 2507 1347 2590 generis
1368 2505 1512 2568 nomina
1528 2497 1573 2586 77)

124 2609 317 2674 nominativo
349 2629 431 2672 casu
460 2611 597 2674 numeri
627 2611 813 2695 singularis
843 2610 921 2674 ·ES·
952 2610 1075 2674 litteris
1099 2609 1250 2686 definiri,
1282 2611 1350 2674 hoc
1373 2625 1572 2682 monemus,

123 2711 199 2793 quod
219 2710 297 2796 plus
321 2731 425 2795 quam
450 2711 570 2775 decem
593 2732 719 2776 novem
732 2716 776 2796 77)
799 2714 892 2792 soni,
916 2715 984 2778 hoo
1007 2725 1074 2787 est,
1099 2715 1271 2797 quam'9')
1302 2711 1422 2776 decem
1445 2728 1573 2774 novem

122 2814 241 2876 nomina
265 2812 425 2878 exhiberi
447 2833 519 2878 non
541 2816 677 2899 possint
690 2817 750 2897 7’).“
1134 2895 1136 2902 Ι

187 2919 257 2982 288.
291 2915 379 2978 ltem
408 2935 453 2978 ex
482 2918 547 2979 hac
576 2916 704 2992 forma,
729 2937 798 3000 qua
821 2916 975 2981 diximus
991 2908 1034 3000 77)
1058 2917 1249 3002 supradicti
1270 2915 1408 3001 generis
1430 2914 1576 2978 nomina

122 3017 317 3082 nominativo
348 3037 429 3082 casu
457 3019 595 3080 numeri
625 3018 810 3104 singularis
839 3019 926 3084 ·OS·
958 3018 1082 3083 litteris
1105 3019 1258 3096 definiri,
1289 3020 1357 3082 hoc
1380 3035 1572 3092 monemus,

122 3119 198 3202 quod
218 3119 295 3204 plus
319 3140 423 3203 quam
446 3134 580 3206 septem
603 3119 718 3200 *soni,
741 3123 883 3200 hoccst,
907 3141 1012 3206 quam
1027 3132 1159 3206 septem
1173 3110 1372 3202 000οἰ00077)
1394 3137 1466 3182 000
1487 3137 1570 3203 pos·
1595 3119 1667 3170 eott.

122 3211 228 3304 sint⁹⁵)
250 3221 421 3289 exbiberi.

187 3327 256 3392 289.
273 3325 371 3390 =ltem
396 3343 441 3388 ex
462 3326 527 3389 hac
551 3323 673 3403 forma,
698 3345 767 3410 qua
789 3325 943 3392 diximus
970 3324 1161 3410 supradicti
1183 3323 1319 3407 generis
1343 3323 1486 3386 nomina
1508 3341 1572 3386 no-

123 3423 269 3492 minativo
294 3447 377 3490 casu
398 3429 536 3492 numeri
550 3428 735 3512 singularis
759 3428 842 3492 ·EX·
865 3428 990 3492 litteris
1007 3427 1153 3502 definiri,
1178 3427 1245 3488 hoc
1261 3444 1453 3500 monemus,
1478 3424 1574 3510 quod
1668 3425 1671 3434 ’

123 3522 184 3606 plus
210 3545 314 3613 quam
340 3528 467 3612 viginti
495 3531 564 3596 duo
593 3531 686 3608 soni,
717 3533 785 3596 hoc
808 3543 875 3609 est,
906 3550 1010 3616 quam
1033 3528 1158 3614 viginti
1181 3527 1250 3592 duo
1273 3527 1416 3590 nomina
1434 3520 1478 3609 77)
1502 3545 1573 3590 000

123 3629 239 3708 possint
257 3632 303 3712 77)
326 3631 494 3696 exhiheri.

191 3733 261 3798 990.
285 3732 372 3796 ltem
397 3753 442 3796 ex
464 3736 528 3797 hac
553 3734 681 3810 forma,
706 3755 775 3819 qua
797 3734 950 3798 diximus
972 3733 1164 3819 supradicti
1186 3731 1322 3815 generis
1345 3731 1488 3794 nomina
1510 3749 1575 3792 no-

123 3829 269 3896 minativo
298 3853 380 3898 casu
409 3837 545 3900 numeri
575 3837 760 3921 singularis
788 3838 875 3902 ·UX·
899 3831 943 3918 77)
966 3835 1091 3898 litteris
1114 3833 1265 3911 definiri,
1289 3835 1357 3896 hoc
1380 3852 1573 3908 monemus,

158 4123 190 4196 77)
214 4121 353 4178 locutione
371 4127 400 4183 V
400 4167 406 4180 .
422 4127 459 4182 Α.
472 4161 508 4171 -
522 4127 664 4184 lucutiouc
676 4133 708 4185 B.
737 4135 772 4203 ⁷¹)
790 4129 890 4184 debeat
904 4123 936 4186 Β.
958 4132 995 4187 V.
1010 4161 1045 4173 -·
1061 4127 1211 4184 debfflffl·
1239 4129 1274 4199 ⁷⁴)
1290 4128 1314 4180 77
1330 4130 1362 4182 B'
1382 4129 1418 4183 V·
1435 4130 1467 4181 P·
1484 4151 1519 4178 ²²
1537 4131 1572 4182 A·

212 4215 248 4284 77)
266 4231 380 4268 numero
394 4216 476 4271 V.A.
491 4247 527 4258 -
540 4235 682 4270 numerum
696 4221 729 4273 B.
755 4223 791 4291 77)
806 4219 948 4273 locutione
965 4220 997 4274 V
995 4259 1001 4270 .
1020 4219 1055 4272 A.
1069 4249 1103 4266 -·
1119 4215 1261 4270 lucutioue
1274 4217 1307 4270 Β.
1334 4219 1370 4288 77)
1384 4223 1511 4268 7177777777
1528 4233 1573 4286 8⁰·

212 4315 261 4352 uns
279 4301 311 4353 B.
326 4332 363 4344 -
385 4319 470 4374 genus
488 4315 615 4358 neutrum
637 4308 672 4360 V.
689 4307 725 4360 A.
754 4310 789 4378 77)
807 4307 874 4361 'EN
895 4307 927 4360 Β.
942 4309 978 4363 V.
996 4308 1031 4360 A.
1045 4329 1081 4356 =
1097 4307 1127 4359 P.
1155 4309 1192 4378 77)
1213 4303 1342 4356 1111777ῦὶ71
1360 4305 1394 4358 V·
1411 4305 1526 4358 A····X
1540 4305 1571 4356 77·

213 4388 247 4458 77)
262 4385 393 4442 undecim
407 4392 442 4446 V.
452 4392 488 4444 A.
501 4423 535 4440 ·-
550 4391 639 4446 decim
652 4397 683 4448 Β.
704 4397 740 4466 ⁸¹)
753 4411 808 4448 uou
824 4397 856 4448 B.
868 4397 903 4452 V.
913 4395 943 4449 Ρ.
953 4397 1033 4448 =A.
1054 4397 1091 4466 77)
1101 4395 1210 4466 possint
1224 4395 1255 4446 Β.
1266 4394 1301 4446 V.
1313 4394 1341 4444 P.
1357 4420 1393 4434 -
1404 4401 1523 4464 possunt
1536 4395 1571 4444 A·

213 4477 247 4548 77)
269 4478 450 4549 suprascripti
463 4482 496 4533 Β.
512 4482 548 4536 V.
566 4483 595 4534 Ρ.
610 4514 647 4526 -
660 4481 813 4553 supradicti
828 4486 863 4537 A.
890 4485 925 4553 77)
941 4483 1040 4536 ·ΜΟΒ·
1057 4485 1090 4538 Β.
1109 4484 1145 4537 V.
1160 4484 1192 4535 P.
1208 4482 1286 4534 --iu
1303 4479 1371 4533 ·Oll·
1386 4480 1421 4532 A.
1442 4481 1477 4550 ⁸⁵)
1493 4497 1573 4550 quam

211 4573 340 4635 quattuor
354 4567 389 4620 V.
399 4567 432 4620 Ρ.
448 4597 485 4610 -
499 4569 554 4620 1111
569 4576 616 4639 (=
631 4574 722 4642 quam)
736 4572 768 4625 Β.
778 4571 857 4626 =A.
885 4573 922 4644 ⁸⁶)
938 4589 1003 4624 cssu
1020 4573 1055 4626 V.
1072 4571 1108 4624 A.
1125 4572 1157 4623 Β.
1176 4590 1210 4623 ex
1225 4589 1274 4621 em.
1287 4587 1329 4640 pr.
1345 4585 1380 4619 m.
1396 4596 1432 4609 -
1448 4583 1527 4617 1111117
1538 4567 1570 4618 Β·

209 4669 227 4704 s
242 4669 285 4723 pr.
304 4673 341 4707 m.
361 4655 397 4726 77)
412 4672 492 4726 quam
507 4658 543 4712 V.
558 4656 594 4711 A.
610 4681 646 4708 =
661 4659 693 4711 B.
714 4661 751 4731 77)
765 4657 889 4712 exbiberi
905 4677 962 4713 non
977 4659 1088 4731 possint
1100 4660 1132 4712 Β.
1148 4687 1184 4698 -
1199 4673 1254 4708 11011
1271 4653 1382 4726 [10777777
1395 4651 1517 4704 7777777777
1534 4655 1571 4707 V·

209 4739 238 4791 Ρ.
253 4769 288 4785 -
303 4751 424 4811 possunt
436 4742 558 4796 exbiberi
576 4747 623 4815 (=
637 4748 706 4818 uon)
722 4748 759 4800 A.
780 4750 817 4820 71)
832 4748 942 4800 nomios
959 4749 994 4802 V.
1009 4748 1044 4799 A.
1062 4767 1097 4796 =
1112 4747 1144 4798 B·
1165 4749 1201 4810 ⁹⁰)
1218 4741 1313 4794 (77777777
1326 4759 1424 4793 77077777
1440 4741 1474 4796 V·
1491 4741 1526 4794 Α·
1538 4773 1572 4786 ·’·

208 4825 789 4908 xvtl111trsaesm0=tnsra.⁰¹)quam
809 4837 844 4891 V.
864 4836 899 4889 A.
916 4859 953 4885 =
966 4836 998 4888 Β.
1026 4840 1062 4905 77)
1078 4829 1200 4884 exbiberi
1216 4847 1272 4882 non
1290 4828 1400 4899 possint
1415 4831 1447 4881 Β.
1463 4859 1498 4871 -
1515 4847 1571 4882 nou

209 4917 319 4984 poni„
333 4916 455 4971 ,xhibui
466 4921 501 4976 V,
510 4922 546 4974 A,
566 4925 602 4994 ss)
622 4940 675 4994 qu,
693 4921 810 4975 ΜΝ,
828 4923 859 4975 Β,
872 4924 907 4977 γ,
918 4925 948 4977 ρ,
962 4947 998 4972 =
1012 4923 1047 4974 Λ,
1068 4922 1103 4992 01)
1122 4917 1175 4972 hcc
1192 4927 1326 4992 sstqusm
1340 4925 1446 4988 septem
1461 4918 1572 4970 nomios

211 4999 247 5054 V.
260 5006 296 5057 A.
307 5027 345 5055 =
358 5005 391 5059 Β.
418 5009 455 5078 77)
470 5026 526 5061 non
541 5011 653 5080 possint
665 5012 697 5064 Β.
708 5013 743 5067 V.
761 5013 791 5066 P.
808 5041 840 5054 -
857 5021 977 5082 possunt
991 5011 1040 5082 (=
1052 5009 1121 5082 000)
1141 5007 1175 5062 Α.
1201 5005 1238 5077 ⁹⁶)
1253 5003 1307 5058 707
1323 5013 1366 5057 777
1382 5023 1461 5078 ‘1¹¹¹'m
1474 5006 1571 5076 77877777

209 5085 264 5144 duo
275 5093 384 5146 acutius
400 5093 436 5148 V.
452 5097 489 5150 A.
500 5129 534 5142 ·-
552 5095 605 5150 boc
621 5107 664 5151 est
677 5097 758 5152 xxtt
770 5100 879 5152 uomina
895 5101 942 5170 (=
959 5104 1048 5172 quatu)
1062 5099 1093 5152 Ρ.
1108 5119 1144 5150 =
1157 5096 1189 5151 B·
1216 5096 1252 5168 77)
1272 5093 1382 5167 1711777777
1394 5095 1426 5148 Β·
1438 5095 1470 5150 V
1469 5135 1475 5148 ·
1491 5095 1519 5148 Ρ·
1537 5127 1571 5139 -
1645 5125 1647 5130 ·

210 5187 325 5246 possunt
345 5181 379 5234 A.
400 5184 436 5254 77)
455 5183 524 5238 ·UX·
541 5187 571 5239 B.
589 5187 621 5241 V
620 5225 625 5239 .
642 5189 672 5242 Ρ.
691 5217 728 5230 -
747 5187 844 5246 ·Uttx·
864 5190 898 5242 A.

1296 5251 1403 5339 19'
