4032 6070
587 503 907 566 Pnoulsns
943 503 1146 562 MINOR.
1454 519 1459 530 ·
1528 512 1600 580 247

21 650 22 667 ’
133 655 232 722 sisivo
251 653 363 742 gradu
378 655 600 724 'nominativo
621 677 704 725 casu
724 654 861 722 numeri
877 653 1062 738 singularis
1079 651 1161 718 ·Us·
1176 651 1302 720 littaris
1321 653 1471 734 deliniri,
1492 677 1600 742 quas·

134 757 218 822 ritus
241 758 378 843 quade
401 779 504 824 causa
533 759 703 824 sobrius
726 757 870 845 positivi
889 755 1017 841 gradus
1040 757 1084 820 sit
1098 749 1140 839 39)
1156 768 1308 834 tantum}
1331 759 1396 822 bac
1418 758 1462 822 de
1484 779 1598 836 causa,

21 867 22 922 i
135 858 298 944 quoniam
322 861 352 924 si
366 860 546 927 'sobrius
569 861 759 928 secundum
774 871 1002 947 praeceptum
1024 857 1248 944 supradatum
1265 848 1309 941 ⁴⁰)
1332 861 1494 944 genetivo
1519 881 1599 925 casu

134 963 269 1026 numeri
290 962 476 1048 singularis
500 963 591 1029 ·OR·
613 950 781 1044 syllabam
804 960 968 1046 accipiat,
992 978 1117 1023 sonum
1140 971 1257 1024 tamen
1278 963 1507 1049 comparativi
1521 983 1600 1047 gra-

136 1061 196 1126 dus
220 1063 334 1128 iacere
364 1084 437 1130 uon
464 1078 597 1152 potest,
625 1078 664 1130 ut
685 1077 786 1150 puts:
819 1063 888 1126 hic
918 1060 1105 1154 sobrius,
1129 1063 1255 1127 huius
1278 1063 1434 1142 sobrii,
1453 1065 1524 1130 hic
1545 1065 1599 1128 vel

135 1168 236 1232 baec
264 1166 456 1242 sobrior,
487 1180 521 1232 et
550 1167 629 1234 ideo
659 1165 838 1232 sobrius
858 1153 899 1244 41)
929 1175 964 1229 et
993 1175 1107 1228 cetera
1130 1163 1213 1230 talia
1244 1167 1499 1252 comparativus
1521 1187 1602 1252 gra-

136 1268 197 1333 dus
218 1268 332 1334 iacere
354 1268 597 1354 prohibentur.

218 1372 291 1438 106.
315 1369 407 1434 Sane
427 1371 497 1436 hoc
520 1357 720 1448 monemus,
744 1369 840 1456 quod
862 1367 899 1434 'm
922 1367 1034 1432 forma
1055 1369 1121 1434 bac
1137 1361 1180 1451 ⁴²)
1203 1389 1272 1453 qua
1295 1367 1448 1434 diximus
1464 1371 1601 1455 generis

136 1472 317 1538 masculini
339 1473 484 1536 nomina
507 1473 543 1536 ist
570 1473 721 1560 positivo
745 1471 855 1558 gradu
876 1471 1093 1537 nominativo
1118 1491 1198 1534 casu
1222 1463 1264 1550 43)
1288 1473 1424 1536 numeri
1448 1473 1640 1557 singula-v.
1659 1501 1711 1548 ψ.

138 1574 176 1638 ris
202 1573 284 1640 ·US·
306 1574 432 1638 litteris
453 1573 609 1654 deliniri,
632 1577 719 1640 baec
741 1575 807 1638 tris
828 1573 973 1639 nomina
993 1573 1217 1657 reperiuntur
1234 1563 1294 1656 ⁴⁴),
1326 1595 1415 1660 quae
1437 1595 1502 1661 per
1523 1597 1604 1660 gra·

137 1675 195 1742 dns
218 1675 427 1740 conlationis
450 1689 596 1764 propter
618 1695 722 1742 sonos
744 1675 891 1762 pedum,
923 1675 984 1759 qui
1006 1674 1140 1740 scilicet
1162 1677 1338 1761 pertinent
1359 1669 1401 1758 ⁴⁵)
1425 1679 1468 1742 ad
1493 1663 1603 1743 metra

137 1776 184 1842 vel
207 1791 399 1842 structuras
417 1771 481 1860 ⁴⁶),
503 1778 662 1844 anomale
685 1779 764 1842 data
786 1789 867 1842 sunt
888 1778 1104 1862 comparari,
1128 1778 1164 1842 id
1187 1791 1254 1854 est,
1277 1777 1435 1854 bonus,
1457 1779 1602 1856 malus,

139 1899 324 1964 magnum
355 1879 486 1945 iaciunt
515 1881 606 1945 enim
632 1899 825 1966 exgenere
855 1879 1049 1944 masculino
1073 1879 1109 1942 in
1132 1882 1284 1966 positivo
1314 1880 1425 1966 gradu
1447 1881 1601 1952 bonus,

139 1981 283 2055 malus,
307 2001 500 2068 magnum
524 1984 560 2046 in
583 1983 821 2068 comparativo
844 1980 1000 2046 melior
1022 1995 1057 2046 et
1078 1982 1238 2058 melius,
1261 1983 1387 2068 peior
1408 1984 1608 2070 ‹st-peius,

139 2083 266 2147 maior.
287 2095 322 2146 et
344 2085 488 2150 maius.
513 2084 655 2150 Scilicet
681 2083 847 2170 quoniam
870 2084 985 2148 omnis
1008 2084 1266 2170 comparativus
1282 2085 1409 2168 gradus
1430 2085 1500 2150 duo
1517 2087 1606 2149 baec

138 2205 260 2268 genera
280 2187 455 2263 continet,
485 2187 521 2250 id
541 2199 608 2262 cst,
642 2198 878 2250 communest
898 2199 1071 2251 neutrum.
1096 2185 1164 2250 sed
1178 2185 1318 2271 quando
1333 2187 1603 2252 hioeommunis

139 2300 168 2350 et
181 2287 323 2372 quando
336 2288 451 2352 neutri
466 2289 604 2374 generis
620 2289 692 2354 sivc
708 2288 953 2353 adverbiorum
972 2309 1051 2352 esse
1064 2288 1266 2354 dinoscatur
1280 2281 1333 2370 47),
1356 2289 1393 2354 in
1412 2289 1603 2376 superiori-

139 2386 197 2454 bus
217 2389 289 2452 iam
312 2390 395 2454 satis
419 2392 655 2456 tractavimus.
684 2389 725 2454 ln
747 2391 959 2476 superlativo
981 2391 1189 2475 optimus,
1218 2391 1444 2476 pessimus,
1470 2391 1602 2454 maxi-

139 2511 238 2568 mus;
261 2491 313 2556 sic
329 2503 364 2556 ct
379 2513 443 2579 per
456 2492 662 2558 femininum
678 2507 712 2556 et
726 2505 890 2558 neutrum
906 2513 1032 2576 genus,
1061 2512 1212 2556 necnon
1227 2507 1278 2562 et·
1302 2493 1391 2556 sicut
1407 2493 1602 2568 docuimus,

141 2613 319 2656 commune
337 2595 423 2660 baec
437 2597 504 2660 tria
518 2595 754 2681 suprascripta
772 2588 812 2676 48)
836 2594 980 2658 nomina
1000 2614 1064 2679 per
1078 2594 1207 2678 gradus
1229 2594 1437 2660 conlationis
1459 2610 1604 2682 propter

140 2694 354 2782 supradictos
367 2698 495 2782 pedum
513 2717 618 2762 sonos
633 2695 792 2760 anomale
806 2696 887 2760 dats
901 2708 980 2762 sunt
996 2696 1202 2782 comparari.

219 2801 293 2866 107.
317 2795 407 2862 Sane
425 2800 530 2864 etiam
545 2801 612 2864 boc
630 2798 673 2864 de
686 2798 739 2862 bis
756 2797 868 2862 tribus
880 2798 1125 2884 suprascriptis
1142 2789 1184 2880 49)
1206 2796 1407 2864 nominibus
1424 2800 1604 2885 quaeritur

140 2917 204 2982 qna
221 2897 264 2964 dc
287 2918 393 2964 causa
412 2914 558 2986 propter
577 2899 707 2986 pedum
726 2919 832 2965 sonos
852 2900 902 2966 sic
920 2899 1079 2965 anomale
1095 2899 1243 2964 debcant
1259 2902 1471 2986 comparari;
1495 2921 1603 2985 quare

141 3003 202 3066 hoc
216 3022 418 3080 monemus,
442 3003 543 3090 qnod
556 3005 642 3068 bssc
662 3023 740 3066 cum
759 2999 899 3086 syllabis
915 3015 949 3068 et
962 3000 1162 3067 accentibus
1178 3002 1214 3066 in
1230 3002 1348 3066 metris
1365 3015 1604 3090 competenter

140 3103 373 3170 tractabimus.
729 3173 735 3185 ,

217 3205 321 3270 Nunc
334 3207 441 3271 etiam
451 3210 518 3272 boc
533 3227 715 3274 monemus
729 3208 765 3272 in
778 3209 844 3274 bac
860 3207 971 3274 forma
985 3208 1121 3292 generis
1136 3205 1334 3282 masculini,
1358 3227 1428 3293 qua
1446 3207 1602 3272 diximus

139 3307 172 3370 iu
189 3307 342 3392 positivo
357 3308 469 3392 gradu
493 3311 716 3376 nominativo·
735 3331 817 3376 casu
841 3311 978 3374 numeri
1003 3310 1188 3395 singularis
1210 3311 1353 3376 nomina
1375 3309 1454 3394 ·llS·
1477 3309 1602 3374 litteris

139 3407 281 3484 definiri,
304 3411 457 3496 quodsx
473 3435 512 3478 ea
527 3414 646 3499 plures
660 3413 751 3488 soni,
772 3412 886 3489 idest,
903 3411 1054 3499 plurima
1070 3413 1214 3477 nomina
1227 3405 1416 3496 possint⁵⁰)
1432 3412 1602 3478 exhiberi.

217 3512 271 3576 lle
294 3511 406 3576 forma
428 3516 568 3598 generis
590 3514 789 3589 masculini,
819 3515 947 3598 quain
977 3515 1130 3600 positivo
1149 3515 1259 3599 gradu
1282 3513 1497 3580 nominativo
1521 3537 1602 3580 casu

137 3614 269 3678 numeri
293 3613 479 3698 singularis
501 3613 645 3681 nomiria
669 3613 748 3680 ·Us·
773 3615 897 3680 litteris
919 3615 1080 3693 delinita,
1111 3615 1407 3701 quemadmodum
1428 3637 1472 3680 ex
1492 3617 1602 3682 sela-

138 3715 230 3780 ciaut
244 3709 287 3798 ⁵¹)
300 3718 556 3804 comparativos
571 3719 627 3783 vel
643 3718 872 3806 superlativus
887 3719 1035 3802 gradus,
1057 3738 1124 3784 nec
1137 3737 1209 3784 non
1228 3731 1263 3782 et
1276 3719 1343 3782 tria
1360 3719 1505 3784 nomina
1517 3739 1603 3784 ano-

137 3817 244 3896 mala,
264 3831 434 3904 quantnm
455 3821 544 3886 ratio
565 3821 748 3908 poscebat,
770 3822 1004 3888 tractavimus.

218 3919 322 3986 Nunc
338 3923 518 4007 quoniam,
538 3923 834 4009 quemadmodum
851 3943 897 3988 ex
911 3943 974 3988 suo
991 3921 1331 4008 generemasoulino
1339 3921 1470 4008 gradus
1483 3923 1603 3988 conla-
1625 3981 1629 3988 .

138 4021 242 4086 tionis
256 4023 348 4098 liant,
364 4025 591 4101 ostendimus,
607 4037 642 4090 ct
659 4023 738 4090 ideo
755 4025 822 4090 iam
837 4025 880 4090 de
897 4025 1075 4090 communi
1091 4024 1309 4110 incipiamus.

225 4128 291 4190 1⁰8.
313 4125 378 4190 DE
393 4125 585 4192 GENERE
604 4125 850 4192 COMMUNl.
872 4127 1077 4194 Communis
1095 4127 1233 4212 generis
1252 4126 1412 4204 uomina,
1436 4129 1526 4192 sicut
1545 4149 1603 4192 su-

135 4246 201 4312 pra
220 4227 400 4294 docuimus
416 4221 458 4310 ⁵²)
479 4227 516 4292 in
536 4221 579 4307 ⁵³)
603 4229 754 4314 positivo
776 4229 885 4314 gradu
911 4229 1128 4296 nominativo
1150 4249 1233 4294 casu
1256 4229 1394 4294 numeri
1417 4230 1602 4316 singularis

135 4327 245 4394 tribus
261 4331 314 4394 bis
332 4329 452 4394 lormis
471 4330 683 4394 definiuntur
701 4343 854 4395 tantum:
878 4331 964 4396 ·ER·
984 4331 1052 4397 ·lL·
1073 4331 1150 4398 ·1s·.
1172 4333 1276 4396 Nunc
1290 4333 1477 4398 earundem
1496 4334 1601 4398 ratio-

178 4641 217 4712 ”l
238 4639 274 4692 sil
291 4643 328 4696 V.
347 4641 380 4695 Ρ.
397 4663 435 4692 .-.·.
452 4640 487 4694 A.
516 4641 552 4712 ⁴⁰)
571 4637 752 4712 saprsdslum
770 4642 806 4697 V.
825 4669 859 4683 -
878 4638 1068 4714 supradistum
1088 4641 1123 4694 A.
1148 4641 1187 4712 ⁴¹)
1213 4637 1259 4692 bie
1283 4637 1326 4693 vel
1351 4636 1419 4690 bssc
1436 4635 1555 4700 sobrios,
1574 4645 1602 4691 ci

238 4727 300 4782 ideo
318 4725 429 4782 sobrius
450 4730 486 4784 V.
504 4753 541 4780 =
559 4731 587 4784 A
612 4731 649 4800 ⁴')
668 4730 753 4783 forms
772 4728 823 4784 bac
843 4731 880 4786 V.
898 4761 935 4772 -
952 4727 1003 4782 hsc
1021 4730 1106 4782 forms
1126 4729 1168 4784 A.
1188 4731 1223 4796 4’)
1243 4725 1411 4780 nominativo
1429 4743 1494 4778 casu
1514 4725 1551 4778 V.
1567 4758 1602 4768 -

241 4833 302 4870 casa
320 4818 488 4872 nominativo
507 4817 543 4871 A.
563 4818 602 4888 ⁴⁴)
623 4819 798 4890 reperiuntur
817 4849 849 4859 -
869 4817 983 4892 reperiri
1002 4819 1038 4873 V.
1056 4819 1091 4870 A.
1112 4819 1147 4888 ⁴⁵)
1167 4817 1307 4888 portinent
1326 4815 1363 4870 V.
1383 4845 1418 4858 -
1436 4800 1600 4886 pcrtinetA.

240 4907 274 4980 ιε)
291 4915 443 4960 structum
463 4905 544 4960 V.-
563 4907 708 4962 strocluris
727 4907 763 4961 A.
792 4908 827 4978 ⁴³)
847 4903 1007 4959 dinoscatur
1024 4935 1060 4948 -
1079 4902 1260 4958 dinoscsotrr
1280 4903 1315 4955 V.
1330 4902 1366 4958 A.
1393 4903 1428 4974 ⁴¹)
1447 4902 1601 4974 suprascri-

239 5001 284 5064 pta
307 4995 344 5049 V.
368 5025 404 5038 -
426 4992 586 5068 supradicta
609 4996 646 5049 A.
674 4997 709 5067 ⁸⁹)
733 4994 928 5066 suprascriptis
955 4993 991 5048 V.
1010 5024 1046 5036 -
1063 4989 1231 5064 supradictis
1251 4993 1287 5046 A.
1315 4994 1351 5058 ⁵⁰)
1381 4991 1491 5063 pssiut
1510 4991 1545 5044 V.
1566 5023 1602 5034 —

240 5092 355 5152 possunt
371 5083 408 5140 A.
433 5085 473 5156 ⁸⁸)
498 5083 600 5138 recissa
620 5083 655 5138 V.
674 5112 710 5128 —··
727 5083 832 5138 lacisusl
849 5084 885 5138 A.
915 5084 955 5156 5’)
972 5079 1116 5134 docuimus
1137 5081 1172 5136 V.
1191 5081 1221 5134 Ρ.
1241 5111 1274 5124 -
1294 5079 1437 5152 posuimus
1456 5077 1492 5136 A.
1514 5081 1551 5152 ⁸³)
1571 5079 1602 5132 iu

244 5169 270 5222 V
270 5210 277 5225 .
292 5171 321 5226 P.
339 5194 376 5222 =
394 5172 430 5226 A.
