4022 6068
396 525 468 596 m)
657 519 887 574 EllOTElllATA
906 519 1153 576 Guauttarma
1171 519 1194 574 E
1214 519 1366 574 uaxttto
1385 520 1607 576 VlCTOlllllO.

397 667 600 734 volvitur.
636 666 778 753 Quippe
809 685 880 730 non
909 669 1038 752 poterit
1065 668 1179 753 prima
1201 665 1331 749 syllaba
1354 668 1528 752 positione
1557 669 1663 753 longa
1685 669 1777 745 lieri,
1800 670 1868 732 nisi

397 791 544 856 sequens
566 769 696 834 vocalis
719 769 798 834 loco
822 769 1045 834 consonantis
1069 767 1172 832 luerit
1193 781 1346 854 accepta,
1369 781 1408 832 ut
1431 769 1571 853 quidem
1595 792 1657 834 suo
1680 771 1759 836 loco
1774 771 1868 834 'edo-

396 873 566 946 cebimus,

482 979 531 1042 lt.
556 974 832 1040 Consonantium
855 975 989 1059 species
1012 984 1099 1058 quot
1120 975 1220 1036 sunt?
1241 971 1284 1035 11.

481 1083 532 1142 15.
557 1077 655 1160 Quae
679 1081 780 1142 snut?
802 1075 1025 1140 semivocales
1049 1088 1082 1139 et
1104 1087 1228 1138 mutae.

482 1180 532 1244 16.
563 1178 796 1243 semivocales
825 1199 913 1262 quae
944 1179 1041 1240 sunt?
1071 1197 1159 1260 quae
1183 1175 1324 1260 quidem
1355 1175 1483 1240 habeut
1505 1189 1639 1262 partem
1660 1176 1865 1251 vocalitatis,

357 1359 358 1362 Ἴ
395 1300 474 1344 cnm
497 1301 562 1366 per
583 1302 618 1344 se
641 1281 876 1367 proferuntur,
901 1277 961 1344 sed
982 1300 1047 1366 per
1069 1299 1104 1344 se
1128 1277 1294 1361 syllabam
1318 1277 1430 1343 lacere
1452 1298 1525 1343 non
1546 1291 1701 1365 possunt.

481 1385 531 1446 lt.
555 1381 651 1466 Quot
673 1385 771 1446 sunt?
792 1382 871 1447 Vll.
1436 1378 1442 1384 ’

482 1487 532 1548 18.
557 1484 654 1568 Quae
678 1487 777 1547 sunt?
800 1485 849 1550 ·F·
873 1483 923 1546 ·L·
948 1482 1007 1548 ’Μ’
1031 1483 1085 1548 ·N·
1110 1483 1162 1548 ·R·
1185 1481 1233 1547 ·S·
1258 1483 1309 1547 ·X·

481 1588 530 1654 19.
555 1585 653 1668 Quae
677 1607 722 1650 ex
744 1587 796 1650 his
820 1587 952 1672 duplex
974 1589 1047 1650 est?
1070 1587 1133 1651 ·X·.

477 1689 530 1751 20.
555 1686 671 1769 Quare
695 1687 1003 1774 duplexlconstat
1026 1689 1119 1752 enim
1142 1697 1201 1751 aut
1224 1705 1269 1750 ex
1291 1687 1348 1752 ·G·
1378 1699 1412 1750 et
1434 1684 1481 1750 ·S·
1504 1685 1640 1764 litteris,
1664 1699 1723 1748 aut
1744 1705 1790 1750 ex
1813 1685 1865 1752 ·C·

394 1797 428 1852 et
452 1788 510 1867 ·S·,
532 1802 572 1851 ut
592 1802 676 1874 puta
699 1790 805 1854 veluti
830 1791 868 1872 Ι’)
892 1812 985 1866 rex,
1010 1791 1138 1873 regis3
1161 1789 1254 1874 pix,
1277 1788 1400 1874 picis.
1431 1787 1572 1873 Quippe
1595 1801 1673 1852 ante
1697 1789 1749 1851 ·X·
1771 1786 1865 1851 litte-

393 1911 487 1967 ram,
512 1911 600 1976 qnae
622 1904 702 1977 post
724 1892 760 1954 in
783 1893 1029 1978 compendium
1054 1891 1192 1954 inventa
1207 1882 1246 1972 11)
1270 1902 1337 1964 est,
1360 1909 1439 1954 rex
1459 1910 1523 1976 per
1545 1889 1601 1954 ·G·
1625 1903 1659 1954 et
1681 1889 1740 1968 ·S·,
1763 1891 1865 1953 item-

393 2013 465 2078 que
483 1994 561 2079 pix
583 2014 647 2078 per
669 1992 720 2059 ·C·
743 2007 777 2058 et
799 1992 845 2058 ·S·
868 1993 999 2057 litteras
1019 1986 1059 2077 ¹⁴)
1082 2004 1215 2056 veteres
1239 1991 1446 2056 scribebant.

476 2099 530 2160 21.
554 2094 672 2182 lllutae
701 2116 790 2180 quae
820 2098 922 2158 sunt?
950 2115 1038 2180 quae
1066 2115 1181 2180 neque
1204 2096 1299 2182 ipsae
1316 2084 1356 2177 15)
1381 2113 1446 2180 per
1467 2113 1504 2158 se
1525 2093 1676 2179 proferri
1697 2107 1863 2181 possunt,

389 2216 504 2284 neque
527 2196 692 2280 syllabam
715 2197 838 2262 lacere.

475 2302 528 2364 22.
553 2299 650 2384 Quot
671 2301 773 2362 suut?
795 2298 854 2364 lx.

475 2403 528 2468 23.
553 2401 652 2484 Quae
675 2403 776 2464 sunt?
798 2400 848 2464 ·B·
872 2398 924 2465 ·C·
948 2399 1002 2464 ·D·
1026 2397 1082 2464 ·G·
1105 2399 1159 2464 ·lt·
1184 2397 1237 2462 ·K·
1262 2398 1311 2463 ·12·
1336 2399 1391 2484 ··Q
1414 2401 1477 2464 ·Τ·.

371 2519 374 2524 ’
475 2503 528 2566 24.
552 2501 652 2584 Quae
675 2523 720 2565 ex
741 2502 795 2565 bis
818 2521 1051 2588 supervacuae
1073 2501 1257 2566 videntur?
1279 2503 1333 2566 ·K·
1356 2513 1392 2566 et
1413 2502 1470 2586 ·Q·

385 2675 390 2684 ¹
475 2605 527 2667 25.
542 2602 670 2686 ,Quare
692 2606 948 2688 supervacuae?
971 2602 1067 2688 quod
1090 2601 1142 2668 ·C·
1164 2603 1279 2668 littera
1298 2605 1421 2668 barum
1444 2604 1562 2670 locum
1575 2603 1687 2689 possit
1708 2603 1861 2688 explere.

391 2703 522 2767 Verum
545 2705 606 2768 bas
637 2725 777 2790 quoque
804 2706 1014 2770 necessarias
1036 2706 1305 2792 orthographiae
1329 2708 1416 2770 ratio
1440 2706 1560 2785 elficit,
1590 2718 1629 2770 ut
1651 2705 1787 2790 quoties
1811 2705 1862 2767 ·A·

390 2805 548 2888 sequitur
575 2826 639 2891 per
670 2806 723 2870 ·K·
753 2806 975 2871 scribendum
1005 2807 1064 2885 sit,
1102 2819 1141 2871 ut
1168 2809 1347 2892 lrano·),
1386 2808 1626 2884 Kalendae,
1656 2805 1863 2892 kaput‘);

391 2907 552 2990 quotiens
577 2907 630 2970 ·U·
652 2929 717 2994 per
739 2909 812 2992 ·Q·,
836 2921 875 2972 ut
897 2909 1110 2993 quoniam,
1141 2910 1354 2993 Quiritcs;
1379 2911 1540 2996 quotiens
1560 2903 1600 2994 ¹⁰)
1622 2909 1776 2995 reliquae
1798 2929 1864 2972 vo-

379 3007 481 3092 cales
503 3029 567 3092 per
590 3008 642 3075 ·c·
664 3023 703 3074 ut
726 3023 892 3086 certus,
916 3011 1026 3074 civis
1045 3013 1105 3093 ¹⁷),
1129 3013 1382 3076 commodus.

473 3111 527 3176 26.
560 3111 655 3196 Quid
686 3111 728 3175 de
753 3113 805 3176 ·H·
829 3111 1139 3198 respondebimus?
1161 3115 1406 3202 adspirationis
1429 3127 1529 3194 nota,
1553 3133 1625 3178 non
1647 3113 1763 3177 littera
1784 3115 1862 3176 exi-

389 3212 558 3289 stimatur,
579 3226 818 3278 verumtamen
841 3215 955 3280 littera
979 3227 1030 3278 est
1056 3209 1105 3297 ¹⁰).

473 3316 526 3380 27.
551 3314 649 3398 Quae
671 3328 752 3379 sunt
772 3315 907 3380 litterae
929 3317 1134 3403 peregrinae
1150 3319 1213 3402 '⁹)?
1236 3316 1287 3381 ·Y·
1310 3328 1346 3381 et
1368 3317 1427 3382 ·Z·.

473 3419 527 3480 28.
552 3416 668 3500 Quare
690 3419 917 3503 peregrinae?
951 3418 1123 3502 siqnidem
1155 3440 1175 3482 a
1203 3417 1306 3482 nobi's
1327 3431 1474 3506 propter
1495 3439 1619 3503 graeca
1640 3421 1785 3484 nomina
1807 3441 1864 3483 as·

390 3531 563 3603 sumptae,
586 3531 625 3581 ut
645 3531 730 3605 puta
748 3521 789 3602 ’⁰)
811 3520 951 3602 Hylas,
976 3521 1210 3606 Zephyrus,
1235 3541 1323 3607 qnae
1339 3523 1368 3586 si
1384 3542 1456 3586 uon
1474 3533 1587 3586 esseut
1610 3520 1741 3585 Hulas
1769 3523 1812 3604 ¹¹)
1828 3526 1861 3603 ³)

389 3632 423 3682 ct
443 3619 693 3707 Dscpburus
709 3623 752 3705 ¹²)
775 3621 977 3686 diceremus.

472 3725 525 3790 29.
550 3722 601 3786 ·Υ·
624 3723 715 3786 inter
737 3744 822 3808 quas
845 3724 939 3808 apud
960 3744 1024 3788 uos
1046 3721 1214 3788 habetur?
1235 3725 1327 3788 inter
1348 3724 1496 3790 vocales.

473 3826 525 3889 30.
550 3824 645 3907 Quid
668 3837 719 3889 est
742 3826 791 3886 ·Z·
815 3827 906 3888 inter
927 3827 1058 3888 mutas?
1086 3837 1138 3888 est
1158 3819 1199 3909 ²³)
1222 3825 1364 3911 duplex,
1388 3828 1470 3912 quia
1493 3827 1572 3891 loco
1596 3825 1741 3890 duarum
1764 3829 1863 3913 apud

355 3977 357 3980 .
387 3944 451 3988 uos
475 3924 648 4010 iungitur,
671 3946 736 3990 uec
759 3927 860 3991 aliter
882 3941 1039 3992 constare
1057 3927 1160 3991 metri
1182 3915 1315 3992 ratione
1329 3941 1444 4013 potest
1462 3929 1497 3992 in
1521 3928 1582 3994 illo
1606 3949 1708 3994 versu
1727 3929 1864 3994 -ubi

432 4251 466 4318 ¹¹)
493 4257 593 4302 sut-
618 4259 682 4304 caut
705 4255 739 4304 ab
763 4259 823 4324 ipso
841 4255 952 4310 librario
972 4257 1058 4309 tribus
1075 4261 1184 4326 punctis
1206 4262 1384 4326 superpositis
1402 4259 1594 4328 improbatum.
1622 4260 1657 4328 ¹¹)
1676 4265 1708 4308 ut
1724 4263 1793 4328 puts
1813 4276 1864 4310 ve-

491 4335 598 4392 luti-
624 4348 655 4392 ut
672 4350 739 4412 pute
766 4359 811 4394 uu.
832 4341 871 4396 Ut
889 4351 956 4414 puts
981 4341 1067 4396 veluti
1085 4349 1168 4398 etiam
1190 4344 1257 4400 cod.
1278 4345 1330 4397 Go.
1339 4347 1407 4414 sere
1424 4365 1529 4416 semper
1546 4345 1628 4399 tates
1646 4357 1713 4398 teste
1729 4345 1864 4398 Lindem.

490 4429 510 4480 1.
520 4447 543 4480 e.
575 4429 609 4502 Ι’)
634 4427 743 4480 inventu
770 4429 836 4482 cod.
857 4449 890 4482 es
908 4449 958 4484 em.
976 4450 1018 4501 pr.
1037 4451 1072 4484 m.
1091 4431 1162 4484 l'scts
1183 4431 1251 4487 eod.
1270 4451 1347 4501 apr.
1364 4451 1400 4486 m.
1430 4434 1464 4504 ἰ)
1482 4431 1588 4486 litteras
1614 4430 1760 4486 -littera
1780 4433 1814 4503 (ι’.
1835 4454 1864 4487 e.

491 4511 621 4588 litteram)
650 4515 718 4568 coa.
750 4517 785 4587 ¹⁵)
813 4518 890 4590 ipsse
915 4547 952 4560 ·-
968 4518 1030 4588 ipse
1058 4518 1126 4572 Ced.
1156 4520 1192 4592 ¹⁶)
1220 4521 1362 4592 quotieuss
1389 4526 1429 4574 ita
1450 4522 1517 4576 coa.
1536 4525 1660 4594 quamvis
1684 4523 1771 4591 paulo
1793 4535 1866 4574 arste

426 4650 431 4659 .
489 4608 667 4672 praecesserit
702 4603 820 4676 quoties.
863 4605 898 4677 ¹⁷)
928 4605 1011 4671 oivis;
1043 4610 1083 4658 ita
1112 4607 1179 4660 cod.
1204 4627 1238 4660 ex
1262 4627 1312 4662 em.
1337 4628 1379 4681 pr.
1404 4628 1459 4671 nn,
1485 4628 1556 4681 quae
1574 4613 1691 4676 primum
1709 4613 1865 4679 scripserat

490 4691 572 4744 cives.
600 4693 634 4761 ¹¹)
654 4699 751 4744 est:
771 4693 855 4760 coa,
873 4697 1057 4765 supplevimus
1075 4715 1090 4746 e
1107 4695 1187 4748 Max.
1216 4696 1288 4749 Viet.
1307 4716 1335 4767 p.
1353 4701 1417 4754 277.
1436 4697 1468 4749 L.
1495 4699 1531 4769 ¹³)
1550 4697 1710 4769 peregrinae
1729 4728 1764 4737 —
1782 4699 1864 4768 peri-

491 4779 591 4846 gricas,
610 4780 676 4832 cod.
696 4793 723 4834 et
741 4800 804 4832 mox
822 4785 918 4833 iterum
946 4783 980 4852 ¹⁰)
1008 4789 1038 4833 ut
1063 4792 1131 4852 puta
1147 4814 1184 4826 -
1202 4794 1299 4856 utpote
1326 4785 1393 4838 Cori.
1421 4786 1460 4857 Ἰ)
1483 4783 1622 4846 ΗιιΙιιε,-
1642 4783 1700 4837 nlas
1722 4787 1791 4841 cos.
1811 4805 1864 4840 sss·

489 4873 638 4936 perscripto
657 4869 770 4920 abead.
790 4887 864 4922 man.
884 4865 968 4942 τᾷΙι.
995 4871 1031 4942 ¹²)
1049 4866 1213 4941 Dscpburus
1232 4904 1267 4912 -
1287 4868 1440 4942 slseplsyrus
1467 4873 1529 4946 (sic)
1555 4893 1589 4928 ex
1606 4894 1656 4928 eur.
1676 4893 1717 4944 pr.
1738 4892 1773 4927 m.
1791 4871 1865 4926 sde-

490 4949 592 5024 pbyrus
612 4974 629 5006 s
646 4974 688 5026 pr.
708 4975 742 5008 m.
763 4958 798 5027 ¹³)
819 4965 861 5010 est
878 4988 914 4999 —
932 4965 960 5009 et
978 4966 1021 5011 est
1041 4959 1127 5028 Ced.,¹
1146 4951 1178 5016 ‘ro'
1200 4969 1229 5014 et
1247 4981 1309 5015 vere
1327 4961 1455 5016 deletum.

428 5079 457 5147 ct
484 5074 555 5128 Μιι
574 5075 734 5131 Victorinus
753 5098 781 5150 ι».
800 5087 862 5142 au.
876 5081 1003 5139 Lintea.
1025 5086 1125 5140 tam..
1152 5087 1181 5158 ι)
1189 5087 1262 5142 ιι...
1283 5087 1417 5142 vassas.
1436 5087 1456 5143 ι.
1477 5104 1502 5142 c.
1521 5088 1675 5160 assuage.
1695 5088 1723 5158 a)
1739 5087 1864 5142 Porsen.

489 5171 517 5218 st
534 5163 660 5218 Lindon.
678 5167 790 5222 Hosius.
