4036 6068
588 501 1145 594 raosransurno‘a.
1536 545 1602 616 ⁴15

214 679 440 748 Etnlterfnre
451 681 791 772 plusquamperfeeta
813 685 885 750 sire
903 683 1116 750 recordativa
1136 684 1192 748 ref
1210 695 1341 752 exacta.
1364 683 1511 752 Numeri
1527 687 1599 754 sin-

129 783 258 868 gularis
276 778 335 866 ⁵'):
359 785 491 848 utinam
515 783 711 851 nutritus
734 785 926 864 fuissem,
957 787 1090 850 utinam
1113 787 1306 852 nutritus
1330 788 1506 867 fuisses,
1529 790 1599 854 uti-

129 906 209 949 nam
233 887 426 950 nutritus
450 886 627 964 fuisset;
659 891 795 952 numeri
819 888 981 974 pluralis:
1004 890 1136 950 utinam
1161 889 1319 954 nutriti
1342 889 1596 969 fuissemus,

129 990 262 1053 utinam
286 989 443 1052 nutriti
467 989 683 1066 fuissetis,
707 992 840 1054 utinam
863 991 1020 1055 nutriti
1043 989 1235 1054 fuissent.

212 1091 348 1178 Eodem
372 1091 498 1167 modo,
523 1105 680 1177 tempore
704 1093 830 1158 futuro.
861 1093 1007 1156 Numeri
1027 1092 1227 1176 singularis:
1259 1092 1392 1154 utinam
1414 1094 1598 1170 nutriar,

129 1194 260 1256 utinam
285 1193 509 1268 nutriaris,
533 1195 665 1257 utinam
689 1195 926 1269 nutriatur;
950 1194 1087 1256 numeri
1105 1193 1264 1278 pluralis:
1289 1194 1420 1256 utinam
1436 1197 1598 1260 nutria-

131 1315 236 1369 mur,
260 1295 392 1356 utinam
416 1295 696 1370 nutrimini,
720 1298 852 1360 utinam
876 1297 1128 1359 nutriantur.

212 1395 324 1460 Modo
348 1396 572 1460 coniunctivo
604 1400 675 1462 sive
694 1389 735 1480 ⁵²)
768 1399 942 1474 iunetivo,
967 1412 1124 1481 tempore
1155 1396 1329 1482 praesenti
1352 1397 1422 1460 sive
1445 1397 1598 1463 instanti.

131 1497 276 1562 Numeri
293 1496 496 1582 singularis:
522 1519 599 1561 cum
624 1499 678 1562 val
702 1501 730 1562 si
753 1501 935 1574 nutriar,
960 1518 1037 1562 cum
1061 1497 1116 1560 vel
1139 1499 1168 1560 si
1191 1499 1417 1575 nutriaris,
1443 1519 1522 1562 cum
1545 1501 1601 1564 vel

133 1602 157 1664 si
179 1599 421 1673 nutriatur;
444 1601 581 1663 numeri
603 1601 762 1686 pluralis:
788 1623 866 1664 cum
891 1599 945 1664 vel
968 1601 997 1662 si
1020 1600 1281 1678 nutriamur,
1306 1620 1385 1662 curn
1408 1599 1464 1674 vel
1480 1601 1509 1663 si
1531 1622 1600 1664 nu-

133 1702 347 1778 triamiui,
371 1721 449 1764 eum
473 1701 529 1764 vel
552 1703 581 1764 si
604 1703 863 1767 nutriantur.

212 1802 350 1868 Eodem
381 1803 507 1878 modo,
539 1815 695 1887 tempore
725 1804 912 1890 praeterito
936 1796 999 1885 ⁵³),
1031 1803 1146 1888 specie
1178 1801 1368 1887 inperfecta
1391 1804 1463 1867 sive
1487 1804 1601 1870 minus

134 1927 234 1991 quam
258 1905 411 1990 perfecta
433 1903 489 1967 vel
512 1905 720 1970 inchoativa.
751 1905 896 1970 Numeri
920 1904 1120 1988 singularis:
1154 1925 1232 1969 cum
1256 1903 1312 1967 vel
1335 1905 1363 1966 si
1386 1907 1599 1984 nutriter,

136 2029 209 2072 curn
227 2006 283 2071 vel
299 2007 328 2070 si
348 1997 655 2088 nutrireris⁵²),
681 2028 759 2070 cum
775 2007 830 2072 vel
842 2009 870 2070 si
893 2007 1152 2081 nutriretur3
1175 2007 1312 2069 numeri
1333 2005 1495 2091 pluralis:
1520 2028 1599 2070 cum

134 2109 184 2173 rel
208 2109 238 2174 si
260 2109 546 2187 nutriremur,
578 2129 656 2173 cum
680 2110 735 2176 vel
759 2109 788 2174 si
820 2107 1120 2184 nutriremini,
1152 2127 1230 2171 eum
1253 2107 1308 2172 vel
1332 2107 1360 2170 si
1382 2110 1601 2174 nutriren-

136 2223 199 2274 tur
217 2205 274 2292 ⁵⁵).

214 2313 350 2376 Eodem
374 2311 497 2390 modo,
520 2313 643 2377 endem
665 2327 836 2398 tempore,
860 2312 975 2398 specie
991 2310 1145 2397 perfecta
1167 2311 1239 2374 sive
1255 2309 1422 2376 absoluta.
1454 2311 1600 2376 Numeri

136 2415 331 2498 singularis:
366 2435 444 2478 cum
476 2415 530 2478 vel
561 2417 591 2478 si
620 2417 811 2478 nutritus
844 2415 938 2490 sim',
968 2433 1047 2476 cum
1070 2411 1126 2474 vel
1150 2412 1178 2475 si
1207 2414 1395 2477 nutritus
1419 2414 1496 2490 sis,
1521 2434 1600 2476 cum

135 2516 184 2578 vel
208 2517 237 2579 si
261 2517 449 2580 nutritus
473 2518 545 2592 sit;
577 2518 714 2582 numeri
736 2517 894 2602 pluralis:
928 2535 1006 2578 cum
1030 2513 1085 2576 vel
1106 2515 1311 2578 sinutriti
1334 2516 1485 2594 simus,
1520 2536 1600 2579 cum

135 2617 185 2680 rel
208 2619 238 2681 si
261 2619 417 2682 nutriti
440 2619 558 2694 sitis,
583 2641 662 2683 curn
684 2619 739 2682 vel
763 2619 792 2682 si
814 2617 975 2681 nutriti
999 2617 1095 2680 sint.

213 2720 259 2782 Et
281 2720 445 2784 ulteriore
467 2721 621 2806 perfecta
644 2722 715 2784 sive
738 2719 905 2784 absoluta.
929 2719 1076 2781 Numeri
1099 2716 1284 2801 singularis
1300 2711 1362 2801 ⁵⁶):
1397 2739 1476 2782 cum
1498 2719 1554 2782 vel
1573 2720 1603 2784 si

136 2823 322 2885 nutritus
346 2820 515 2898 fuerim,
537 2843 628 2886 -cum
650 2821 706 2886 vel
729 2823 758 2885 si
779 2823 974 2886 nutritus
998 2819 1150 2892 fueris,
1182 2839 1261 2882 cum
1284 2819 1340 2883 vel
1364 2821 1392 2883 si
1414 2823 1601 2885 nutritus

137 2921 278 2998 fuerit;
301 2924 438 2986 numeri
453 2923 615 3010 pluralis:
640 2946 719 2988 cum
742 2923 798 2987 vel
822 2925 850 2988 si
873 2923 1028 2986 nutriti
1051 2921 1274 2998 fuerimus,
1300 2941 1377 2985 cum
1400 2921 1456 2985 vel
1478 2923 1506 2986 si
1529 2943 1602 2986 nu·

137 3025 226 3088 triti
250 3025 440 3102 fueritis,
466 3046 544 3089 cum
567 3027 623 3090 vel
646 3028 675 3092 si
697 3027 852 3090 nutriti
876 3025 1048 3088 fuerint.

214 3125 349 3190 Eodem
372 3127 497 3204 modo,
530 3129 653 3193 eodem
678 3141 852 3213 ternpore,
883 3127 998 3212 specie
1027 3125 1366 3210 plusquamperfecta
1389 3125 1460 3187 sive
1483 3145 1601 3189 recor·

136 3226 246 3290 dativa
269 3227 322 3292 vel
346 3241 477 3294 exacta.
499 3230 646 3294 Numeri
669 3230 868 3314 singularis:
894 3248 973 3292 eum
996 3226 1052 3290 vel
1075 3227 1104 3288 si
1127 3227 1318 3290 nutritus
1342 3247 1496 3304 essem,
1522 3247 1601 3291 cum

134 3331 186 3392 vel
208 3331 237 3394 si
266 3331 460 3394 nutritus
491 3354 623 3407 esses,
657 3353 736 3396 eum
759 3331 814 3394 vel
837 3332 866 3396 si
896 3329 1090 3392 nutritus
1120 3340 1246 3403 essen
1278 3328 1415 3390 numeri
1437 3327 1601 3412 pluralis:

136 3450 210 3492 cnm
232 3431 287 3494 vel
312 3433 339 3494 si
362 3434 519 3498 nutriti
549 3455 750 3511 essemus,
780 3453 860 3496 eum
882 3432 938 3508 vel
961 3433 990 3502 si
1012 3430 1168 3494 nutriti
1191 3431 1359 3508 essetis,
1393 3449 1472 3493 cum
1496 3430 1551 3494 vel
1572 3431 1603 3494 si

134 3533 283 3596 nutriti
307 3547 461 3600 essent.
1647 3603 1660 3614 κ

216 3633 259 3698 Et
288 3634 453 3700 ulteriore
483 3637 822 3726 plusquamperfecta
854 3636 925 3698 sive
954 3631 1171 3696 recordativa
1200 3632 1256 3695 vel
1286 3646 1417 3698 exacta.
1455 3633 1602 3698 Numeri

134 3734 312 3818 singularis
336 3731 394 3820 ⁵⁷):
423 3759 502 3802 cum
534 3741 589 3803 vel
618 3742 647 3804 si
677 3739 869 3803 nutritus
902 3736 1093 3810 fuissem,
1133 3755 1212 3798 cum
1250 3735 1306 3798 vel
1341 3736 1370 3798 si
1407 3735 1600 3798 nutritus

134 3835 301 3913 fuisses,
333 3860 413 3903 eum
440 3840 505 3916 ,vel
541 3843 570 3905 si
599 3843 789 3906 nutritus
821 3839 988 3912 fuisset;
1019 3839 1155 3900 numeri
1182 3835 1343 3921 pluralis:
1376 3856 1454 3900 eum
1484 3834 1538 3898 vel
1570 3837 1599 3898 si

134 3940 285 4003 nutriti
310 3941 552 4020 fuissemus,
577 3964 656 4008 eum
671 3943 726 4010 vel
744 3945 774 4008 si
795 3939 955 4005 nutriti
979 3938 1183 4014 fuissetis,
1209 3959 1287 4001 cum
1311 3938 1367 4002 vel
1390 3939 1419 4001 si
1441 3937 1705 4024 nutritimffi

134 4037 326 4108 fuissent.
730 4045 740 4056 “

214 4143 358 4217 Eodem,
372 4147 497 4224 modo,
519 4161 676 4236 tempore
694 4147 819 4211 futuro.
842 4143 989 4208 Numeri
1011 4140 1211 4226 singularis:
1236 4162 1314 4206 cum
1335 4142 1390 4206 vel
1414 4143 1443 4205 si
1465 4143 1600 4209 nutri-

131 4257 197 4308 tus
219 4268 303 4324 ero,
328 4269 408 4312 cnm
430 4251 486 4313 vel
509 4253 537 4314 si
560 4251 747 4315 nutritus
772 4250 873 4324 eris,
899 4267 977 4310 cnm
991 4243 1046 4308 vel
1070 4245 1099 4307 si
1121 4243 1316 4308 nutritus
1340 4245 1440 4320 erit;
1463 4247 1600 4310 numeri

129 4348 284 4430 pluraliss
309 4371 389 4416 cum
419 4352 477 4416 vel
506 4355 535 4416 si
557 4353 717 4415 nutriti
741 4353 914 4434 erimus,
945 4367 1024 4412 cum
1047 4345 1103 4410 vel
1126 4347 1154 4409 si
1177 4346 1330 4410 nutriti
1354 4347 1495 4422 eritis,
1520 4367 1599 4410 cum

128 4449 183 4510 sel
208 4452 234 4514 si
255 4454 411 4516 nutriti
435 4455 549 4518 erint
566 4451 621 4536 ⁵⁸).

213 4553 256 4617 Et
271 4555 436 4620 ulteriore
452 4556 578 4620 futuro.
597 4553 744 4619 Numeri
759 4553 943 4638 singularis
958 4542 1018 4632 ⁵⁹):
1043 4571 1122 4613 cum
1138 4547 1194 4612 vel
1210 4549 1238 4612 si
1260 4549 1447 4611 nutritus
1465 4547 1597 4624 fuero,

132 4690 1599 4718 -—--............-..----—---—--———---

173 4759 212 4828 ⁵')
230 4758 289 4832 plus
312 4761 496 4834 namperfecta
516 4801 522 4816 .
543 4803 550 4816 .
571 4802 578 4817 .
598 4801 605 4816 .
625 4759 769 4831 singularis
791 4762 825 4814 V.
846 4762 882 4812 A.
910 4759 941 4811 P.
962 4756 1023 4826 (sed
1041 4755 1097 4806 sive
1116 4751 1299 4823 recordativa)
1324 4775 1360 4802 =
1376 4754 1408 4805 B.
1435 4753 1470 4822 ⁵¹)
1489 4754 1546 4804 sire
1565 4755 1597 4808 B.
1639 4765 1641 4770 ·

235 4851 270 4904 V.
289 4783 325 4894 [1-
343 4849 387 4905 vel
404 4854 440 4907 A.
462 4853 497 4921 ⁵¹)
517 4859 640 4922 tempore
659 4849 807 4922 praeterito
825 4847 858 4898 Β.
879 4845 910 4899 V
908 4882 915 4896 .
936 4876 969 4891 -
989 4841 1087 4894 eodem
1104 4851 1227 4913 tempore
1246 4841 1282 4892 A.
1303 4841 1338 4906 ⁵⁴)
1354 4839 1499 4892 nutrireris
1515 4841 1597 4895 ΚΑ.

234 4967 267 4980 -
285 4940 435 4992 nutrireres
453 4940 485 4992 Β.
507 4942 542 5010 ⁵⁵)
562 4939 742 4991 nutriremur.
762 4973 769 4988 .
790 4973 796 4986 .
816 4973 822 4986 .
840 4933 1009 4984 nutrirentur
1029 4930 1065 4984 V.
1084 4934 1165 4984 A.-
1183 4929 1381 4990 nutriamur,
1399 4928 1598 4993 nutrieremini,

234 5028 420 5080 nutrierantur
437 5029 468 5082 B.
488 5025 527 5101 τῷ
547 5046 561 5079 a
580 5027 680 5098 ubique
697 5037 799 5097 punato
819 5035 924 5076 notata.
946 5021 980 5090 ⁵⁶)
1000 5018 1123 5092 perfecta
1207 5055 1213 5069 .
1233 5013 1379 5086 singularis
1399 5017 1436 5072 V.
1455 5018 1492 5071 A.
1512 5035 1547 5067 =
1564 5017 1596 5077 Β,

234 5114 266 5182 ⁵⁷)
285 5112 557 5188 plusquamperfecta
579 5153 586 5169 .
607 5153 613 5167 .
634 5152 641 5165 .
661 5152 668 5166 .
688 5108 833 5181 singularis
854 5109 888 5167 V·
909 5108 945 5166 A·
964 5130 1000 5158 =
1017 5108 1048 5160 Β.
1076 5107 1112 5176 ⁵¹)
1132 5107 1205 5158 erint
1221 5109 1261 5158 sic
1279 5104 1311 5158 Β.
1332 5103 1368 5158 V.
1388 5104 1424 5157 A.
1452 5105 1489 5176 ⁵⁹)
1509 5113 1537 5157 et
1555 5103 1598 5157 uf-

235 5201 331 5256 tsriore
352 5242 360 5256 .
383 5241 390 5256 .
411 5248 416 5258 .
438 5202 611 5274 ,singularis
632 5203 667 5258 V.
686 5202 722 5253 A.
742 5221 777 5248 =
801 5199 833 5252 B.
