4032 6070
393 515 464 586 m
797 503 1409 568 usosrsssuruos.

397 658 478 722 iam
500 657 638 736 lucus,
668 658 811 744 iuquit
834 645 892 742 ³'),
922 647 1184 738 nchsrs³⁹)·)
1202 689 1246 704 -
1274 653 1445 740 adquam
1470 651 1617 720 formam
1641 654 1810 724 declinari
1823 662 1870 740 ⁴·)

399 764 577 847 oporteat?
598 761 719 848 utique
741 761 785 827 ad
807 760 1041 835 Anchisam
1064 758 1197 822 scilicet
1220 758 1387 842 quoniam
1402 749 1445 837 ⁴¹)
1464 777 1704 845 quaecumque
1727 765 1873 828 nonrina

396 863 533 947 generis
556 863 737 929 masculini
760 863 920 928 vocativo
937 850 981 940 ⁴²)
1005 881 1087 926 casu
1109 861 1247 924 numeri
1269 859 1453 944 singularis
1477 861 1528 924 ·E·
1552 861 1665 925 littera
1679 867 1871 930 terminan-

397 977 464 1042 tur,
487 978 521 1030 et
543 967 705 1050 genetivo
728 985 811 1030 casn
831 963 970 1028 numeri
998 963 1182 1048 singularia
1207 963 1288 1026 ἈΕ·
1308 953 1355 1046 ⁴³)
1383 963 1506 1026 litteris
1529 963 1759 1046 deliniuntur,
1784 971 1870 1034 haec

396 1080 615 1155 percuteres
638 1087 736 1132 casus
758 1067 803 1132 ad
825 1085 948 1130 sonum
963 1056 1007 1148 ⁴⁴)
1029 1065 1238 1128 Anchisae
1261 1063 1489 1130 declinantur.
1514 1066 1593 1150 Qua
1617 1067 1750 1131 ratione
1773 1071 1867 1133 idem

396 1171 572 1255 Vergilius
601 1171 668 1234 hoc
695 1171 809 1254 ipsum
838 1187 945 1256 porro
962 1159 1005 1252 ⁴⁵)
1035 1167 1265 1232 corroborans
1293 1179 1498 1253 prosecutus
1519 1161 1562 1252 ⁴¹⁵)
1594 1182 1646 1233 est
1668 1170 1787 1234 dicens
1806 1163 1867 1256 ⁴⁷):

396 1309 439 1322 -
460 1273 649 1358 rapidum
672 1272 722 1336 ad
743 1272 864 1336 navis
880 1263 923 1354 ⁴⁸)
945 1271 1185 1358 praemittit
1204 1269 1394 1333 Achaten
1411 1268 1443 1348 ⁶)
1466 1307 1509 1318 -
1530 1270 1664 1336 scilicet
1686 1275 1867 1358 quoniam,

397 1376 500 1440 sicuti
521 1395 625 1460 snpra
647 1375 846 1438 monuimus
869 1366 930 1455 ⁴⁹),
958 1373 1054 1460 quod
1077 1393 1317 1458 quaecumque
1346 1371 1490 1435 nomina
1512 1373 1675 1457 genetivo
1699 1395 1779 1440 casu
1801 1397 1869 1441 nu·

398 1477 485 1542 meri
507 1476 691 1561 singularis
715 1476 796 1540 ·ΛΕ·
819 1476 943 1540 litteris
966 1467 1177 1540 deliniuntur
1188 1468 1232 1556 5““)
1255 1487 1290 1538 et
1310 1475 1471 1538 vocativo
1484 1495 1565 1539 casu
1587 1479 1724 1542 numeri
1746 1481 1868 1564 singu-

396 1578 478 1642 laris
502 1579 552 1642 ·E·
576 1579 690 1642 littera
712 1577 953 1655 terminantur,
976 1579 1063 1640 haec
1086 1577 1282 1642 accusativo
1306 1597 1387 1641 castr
1409 1579 1546 1642 numeri
1573 1579 1756 1664 singularis
1780 1583 1867 1648 ·EN·

396 1681 522 1748 litteris
535 1681 746 1746 deliniuntur
761 1692 796 1744 et
817 1700 880 1766 per
894 1693 1027 1744 ceteros
1051 1699 1148 1742 casus
1167 1679 1210 1742 ad
1233 1679 1379 1743 formam
1401 1679 1613 1744 Anchisae
1637 1683 1866 1752 declinantur.

480 1783 535 1847 De
558 1783 710 1848 ablativo
739 1803 821 1847 casu
849 1783 986 1846 numeri
1009 1781 1210 1866 singularis,
1242 1784 1303 1866 qui
1319 1775 1362 1864 ⁵¹)
1390 1802 1583 1866 exgenere
1612 1785 1804 1850 masculino
1823 1779 1868 1870 ⁵¹)

397 1883 447 1949 ·Α·
470 1885 585 1948 littera
608 1886 814 1950 terminatur
828 1875 886 1966 ⁵³),
911 1897 1078 1969 quantum
1102 1884 1189 1947 ratio
1212 1882 1380 1969 poscebat
1400 1887 1635 1952 tractavimus.

480 1990 553 2052 218.
576 1987 641 2051 DE
657 1985 849 2050 GENERE
868 1984 1118 2050 FEMlNlNO.
1141 1984 1316 2049 Feminini
1331 1987 1468 2070 generis
1482 1989 1642 2062 nomina,
1666 2011 1757 2074 quae
1772 1991 1870 2056 abla-

396 2089 468 2154 tivo
492 2109 573 2154 casu
595 2088 732 2152 numeri
753 2088 937 2172 singularis
961 2090 1011 2152 Ἀ·
1034 2088 1148 2152 littera
1170 2088 1415 2164 terminantur,
1439 2091 1524 2154 haec
1545 2091 1762 2156 nominativo
1786 2115 1868 2158 casu

395 2193 532 2256 numeri
554 2189 739 2273 singularis
762 2189 895 2256 duabus
918 2192 971 2276 his
995 2189 1115 2254 formis
1138 2189 1350 2254 deliniuntur
1370 2203 1519 2255 tautum:
1543 2192 1594 2254 dl·
1617 2187 1705 2274 Μ)
1730 2194 1799 2258 ἸΑ·
1814 2187 1868 2276 ⁵⁵).

478 2296 553 2362 219.
574 2292 639 2355 DE
653 2291 704 2356 ·Α·
718 2283 772 2374 ⁵⁶).
798 2291 1049 2378 Quaecumque
1062 2292 1205 2359 nomina
1220 2293 1356 2375 generis
1369 2293 1526 2356 feminini
1539 2291 1689 2358 ablativo
1706 2316 1788 2360 casu
1801 2315 1868 2360 uu-

394 2395 483 2458 meri
505 2393 690 2478 singularis
713 2395 764 2457 ·Α·
788 2394 902 2457 littera
924 2395 1164 2470 terminantur,
1187 2405 1222 2456 et
1243 2395 1460 2458 nominativo
1484 2415 1565 2460 catu
1586 2399 1724 2462 numeri
1747 2399 1870 2483 singu-

393 2496 476 2562 laris
500 2497 550 2559 ul·
573 2495 689 2560 littera
709 2489 992 2577 definiuntur⁵⁷),
1014 2509 1054 2560 ut
1075 2507 1175 2580 puta:
1204 2494 1253 2559 ab
1277 2497 1352 2560 hac
1374 2498 1545 2573 misera,
1575 2499 1679 2564 haec
1701 2501 1871 2580 misera,

393 2599 479 2662 haec
502 2597 546 2661 ad
568 2598 635 2660 hoc
658 2595 859 2681 exemplum
882 2596 1115 2660 declinantur:

480 2698 637 2762 Numero
660 2698 829 2782 singulari
846 2688 904 2781 ⁵⁸)=
929 2698 1041 2762 llaec
1064 2699 1238 2777 misera,
1261 2699 1384 2764 huius
1408 2701 1598 2776 miserae,
1623 2702 1723 2766 huic
1746 2703 1870 2768 mise-

395 2821 487 2876 rae,
516 2803 625 2864 hanc
654 2801 873 2876 miseram,
903 2819 924 2863 o
955 2799 1125 2875 misera,
1156 2800 1206 2866 ab
1235 2803 1315 2864 hac
1344 2801 1517 2878 misers3
1547 2815 1581 2866 et
1609 2799 1869 2889 pluraliter⁵⁹m

395 2903 473 2966 lrss
502 2903 701 2978 miserae,
730 2904 876 2966 harum
906 2901 1173 2978 miserarum,
1203 2902 1267 2968 hia
1294 2903 1482 2980 miseris,
1523 2905 1595 2969 lras
1624 2906 1818 2982 miseras,
1848 2929 1871 2972 o

395 3004 594 3080 miserae,
618 3003 756 3069 abhis
779 3003 956 3068 mis'eris.

481 3104 540 3170 Sic
563 3117 597 3170 et
619 3105 686 3170 alia
707 3106 845 3190 generis
869 3104 1028 3168 feminini
1055 3105 1215 3182 uomina,
1247 3125 1336 3190 quae
1357 3104 1509 3174 ablativo
1533 3129 1614 3174 casu
1636 3111 1775 3174 numeri
1797 3111 1874 3174 ain-

394 3205 524 3292 gularis
547 3206 599 3271 ·Λ·
627 3207 742 3272 littera
772 3207 1003 3271 terminantur
1030 3219 1065 3270 et
1092 3208 1309 3271 nominativo
1339 3228 1421 3272 casu
1448 3211 1585 3274 numeri
1607 3211 1793 3296 singularis
1817 3213 1871 3274 Ἀ·

394 3307 509 3373 littera
532 3308 761 3386 deliniuntur,
791 3309 835 3373 ad
858 3308 1058 3394 exemplum
1081 3309 1263 3374 miseras
1286 3331 1349 3396 per
1371 3331 1493 3376 omnes
1516 3333 1614 3378 casus
1637 3313 1869 3378 declinantur.

479 3413 553 3476 220.
585 3411 676 3476 Saue
707 3412 745 3474 in
772 3413 838 3476 hac
869 3409 1103 3496 suprascripta
1125 3409 1243 3484 ‚forma
1270 3413 1338 3477 lroc
1361 3433 1560 3492 monemus,
1590 3414 1685 3500 quod
1708 3416 1794 3478 haec
1817 3415 1870 3478 Vl

394 3513 538 3580 nomina
567 3525 717 3589 tautum,
750 3511 787 3577 id
815 3505 953 3607 est-⁰⁹),
984 3510 1091 3591 sola,
1123 3511 1259 3592 nulla,
1290 3513 1398 3592 ulla,
1427 3515 1526 3593 alia,
1564 3528 1678 3594 utra,
1713 3515 1870 3594 altera,

440 3839 464 3873 11
504 3839 512 3852 “
572 3838 579 3852 ”
803 3867 839 3879 -,
867 3833 874 3849 ¹
935 3835 943 3848 ⁶
1086 3871 1093 3886 .
1290 3839 1296 3852 '
1493 3841 1499 3854 ⁸

466 3845 477 3906 '
501 3839 658 3996 liliis}
675 3836 813 3979 ld..
831 3831 1286 3994 .¹”.‘¹L¹.31¹.¹.³·;.s'0.lt.''.3⁶,55.'
1286 3837 1746 3980 ἶΐᾷῗὶἶῖἒαῖἷέῗῖλὲ.
1754 3859 1777 3979 Γ
1779 3843 1872 3978 Α’ῗ*

500 4020 554 4065 tes.
574 4013 609 4080 ⁴⁰)
630 4008 762 4064 declinari
780 4012 811 4065 B.
827 4010 865 4065 V.
882 4009 919 4063 A.
936 4042 973 4052 —
992 4006 1131 4062 declinare
1148 4010 1180 4063 Ρ.
1204 4011 1240 4080 ⁴¹)
1259 4007 1367 4064 scilicet
1385 4011 1513 4084 quomam
1532 4015 1563 4067 B.
1579 4013 1616 4070 V.
1633 4016 1665 4069 P.
1683 4045 1719 4056 -
1737 4014 1874 4086 queniam

501 4098 610 4151 scilicet
626 4097 663 4152 A.
683 4099 720 4171 ⁴¹)
740 4097 864 4152 vocativo
884 4099 921 4162 V.
935 4098 972 4150 A.
987 4099 1018 4151 P.
1035 4127 1072 4140 -
1089 4097 1257 4150 nominativo
1275 4099 1307 4151 B.
1328 4101 1364 4167 ⁴¹)
1384 4099 1448 4152 ulE·
1468 4101 1500 4154 B.
1514 4099 1550 4154 V.
1559 4102 1641 4154 A.-
1660 4099 1702 4152 ·E·
1722 4101 1753 4154 P.
1764 4102 1802 4173 ⁴⁴)
1822 4117 1874 4153 ao·

500 4203 567 4240 uuna
583 4187 661 4242 Bu·
678 4187 792 4240 scrruam
811 4185 848 4239 V.
858 4187 894 4238 A.
908 4185 940 4240 P.
969 4186 1008 4258 ⁴⁵)
1026 4203 1109 4257 porro
1127 4215 1163 4227 -
1181 4203 1250 4257 poro
1269 4187 1301 4239 B.
1320 4209 1357 4236 =
1375 4187 1410 4241 V.
1430 4187 1468 4240 A.
1485 4188 1516 4240 P.
1543 4189 1578 4257 ⁴⁶)
1599 4197 1763 4259 prosecutus
1780 4189 1818 4242 B.
1834 4189 1878 4243 V.

501 4276 534 4328 P.
562 4303 597 4318 -
623 4282 786 4345 persecutus
810 4274 847 4327 A.
875 4273 912 4346 ⁴⁷)
939 4270 1037 4326 diceus
1064 4274 1097 4326 B.
1122 4295 1160 4322 =
1185 4274 1221 4328 V.
1246 4274 1282 4326 A.
1307 4275 1339 4327 P.
1367 4275 1403 4344 ⁴⁸)
1431 4275 1506 4326 uaris
1524 4275 1556 4327 B.
1576 4275 1611 4334 V.
1636 4308 1671 4318 -
1689 4265 1771 4329 nare'a
1790 4277 1878 4331 Aa

501 4365 536 4432 ⁸⁹)
564 4363 718 4416 monuimus
742 4363 775 4417 B.
791 4362 827 4418 V.
850 4361 881 4416 Ρ.
899 4389 936 4402 -
953 4360 1152 4414 nominavimus
1170 4359 1207 4414 A.
1232 4361 1267 4430 ς1)
1287 4358 1455 4414 deliniuntur
1473 4363 1505 4416 B.
1523 4362 1557 4415 V·
1578 4361 1615 4416 A.
1634 4395 1669 4404 -
1687 4358 1880 4416 terminantur

501 4453 531 4506 P.
552 4453 588 4522 ⁵¹)
607 4452 656 4524 qui
674 4451 707 4504 B.
724 4451 806 4504 ΚΑ.
822 4479 859 4492 -
876 4465 945 4521 quas
965 4450 996 4502 Ρ.
1017 4459 1088 4501 reete
1112 4449 1222 4521 quidem
1239 4454 1263 4502 at'
1279 4463 1341 4519 pust
1360 4469 1450 4502 vocent
1470 4447 1617 4521 singularis
1636 4451 1767 4504 exciderit
1781 4452 1881 4503 uorsi-

500 4555 575 4590 uum.
595 4541 632 4611 Ι·)
651 4534 803 4588 masculine
824 4536 860 4591 V.
870 4537 946 4592 A.t³.
958 4537 990 4589 B.
1005 4555 1039 4588 ea·
1054 4555 1104 4588 em.
1119 4553 1161 4606 pr.
1180 4555 1216 4588 m.
1235 4565 1270 4579 -
1288 4538 1421 4592 feminino
1440 4539 1472 4592 B.
1492 4559 1510 4591 a
1524 4557 1566 4608 pr.
1586 4557 1621 4590 m.
1649 4540 1687 4607 u)
1709 4537 1883 4591 terminatur

501 4629 533 4682 B.
544 4627 580 4682 V.
597 4657 633 4667 --
650 4623 832 4678 terminantur
848 4625 886 4678 A.
903 4625 934 4676 P.
956 4625 991 4691 ⁵¹)
1012 4631 1041 4674 et
1057 4624 1090 4679 B.
1109 4643 1145 4674 =
1164 4625 1199 4678 V.
1220 4625 1251 4678 Ρ.
1272 4625 1308 4695 ⁸⁵)
1328 4622 1435 4676 duabus
1454 4622 1497 4678 hia
1516 4663 1525 4682 .
1545 4662 1553 4680 .
1574 4663 1581 4680 .
1602 4663 1609 4677 .
1629 4667 1636 4682 .
1657 4625 1713 4677 ls-
1731 4625 1765 4676 Β.
1783 4625 1820 4678 V.
1840 4625 1881 4680 P.

500 4745 537 4758 -
554 4717 594 4767 ·Δ·
613 4711 704 4766 littera
724 4707 894 4764 deliniuntur
911 4712 948 4764 A.
969 4710 1005 4780 ⁵⁴)
1023 4710 1067 4762 De
1086 4711 1125 4762 Ἀ·
1145 4743 1179 4752 -
1204 4709 1367 4766 Notandum
1385 4719 1413 4766 in
1433 4715 1462 4767 Ρ.
1481 4729 1592 4784 praeter
1610 4714 1692 4767 verba
1711 4711 1883 4785 Quaecun-

502 4895 597 4945 uatr'eo
609 4903 634 4944 et
644 4891 766 4945 ablativo
775 4888 912 4959 singulari
921 4885 967 4940 ·A·
978 4887 1264 4940 urasiaanturdeeare.
1285 4889 1321 4958 ⁵⁷)
1342 4889 1384 4940 De
1394 4890 1433 4940 ul·
1443 4927 1449 4940 .
1460 4928 1467 4942 .
1477 4927 1483 4941 .
1494 4885 1679 4942 definiuntur
1694 4889 1727 4944 B.
1744 4887 1781 4940 V.
1790 4909 1827 4938 =
1836 4889 1884 4942 A.

504 4978 542 5048 ⁵¹)
569 4994 683 5030 numero
708 4973 842 5046 singulari
867 4975 899 5030 B.
913 4974 950 5029 A.
977 5005 1013 5016 -
1036 4974 1144 5028 numeri
1162 4972 1308 5046 singularia
1328 4976 1363 5029 V.
1388 4978 1424 5046 ⁵⁹)
1444 4983 1472 5030 et
1490 4975 1633 5049 pluraliter
1650 4977 1683 5032 B.
1702 5005 1739 5019 -
1757 4991 1886 5030 nurnero

503 5060 605 5134 plurali
623 5065 660 5118 A.
677 5093 716 5134 .···
735 5063 843 5130 uulneri
861 5061 976 5134 pluralis
995 5064 1032 5121 V.
1052 5064 1089 5132 ⁸⁰)
1107 5059 1138 5118 id
1157 5071 1200 5118 eat
1218 5065 1250 5118 B.
1271 5063 1306 5118 V,
1326 5085 1362 5115 =
1379 5065 1416 5116 A.

446 5170 477 5240 a)
505 5166 581 5237 Virg.
600 5169 668 5222 Asu.
688 5167 709 5218 l.
728 5171 791 5228 459.
811 5169 840 5236 ὁ)
860 5167 936 5236 Virg.
956 5169 1023 5222 den.
1044 5167 1066 5221 1.
1085 5172 1147 5228 ott.
