4032 6070
567 570 1126 628 rnosrsnsntnoa.
1515 569 1581 640 εει

129 719 310 794 dumtaxat,
333 736 422 804 quae
444 715 596 783 ablativo
627 739 709 783 casu
738 719 874 784 numeri
897 719 1081 804 singularis
1110 717 1160 784 ·Ε·
1183 719 1298 783 littera
1320 715 1491 803 producta
1514 725 1582 777 ter-

129 821 310 898 minantur,
340 822 426 884 hacc
453 821 490 883 in
516 822 732 886 nominativo
756 841 838 886 casu
859 823 997 886 numeri
1019 822 1205 906 singularis
1233 841 1303 884 una
1325 821 1389 882 ltsc
1410 811 1449 899 ἱ”)
1473 816 1584 880 dorosa

129 921 327 984 deliniuntur
346 935 480 986 tantum
504 921 601 986 ·1Es·
617 921 672 1005 ⁴²),
697 935 734 988 ut
756 938 855 1010 puta:
880 923 930 988 ab
952 924 1027 989 hac
1049 925 1210 1010 specie,
1233 924 1337 986 haec
1361 919 1525 1006 specics
1540 911 1585 1000 ⁴³)

130 1037 155 1087 et
174 1025 215 1087 ad
237 1026 304 1088 boc
328 1023 529 1110 exemplum
553 1023 791 1090 declinantur:

199 1123 345 1188 Numeri
368 1125 567 1210 singularis:
591 1127 694 1191 haec
716 1128 896 1213 specics,
919 1129 1043 1192 huius
1066 1127 1247 1214 speciei,
1277 1126 1376 1189 huic
1398 1122 1584 1209 speciei,

131 1230 226 1290 lanc
250 1227 459 1312 speciem,
483 1247 505 1290 o
527 1229 712 1312 species,
743 1229 791 1293 ab
814 1233 892 1294 hac
915 1231 1076 1315 specie:
1109 1243 1142 1293 et
1165 1225 1361 1313 pluraliter:
1390 1227 1471 1289 hae
1494 1245 1585 1310 spc-

130 1329 217 1404 cies,
241 1329 385 1392 barum
408 1329 669 1414 specierum,
693 1332 758 1397 bis
780 1332 1025 1419 speciebus,
1049 1333 1124 1396 lias
1146 1329 1329 1416 species,
1358 1347 1379 1393 o
1403 1325 1585 1412 species,

130 1430 167 1494 ab
186 1431 248 1494 bis
272 1429 510 1516 speciebus.
1557 1433 1562 1444 ’

200 1532 260 1597 Sic
282 1543 317 1596 et
338 1531 405 1597 alia
428 1533 565 1617 generis
587 1533 747 1598 feminini
769 1537 932 1613 nomina,
966 1555 1055 1622 quae
1078 1533 1229 1599 ablativo
1252 1551 1334 1597 casu
1356 1529 1493 1595 numeri
1507 1529 1586 1592 sin·

130 1635 243 1719 gularis
268 1635 319 1698 ·Ε·
341 1633 456 1697 littera
477 1634 649 1721 producta
671 1638 912 1716 terminantur,
937 1659 977 1702 ea
990 1629 1034 1721 ⁴²)
1056 1637 1099 1701 ad
1112 1635 1312 1722 exemplum
1336 1632 1501 1718 speciei
1521 1649 1586 1718 per
1595 1605 1692 1686 '1²⁰¹‘

131 1755 237 1800 omnes
252 1727 297 1818 ⁴⁵)
321 1755 420 1800 casus
442 1735 671 1804 declinantur.

198 1841 273 1906 249.
296 1837 428 1902 *Nunc
449 1837 486 1902 in
513 1841 579 1904 bac
602 1841 801 1926 supradicta
823 1840 952 1916 forma,
976 1860 1045 1926 qua
1067 1840 1220 1904 diximus
1243 1838 1394 1903 ablativo
1417 1857 1499 1901 casu
1520 1818 1694 1898 nu-⁸·''·'·

1619 1897 1625 1912 ¹
1651 1895 1679 1928 ,1.

130 1941 203 2006 meri
233 1940 419 2024 singularis
448 1941 591 2004 nomina
623 1941 674 2005 ·Ε·
703 1943 819 2008 littera
852 1943 1023 2030 producta
1058 1942 1255 2017 terminari,
1291 1944 1359 2004 hcc
1391 1957 1585 2014 monemus,
1611 1878 1650 1928 ‘⁰¹

131 2041 210 2126 quod
238 2044 324 2105 haec
354 2043 420 2106 tria
448 2043 607 2120 nomina,
631 2043 757 2123 idest,
788 2039 930 2128 rosffi),
954 2065 1068 2130 spes,
1093 2042 1219 2120 fides,
1242 2064 1307 2128 per
1328 2042 1464 2128 aliquos
1488 2059 1585 2105 casus

131 2143 273 2208 anomale
295 2145 514 2228 reperiantur
526 2143 706 2221 declinari,
730 2160 764 2210 et
787 2147 866 2210 ideo
889 2145 1078 2210 eorundem
1097 2145 1364 2210 declinationem
1384 2143 1585 2218 subicimus,

130 2267 189 2331 quo
210 2245 445 2322 dinoscantur,
469 2245 595 2331 quibus
619 2247 755 2313 casibus
777 2247 936 2313 anomale
958 2247 1196 2312 declinantur:

201 2347 345 2412 Numeri
368 2347 569 2432 singularis:
601 2349 705 2413 ltaec
737 2370 820 2428 res,
851 2350 981 2416 huius
1010 2350 1089 2427 rei,
1117 2350 1217 2414 huic
1245 2349 1324 2426 rei,
1353 2350 1461 2413 itanc
1483 2365 1585 2422 rem,

132 2469 247 2524 ores,
270 2449 320 2512 ab
343 2449 419 2514 hac
441 2469 500 2525 re;
523 2463 558 2512 st
579 2449 774 2534 pluraliter:
798 2455 872 2516 luae
895 2473 978 2528 res,
1002 2454 1151 2516 lterum
1174 2470 1337 2526 rerum,
1361 2451 1426 2514 luis
1450 2447 1586 2522 robus,

133 2553 195 2614 luas
215 2571 295 2628 res,
320 2571 341 2614 o
365 2571 451 2626 res,
475 2548 526 2614 ab
549 2551 615 2614 his
639 2550 777 2620 reb'us.

203 2655 274 2720 250.
299 2652 360 2716 Sic
382 2663 416 2716 et
439 2673 533 2738 spes
563 2667 597 2717 et
620 2652 748 2731 iides3
776 2657 838 2720 sed
860 2677 957 2742 spes
980 2676 1000 2721 a
1022 2655 1185 2742 genetivo
1209 2675 1290 2718 casu
1313 2653 1450 2716 numeri
1471 2651 1589 2738 plura·

131 2754 167 2817 lis
187 2754 389 2830 abstinetur:
413 2754 523 2820 iides
545 2776 629 2820 vero
644 2756 823 2842 pluralem
845 2779 1030 2822 numerum
1053 2758 1165 2822 iacere
1188 2755 1403 2842 prohibetur.

202 2855 267 2920 Sed
291 2877 359 2940 qua
382 2855 426 2920 de
450 2877 553 2920 causa
567 2849 610 2941 67)
633 2879 730 2944 spes
753 2861 916 2944 genetivo
930 2851 975 2943 ⁴⁸)
991 2881 1072 2924 casu
1091 2859 1226 2922 numeri
1250 2856 1394 2942 pluralis
1417 2853 1589 2918 abstinea-

133 2949 256 3040 turil),
289 2971 325 3022 et
346 2957 457 3022 lidos
477 2953 521 3041 ⁵⁰)
544 2979 728 3024 numerum
751 2961 922 3048 pluralem
946 2953 989 3044 61)
1013 2961 1123 3025 iacere
1145 2959 1374 3046 prohibeatur
1392 2949 1450 3036 ⁵²),
1474 2955 1529 3019 vel
1545 2950 1588 3037 ⁵³)
1641 2961 1648 2978 ’

136 3079 188 3142 per
210 3059 465 3146 suprascriptos
486 3053 531 3144 5ὅ)
560 3081 658 3126 casus
689 3064 889 3148 supradicta
919 3065 985 3128 tria
1008 3064 1150 3126 nomina
1173 3060 1332 3126 anomale
1355 3059 1587 3131 declinentur,

133 3151 238 3244 huc⁵³)
260 3161 296 3224 in
319 3161 414 3225 sonis
438 3181 517 3226 cum
541 3162 681 3244 syllabis
704 3179 943 3250 competenter
965 3163 1188 3228 tractabimus
1202 3155 1256 3246 ⁵⁴⁵).

200 3266 272 3328 251.
301 3263 405 3326 Nunc
428 3264 465 3326 in
495 3265 559 3328 hac
582 3265 781 3352 supradicta
804 3265 914 3330 forma
938 3268 1135 3351 quaeritur,
1169 3285 1247 3329 cum
1271 3266 1356 3325 haec
1379 3261 1445 3326 tria
1467 3281 1589 3347 supra-

134 3362 244 3448 scsipta
265 3355 308 3446 6ἲ)
339 3364 484 3429 nomina
511 3366 547 3428 in
575 3367 738 3450 genetivo
767 3381 802 3432 et
831 3369 948 3432 dativo
973 3389 1054 3433 casu
1077 3367 1213 3432 numeri
1236 3363 1442 3450 singularis,
1471 3363 1529 3428 vel
1550 3363 1587 3426 in

135 3465 290 3545 genetivo,
315 3466 432 3531 dativo
464 3479 498 3530 ct
529 3466 681 3531 ablativo
704 3489 785 3533 casu
804 3461 847 3551 ⁵⁸)
883 3471 1020 3534 numeri
1042 3469 1187 3556 pluralis
1209 3487 1282 3532 non
1305 3467 1524 3530 declinentur
1545 3465 1589 3530 ad

136 3564 262 3630 iormam
285 3569 451 3654 speciei
462 3563 517 3650 ⁵⁹),
533 3569 656 3654 quade
671 3591 772 3635 causa
787 3567 821 3636 'et
834 3567 878 3655 ⁰⁰)
891 3572 1012 3636 iisdem
1027 3570 1161 3636 casibus
1175 3589 1247 3634 noo
1257 3569 1418 3633 dicautur
1431 3566 1589 3632 anomale

133 3663 305 3732 declinari?
327 3670 393 3734 hac
416 3671 458 3736 du
480 3691 598 3750 causa,
621 3675 787 3758 quoniam
806 3693 1046 3760 quaecumque
1060 3673 1204 3737 nomina
1220 3671 1263 3736 ab
1278 3671 1328 3734 ·E·
1341 3669 1512 3755 producto
1528 3688 1589 3732 ue-

133 3767 194 3830 nire
220 3772 458 3856 reperiuntur,
489 3774 574 3837 baec
605 3795 650 3838 cx
681 3775 805 3838 iisdem
834 3776 1041 3860 supradictis
1072 3773 1207 3839 casibus
1243 3773 1400 3836 ultimam
1437 3770 1588 3834 litteram

134 3867 179 3930 rel
198 3871 360 3952 syllabam
385 3875 552 3938 omittunt
567 3866 610 3955 61)
635 3891 668 3940 et
684 3876 873 3940 ablativum
890 3897 1006 3940 casum
1030 3877 1166 3939 numeri
1189 3875 1373 3958 singularis
1390 3871 1588 3936 ostendunt.

133 3967 219 4036 Nunc
245 3994 324 4038 cum
354 3987 388 4038 et
409 3968 452 4058 6·)
481 3977 567 4041 haec
597 3977 795 4063 supradicta
817 3979 960 4042 nomina
990 3999 1035 4042 ex
1057 3977 1266 4063 supradictis
1290 3975 1425 4039 casibus
1448 3975 1515 4038 boc
1540 3973 1589 4036 ia-

136 4089 199 4134 cere
221 4075 437 4160 reperiantur
458 4089 492 4140 et
514 4077 593 4142 ideo
617 4071 709 4161 iu⁶³)
732 4079 856 4143 iisdem
880 4080 1016 4144 casibus
1039 4079 1237 4164 analogice,
1261 4097 1332 4142 non
1355 4076 1515 4140 anomale
1529 4075 1588 4140 dc·

137 4169 290 4239 clinantnr
304 4169 360 4258 ⁰³).

170 4423 202 4497 ⁸¹)
224 4425 273 4480 ¹³⁸⁰
292 4431 330 4486 V.
345 4430 374 4485 A
400 4463 435 4476 -
459 4431 527 4486 baec
545 4434 578 4491 B.
607 4437 643 4506 “l
662 4446 768 4492 tantum
786 4438 864 4494 ¹1ES·
883 4440 916 4492 B.
929 4439 965 4496 V·
976 4439 1051 4492 P.=
1064 4439 1113 4492 A.
1130 4438 1167 4509 ⁴³)
1186 4434 1253 4490 liaeo
1272 4435 1381 4506 species
1400 4436 1436 4491 V.
1451 4434 1488 4488 A.
1508 4456 1544 4484 =
1556 4434 1588 4486 B.

225 4517 259 4588 ⁴⁸)
278 4536 308 4570 sa
330 4519 365 4573 V.
381 4520 418 4574 A.
436 4544 472 4570 =
489 4523 521 4576 B.
543 4524 578 4594 ⁴⁵)
598 4543 693 4576 omnes
713 4527 749 4579 V.
762 4525 800 4579 A.
821 4555 853 4568 -
874 4526 962 4579 omnis
981 4527 1014 4579 tt.
1041 4527 1077 4597 ⁴⁶)
1096 4523 1128 4578 id
1147 4535 1191 4578 eat
1208 4541 1252 4576 res
1271 4525 1304 4576 Β.
1323 4524 1358 4579 V.
1376 4524 1403 4575 P
1426 4521 1588 4593 -species

227 4605 259 4656 A·
279 4607 314 4674 ⁴⁷)
335 4625 389 4680 qua
407 4605 442 4660 ds
461 4627 541 4662 cansa
559 4613 591 4664 Β.
607 4612 684 4666 V.t².
700 4635 739 4662 ιε
756 4614 793 4667 A.
813 4614 850 4683 ⁴⁸)
870 4613 990 4684 genitivo
1009 4614 1046 4669 Β.
1056 4615 1093 4668 V.
1112 4643 1147 4656 ·-
1166 4633 1180 4664 a
1199 4611 1320 4684 genitivo
1339 4611 1376 4664 A.
1397 4612 1434 4681 ⁴⁹)
1449 4606 1587 4661 abstines-

227 4698 268 4744 tut·
284 4693 317 4748 B.
336 4694 372 4747 A.
399 4725 434 4740 ·-
459 4694 613 4752 abstinetur
633 4699 668 4753 V.
696 4701 730 4772 ⁵⁰)
751 4709 780 4754 et
797 4699 866 4753 fidus
884 4702 916 4754 B.
935 4701 971 4754 A.
990 4731 1026 4746 -
1044 4699 1113 4753 lidos
1132 4719 1196 4752 reru
1216 4701 1250 4754 V.
1280 4701 1315 4767 ⁸¹)
1335 4715 1476 4751 numerum
1494 4693 1586 4766 plura·

227 4775 279 4830 lena
295 4782 328 4835 B.
344 4782 381 4836 A.
400 4815 436 4826 -
453 4781 587 4856 pluralem
604 4803 746 4840 nutncrtum
766 4790 802 4844 V.
830 4789 869 4858 ⁵¹)
890 4785 1070 4859 prohibeatur
1088 4790 1118 4841 Β.
1132 4789 1168 4842 A.
1188 4819 1224 4830 —
1241 4782 1405 4858 prohibetur
1425 4786 1461 4841 V.
1488 4787 1525 4855 ⁵³)
1542 4783 1586 4839 uel

227 4867 255 4920 Β.
273 4869 308 4922 V.
328 4899 361 4914 -
381 4879 413 4923 ut
429 4871 466 4925 A.
494 4874 530 4945 ⁵⁴)
549 4876 752 4946 suprascriptos
772 4877 808 4931 V.
826 4906 863 4918 -
880 4873 1086 4948 suprascriptus
1110 4877 1144 4929 B.
1163 4905 1199 4918 -·
1215 4869 1392 4946 supradictos
1409 4873 1447 4928 A.
1476 4875 1513 4947 ⁵⁵)
1532 4870 1595 4925 boc

227 4955 256 5008 B.
272 4957 307 5010 V.
326 4955 449 5012 -baec
466 4962 503 5014 A.
522 4963 560 5033 ³⁸)
581 4961 756 5017 uscubimus
776 4966 812 5020 V.
830 4966 867 5018 A.
887 4995 922 5008 -
941 4962 1114 5016 tractavimus
1132 4964 1163 5018 B.
1186 4963 1222 5032 ⁵⁷)
1241 4961 1429 5034 suprascripta
1446 4961 1480 5016 B.
1497 4962 1533 5016 A.
1551 4992 1586 5005 -

226 5041 381 5114 supradicta
408 5047 444 5102 V.
473 5049 508 5120 ⁵¹)
534 5046 626 5104 dative
653 5060 685 5126 ‘b
706 5049 825 5106 ablativo
845 5070 910 5106 casu
928 5054 960 5106 Β.
981 5053 1016 5107 V.
1037 5079 1067 5094 ··
1090 5061 1118 5106 et
1142 5049 1234 5104 dativo
1253 5049 1290 5103 A.
1319 5051 1355 5121 ⁵⁹)
1374 5049 1480 5123 speciei
1497 5051 1528 5106 tt.
1549 5051 1585 5106 V.

226 5129 254 5180 P·
271 5153 306 5180 =
324 5133 480 5204 specierum
495 5137 532 5191 A.
552 5140 590 5210 ⁸⁰)
609 5146 638 5190 et
656 5139 687 5192 Β.
709 5139 745 5193 V.
764 5163 800 5191 =
818 5141 854 5195 A.
875 5139 911 5208 θ’)
931 5138 1065 5196 omittunt
1081 5141 1114 5194 Β.
1136 5141 1172 5195 V.
1193 5140 1222 5192 Ρ.
1242 5167 1277 5180 -
1296 5138 1428 5192 emittunt
1446 5139 1481 5193 A.
1501 5140 1540 5211 ω)
1559 5148 1588 5193 et

226 5215 255 5266 Β.
275 5219 309 5272 V.
329 5241 364 5271 =
383 5220 418 5274 A.
439 5225 475 5293 ω)
493 5223 523 5276 iu
542 5226 574 5278 B.
587 5227 622 5282 V.
642 5248 678 5276 =
696 5227 731 5280 A.
752 5229 788 5300 ω)
808 5226 983 5284 declinantur
1002 5229 1034 5286 V
1032 5267 1038 5282 .
1050 5229 1089 5284 A.
1108 5263 1143 5278 --
1163 5225 1339 5284 declinentur
1357 5228 1388 5281 Β.
