4032 6070
381 535 449 605 m
839 535 1399 594 suostansntuos.

379 681 532 746 diximus
555 684 592 747 io
613 684 765 770 positivo
787 683 898 769 gradu
920 686 1136 750 nominativo
1151 705 1232 752 casn
1255 685 1393 750 numeri
1415 683 1600 770 singularis
1618 682 1765 748 uomina
1786 679 1855 744 db·

377 784 502 848 litteris
532 785 684 864 deliniri,
713 787 809 876 quod
839 805 885 852 cx
914 807 955 852 ea
978 788 1090 853 torma
1117 791 1325 876 plusquam
1349 799 1481 874 septem
1510 785 1656 852 nomina
1676 801 1749 848 non
1771 803 1853 870 pos-

378 885 448 950 sint
466 879 509 969 ²¹⁵)
533 887 702 954 exbiberi.
1677 913 1680 920 ¹
1769 955 1772 964 ,

462 989 517 1054 De
540 989 652 1055 torma
674 991 812 1076 generis
842 995 1038 1058 communis
1061 1015 1131 1079 qna
1157 995 1194 1058 in
1216 991 1369 1080 positivo
1392 989 1504 1076 gradu
1530 987 1748 1053 nominativo
1771 1007 1851 1052 casn

377 1091 514 1154 numeri
537 1094 722 1178 singularis
736 1093 880 1158 nomina
894 1095 961 1160 ·lL·
978 1098 1020 1178 ¹⁷)
1042 1095 1167 1160 litteris
1189 1095 1341 1170 definita,
1361 1090 1658 1178 quemadmodum
1680 1110 1728 1154 ex
1749 1111 1787 1154 ae
1803 1089 1851 1154 ia-

377 1191 470 1255 ciant
497 1197 753 1281 comparativus
782 1197 926 1280 gradus,
954 1218 1020 1262 nec
1047 1216 1118 1262 non
1142 1210 1176 1261 et
1197 1192 1241 1280 ¹¹)
1264 1197 1355 1260 intra
1378 1207 1546 1281 qnantum
1568 1211 1754 1258 numerum
1777 1211 1851 1256 esse

376 1294 610 1378 reperiantur,
635 1309 802 1382 quantum
826 1299 915 1362 ratio
936 1298 1105 1385 poscebat
1126 1299 1359 1364 tractavimus.

465 1400 535 1462 125.
558 1397 623 1462 DE
649 1398 725 1464 ·lS·.
749 1399 1001 1487 Quaecumque
1023 1403 1168 1466 nomina
1189 1401 1327 1486 generis
1351 1399 1486 1463 scilicet
1507 1395 1703 1462 communis
1725 1395 1761 1458 in
1785 1415 1852 1480 po-

375 1495 478 1560 sitivo
508 1499 617 1582 gradu
645 1501 861 1567 nominativo
891 1522 972 1567 casn
1002 1503 1138 1568 numeri
1168 1499 1353 1588 singularia
1383 1499 1447 1564 15·
1470 1499 1596 1564 litteris
1622 1497 1848 1573 definiuntur,

375 1597 406 1660 si
428 1603 684 1684 comparativus
706 1603 834 1688 gradus
857 1623 903 1668 ex
926 1627 961 1668 se
984 1605 1098 1670 lacere
1119 1617 1277 1691 possunt,
1300 1606 1387 1668 baec
1409 1603 1446 1666 in
1468 1601 1587 1666 dativo
1609 1619 1691 1664 casu
1710 1601 1851 1664 numeri

246 1719 253 1724 ·
375 1699 560 1784 singularis
584 1701 675 1768 ·Oll·
707 1703 874 1786 syllabam
904 1707 1082 1794 accipiunt
1105 1719 1138 1771 et
1161 1706 1436 1793 comparativum
1467 1703 1614 1789 gradum
1635 1703 1772 1786 generis
1795 1703 1851 1766 sui

375 1801 572 1870 ostendunt.
605 1805 746 1872 Scilicet
776 1809 944 1892 quonism
973 1811 1185 1896 quicumque
1217 1806 1447 1894 comparativi
1475 1804 1604 1890 gradus
1631 1803 1849 1870 nominativo

375 1923 457 1968 casu
480 1909 616 1970 numeri
639 1909 824 1994 singularis
848 1908 956 1975 1011·
985 1912 1109 1976 litteris
1132 1911 1344 1977 definiuntur
1365 1921 1400 1972 et
1430 1927 1502 1972 non
1525 1925 1572 1970 ex
1592 1904 1660 1970 itta·
1673 1905 1850 1991 positione

263 2005 295 2056 V·
313 2004 361 2066 ²⁷<l
377 2005 525 2084 iormae,
555 2027 624 2094 qna
646 2012 689 2093 Ι1)
720 2029 914 2095 exgenere
937 2015 1128 2078 masculino
1153 2013 1368 2078 nominativo
1393 2029 1474 2076 casn
1502 2009 1640 2072 numeri
1663 2003 1849 2089 singularis

375 2107 460 2172 ·Ell·
482 2107 606 2176 litteris
629 2111 840 2176 deliniuntur
861 2115 1020 2191 nomina,
1041 2117 1161 2179 venire
1185 2115 1448 2200 intellegunturs
1478 2112 1564 2174 baec
1591 2107 1730 2194 generis
1752 2125 1851 2172 ccm-

373 2210 489 2274 muuis
511 2233 585 2276 esse
596 2215 828 2299 reperiuntur,
851 2229 1004 2304 utputa:
1028 2218 1097 2282 bio
1120 2229 1155 2281 et
1175 2221 1278 2282 baec
1301 2215 1442 2292 fortis,
1465 2213 1563 2278 bnic
1584 2211 1698 2288 lorti,
1721 2203 1849 2290 bic³⁹)

374 2312 534 2377 ethaeo
558 2314 718 2380 tortior
740 2316 851 2382 lacere
875 2316 1034 2384 debeant.

461 2410 532 2480 tuo.
562 2416 666 2480 Nunc
694 2419 779 2482 baec
808 2417 929 2483 eadem
959 2421 1150 2508 supradicti
1178 2421 1316 2506 generis
1338 2420 1498 2494 nomina,
1521 2437 1611 2503 qnae
1633 2414 1789 2480 diximus
1811 2413 1858 2476 in·

371 2515 571 2600 supradicto
594 2517 706 2601 gradu
727 2519 946 2586 nominativo
969 2543 1050 2588 casn
1072 2524 1209 2588 numeri
1228 2522 1413 2609 singularis
1436 2519 1636 2605 supradicta
1657 2517 1770 2582 torma
1786 2513 1850 2579 de-

370 2614 478 2691 liniri,
509 2617 546 2680 in
573 2617 690 2684 dativo
719 2639 800 2686 casu
827 2625 964 2688 numeri
994 2625 1179 2710 singularis
1208 2626 1288 2691 ·Us·
1315 2623 1483 2708 syllabam
1513 2619 1690 2705 accipiunt
1718 2629 1752 2682 et
1773 2635 1848 2680 non

371 2727 505 2782 tantum
543 2725 818 2808 comparativum
851 2725 996 2810 gradum
1030 2728 1167 2810 generis
1203 2728 1334 2803 neutri,
1369 2725 1431 2790 sed
1462 2725 1566 2788 etiam
1598 2718 1847 2786 adverbiorum

370 2839 444 2883 esse
464 2813 505 2900 ³¹)
536 2823 734 2914 ostendunt.
766 2825 909 2892 Scilicet
938 2828 1101 2914 quonism
1135 2829 1348 2914 quicumque
1379 2825 1609 2914 comparativi
1630 2821 1759 2909 gradus
1781 2839 1850 2884 no·

369 2921 538 2989 minativo
568 2942 651 2990 casu
678 2929 815 2992 numeri
843 2930 1028 3015 singularis
1057 2929 1156 2995 ·lUS·
1185 2931 1309 2996 litteris
1338 2931 1524 3006 liniuntur,
1555 2927 1593 2990 bi
1613 2945 1686 2990 non
1708 2935 1845 2988 tantum

367 3025 506 3110 generis
537 3029 653 3092 neutri
681 3029 742 3094 se'd
772 3042 806 3094 et
823 3023 866 3114 ³²)
893 3033 1138 3098 adierbiorum
1168 3053 1241 3097 esse
1265 3033 1502 3118 reperiuntur,
1533 3037 1694 3113 utputa:
1717 3025 1789 3089 bic
1811 3035 1849 3088 et

367 3127 471 3191 baec
493 3128 642 3208 tortis,
665 3131 764 3196 lanio
786 3130 911 3210 lorti,
935 3134 1091 3201 lortius
1113 3135 1252 3221 utrique
1269 3133 1489 3220 respondeat.
1512 3130 1582 3197 Sed
1598 3127 1739 3216 quando
1763 3125 1846 3190 ior-

367 3229 452 3292 tins
475 3233 595 3314 generi
617 3247 742 3298 neutro
764 3233 820 3300 vel
842 3237 986 3321 quando
1006 3235 1172 3302 adverbio
1196 3237 1233 3300 in
1256 3235 1518 3322 comparatione
1549 3229 1776 3318 respondeat,
1806 3228 1845 3292 in

367 3332 606 3418 superioribus
629 3334 696 3398 ism
721 3337 803 3402 satis
826 3338 1052 3404 ostendimus.
1828 3409 1830 3414 .

451 3433 542 3500 Sane
569 3435 605 3500 in
635 3438 701 3501 bac
728 3437 839 3504 torma
867 3460 936 3526 qus
959 3441 1111 3505 diximus
1134 3439 1272 3526 generis
1302 3438 1498 3504 commonia
1518 3437 1664 3502 uomina
1685 3435 1723 3500 iu
1743 3433 1843 3520 posi-

365 3537 437 3600 tivo
464 3539 575 3622 gradu
605 3539 820 3606 nominativo
850 3563 932 3608 casu
966 3545 1103 3607 numeri
1132 3543 1317 3627 singularis
1347 3540 1412 3606 15·
1431 3539 1566 3604 litteris
1593 3537 1748 3612 definiri,
1772 3536 1842 3598 laoc

364 3657 557 3718 monemus,
582 3641 679 3726 quod
701 3643 768 3706 boc
789 3661 899 3708 unum
922 3664 1052 3709 nomen
1074 3646 1277 3732 reperiatur,
1301 3643 1398 3730 qnod
1420 3643 1457 3706 iu
1472 3640 1709 3728 comperativo
1727 3637 1841 3722 mado

364 3751 433 3804 tam
457 3761 584 3826 genere
606 3761 669 3806 auo
684 3735 744 3825 ³¹),
768 3765 872 3830 qnam
895 3759 1037 3824 neutro,
1061 3765 1125 3812 neo
1147 3766 1220 3811 non
1242 3745 1425 3822 adverbio,
1447 3757 1593 3832 propter
1615 3761 1740 3808 sonum
1766 3760 1842 3804 tne-

362 3843 424 3919 tri,
448 3845 503 3908 vel
527 3857 730 3922 structurae,
753 3867 817 3933 per
832 3842 876 3930 ³⁴)
899 3849 1175 3913 immutationem
1197 3849 1390 3914 anomaliae
1414 3847 1465 3912 sic
1487 3845 1612 3911 debeat
1628 3843 1840 3929 comparari,

362 3943 484 4020 idest,
508 3947 693 4024 iuvenis3
718 3947 798 4012 lacit
821 3951 914 4014 enim
938 3951 1174 4038 comparativo
1197 3951 1307 4036 gradu
1329 3947 1466 4035 generis
1484 3949 1618 4014 scilicet
1640 3947 1841 4013 communis

362 4045 526 4123 iunior,
549 4049 664 4112 nentri
687 4063 802 4114 autem
825 4052 897 4116 sive
919 4051 1076 4116 adverbii
1095 4047 1139 4136 ³⁵)
1162 4053 1326 4129 iunium
1348 4065 1479 4117 atvero
1495 4051 1742 4137 superlativum
1757 4069 1841 4133 gra-

362 4147 445 4212 dnm
464 4149 582 4214 lacere
604 4151 820 4237 prohibetur.
844 4153 913 4219 Sed
936 4157 1004 4219 ltoc
1026 4173 1156 4218 nomen
1178 4154 1312 4241 quade
1335 4174 1437 4220 causa
1459 4155 1496 4218 in
1511 4153 1713 4240 supradicto
1723 4151 1841 4236 gradu

361 4249 523 4314 anomale
544 4271 609 4337 per
630 4253 907 4320 immutationem
932 4269 1154 4361 cqmparetur
1178 4251 1238 4340 ³⁶),
1264 4257 1320 4320 vel
1342 4256 1592 4344 superlativum
1614 4255 1764 4340 gradum
1787 4253 1836 4316 la·

362 4368 442 4416 cere
463 4353 708 4438 prohibeatur,
738 4369 823 4424 tnnc
845 4370 1085 4447 competenter
1106 4359 1347 4436 tractabimus,
1376 4379 1455 4424 cum
1478 4360 1525 4425 ad
1545 4360 1621 4446 ipsa
1641 4367 1754 4420 metra
1776 4375 1838 4420 ve-

359 4445 564 4541 mmm&
1323 4524 1328 4533 ,

449 4563 518 4626 127.
541 4561 645 4626 Nunc
666 4560 753 4624 baec
775 4562 896 4628 eadem
917 4563 1063 4627 nomina
1084 4563 1222 4648 generis
1244 4563 1378 4628 scilicet
1400 4564 1606 4640 communis,
1630 4581 1719 4648 qnae
1741 4560 1836 4643 dixi·

342 4679 436 4726 ,mus
459 4663 494 4726 iu
517 4665 669 4750 positivo
694 4663 804 4750 gradu
825 4665 1043 4730 nominativo
1067 4685 1149 4730 casu
1170 4667 1307 4731 numeri
1330 4665 1515 4752 singularis
1538 4665 1603 4730 ·lS·
1626 4661 1748 4730 litteris
1772 4661 1835 4728 de·

402 4943 441 5017 ¹‘>
460 4945 569 5016 possint
586 4949 623 5002 V.
636 4979 670 4990 -
687 4959 806 5020 possunt
820 4953 858 5007 A.
878 4957 914 5022 ³⁷)
934 4951 991 5004 ·1L·
1012 4953 1048 5006 V.
1068 4983 1103 4993 --
1122 4951 1178 5006 18·
1196 4951 1233 5010 A.
1254 4953 1290 5023 ¹⁸)
1309 4958 1337 5003 ct
1357 4951 1391 5004 V.
1406 4975 1442 5002 =
1452 4952 1487 5007 A.
1508 4955 1544 5020 ’1)
1557 4969 1609 5024 qus
1627 4953 1662 5008 V.
1673 4951 1828 5024 -qttwA-

465 5033 501 5101 ³⁰)
519 5029 565 5083 liic
582 5057 617 5083 =
634 5035 668 5088 V.
680 5036 716 5090 A.
737 5041 775 5114 ¹¹)
795 5057 855 5093 ssss
874 5041 909 5095 A.
922 5064 959 5091 =
974 5039 1010 5095 V.
1030 5041 1067 5108 ³¹)
1085 5049 1113 5093 et
1128 5039 1163 5092 V.
1180 5069 1216 5082 -
1231 5039 1313 5093 etiam
1332 5040 1367 5093 A.
1388 5043 1423 5107 ἰ)
1436 5049 1489 5092 taus
1505 5057 1605 5110 genere
1622 5054 1673 5092 suo
1692 5069 1726 5080 -
1737 5039 1829 5108 paneri

465 5136 515 5171 suo
536 5119 571 5172 V.
590 5121 625 5174 A.
646 5123 682 5194 ³⁴)
700 5141 751 5195 per
770 5127 806 5180 V.
822 5125 918 5180 -vel
938 5127 975 5181 A.
996 5129 1032 5197 ³⁵)
1051 5125 1108 5180 sive
1128 5123 1250 5181 adverbii
1270 5129 1306 5182 V.
1329 5159 1363 5170 -·
1381 5128 1422 5180 sic
1439 5129 1477 5183 A.
1498 5129 1534 5195 Ι1)
1555 5135 1729 5200 comparatur
1748 5127 1784 5182 V·
1796 5157 1829 5167 -

466 5207 680 5278 comparativum
698 5211 736 5266 A.
758 5217 793 5282 ³⁷)
812 5213 952 5268 veniemus
972 5215 1007 5271 V.
1018 5248 1053 5257 —
1072 5216 1225 5270 venetianus
1245 5217 1280 5270 A.
