4022 6068
555 511 735 566 vscenn
763 512 897 569 raom
923 513 979 568 ne
1005 513 1189 594 nonina.
1515 519 1587 588 ut

35 641 36 722 s
130 691 164 707 -
190 654 358 722 tremuit
385 653 462 720 sub
489 659 679 742 pondere
708 661 858 726 cumba
886 661 1042 726 Sutilis
1072 673 1113 724 et
1142 659 1310 726 multam
1334 663 1508 747 accepit
1531 663 1585 725 ri·-

35 773 36 784 ’
130 777 228 822 mosa
247 757 446 843 paludem
466 762 554 841 ⁶)-
577 775 610 826 et
633 762 831 838 masculini,
859 776 898 826 ut
920 761 1131 846 balteus‘)
1161 775 1260 826 et-
1282 784 1411 847 equus
1433 761 1583 826 Troia·

128 880 193 924 nus
213 860 355 925 sutilis
370 897 413 912 ·-
435 874 470 926 et
489 865 620 938 neutri,
644 875 683 928 ut
704 899 748 914 -
769 865 928 927 corium
951 866 1093 929 sutile.

201 965 249 1028 54.
272 963 364 1026 Duo
386 965 438 1028 sic
460 966 694 1040 declinantur,
718 979 757 1028 nt
779 966 920 1043 ambo;
945 967 1045 1040 duo,
1075 966 1271 1041 duorum,
1301 965 1478 1040 duobus,
1503 965 1583 1028 duo

129 1063 177 1128 vel
195 1063 308 1142 duos,
328 1066 420 1140 duo,
442 1087 464 1130 a
486 1067 666 1142 duobus;
689 1068 771 1131 item
795 1068 933 1145 ambo,
957 1067 1188 1152 amborum,
1212 1067 1427 1144 ambobus,
1450 1067 1583 1139 ambo,

129 1166 174 1229 vel
194 1165 356 1243 ambos,
380 1167 515 1244 ambo,
540 1168 588 1232 ab
612 1169 826 1233 ambobus.

201 1273 250 1333 55.
279 1268 529 1355 Quaecumque
557 1273 708 1343 nomina¹
728 1292 853 1355 graeca
883 1272 920 1334 in
951 1270 1033 1336 ·US·
1062 1284 1209 1347 exeunt,
1240 1273 1325 1336 baec
1359 1273 1519 1335 vocativo
1549 1272 1585 1334 in

131 1369 203 1432 ·EU·
224 1371 418 1446 mittuntur,
442 1385 481 1434 ut
502 1373 569 1438 hic
590 1373 763 1452 Atreus,
796 1393 817 1436 o
839 1373 988 1448 Atreu3
1011 1374 1081 1437 hic
1104 1372 1275 1449 Peleus,
1299 1393 1320 1437 o
1344 1372 1494 1449 Peleu;
1518 1374 1587 1436 hic

130 1471 293 1550 Nereus,
317 1492 339 1536 o
360 1473 510 1540 Nereu.

200 1575 251 1640 56.
275 1573 528 1662 Quaecumque
554 1575 647 1661 apud
672 1575 826 1640 Graecos
850 1576 967 1642 ·ttos·
991 1573 1122 1660 syllaba
1143 1575 1328 1652 liniuntur,
1360 1579 1389 1641 si
1412 1577 1448 1640 in
1465 1576 1586 1640 eadem

131 1675 245 1756 syllaba
274 1677 535 1740 antecedentem
566 1678 709 1741 alteram
738 1692 988 1743 consonantem
1018 1677 1219 1754 habuerint,
1243 1680 1335 1764 apud
1357 1699 1421 1742 nos
1444 1680 1480 1742 in
1503 1678 1587 1740 ·Elt·

133 1777 283 1858 syllabam
307 1779 464 1852 exibunt,
487 1793 527 1842 ut
548 1779 802 1856 Alcandros,
826 1780 1104 1855 limentinos,
1127 1780 1362 1858 Evandrus,
1386 1781 1588 1844 Teucros:

130 1879 348 1957 Alcander,
380 1881 627 1957 Menander,
657 1882 877 1959 Evander,
902 1882 1088 1958 Teucer;
1121 1882 1175 1945 siu
1198 1894 1312 1944 autem
1334 1903 1438 1946 unam
1464 1901 1590 1946 conso·

132 1994 256 2044 nantem
280 1983 319 2044 iu
342 1983 461 2045 eadem
486 1983 616 2064 syllaba
638 1983 838 2058 habuerint,
869 1984 963 2068 apud
984 2002 1048 2046 uos
1071 1984 1108 2046 in
1132 1981 1212 2046 ·US·
1235 1984 1402 2066 syllabam
1427 1999 1590 2047 cousum-

131 2082 318 2159 mabnntur,
346 2097 386 2148 ut
413 2085 633 2160 Homeros,
662 2086 883 2149 Homerus.
914 2084 991 2148 Erit
1019 2104 1102 2169 ergo
1132 2083 1371 2148 Menander
1392 2097 1430 2148 ut
1452 2085 1590 2148 Evau-

131 2185 199 2248 der.
221 2185 398 2269 Vergilius
413 2199 529 2250 autem
542 2201 691 2274 utroque
709 2189 818 2250 utitur
839 2224 881 2236 -
900 2185 1057 2264 Pallas,
1079 2187 1298 2272 Evander,
1314 2188 1357 2250 in
1379 2188 1489 2274 ipsis
1504 2188 1590 2269 ⁶)-

131 2298 160 2349 et
178 2288 223 2350 sic
244 2323 287 2335 -
309 2287 399 2350 Ilex
420 2288 641 2352 Evandrus
664 2291 722 2352 ait
741 2287 772 2372 d)
790 2325 831 2336 -
854 2289 991 2372 generis
1014 2289 1206 2353 masculini.

203 2391 253 2453 57.
284 2387 416 2452 Omnia
443 2391 586 2455 uomina
609 2392 746 2475 generis
770 2389 953 2454 masculini
974 2385 1225 2471 monosyllaba
1243 2390 1359 2454 dativo
1383 2401 1417 2453 et
1439 2387 1590 2454 ablativo

131 2487 243 2574 plurali
265 2491 303 2552 iu
326 2491 438 2554 ·BUS·
462 2491 627 2572 syllabam
651 2505 791 2566 exeunt,
817 2505 964 2577 excepto
987 2494 1071 2567 vir3
1095 2492 1177 2555 facit
1200 2493 1292 2555 enim
1314 2492 1434 2556 viris,

203 2595 253 2656 58.
276 2591 426 2656 Formae
450 2595 602 2658 casuales
625 2607 705 2657 sunt
726 2593 828 2658 nobis
850 2594 918 2658 vt:
943 2596 1095 2671 senaria,
1119 2594 1296 2678 quinaria,
1328 2593 1590 2678 quadripertita,

132 2692 309 2778 tripertita,
330 2693 514 2780 bipertita,
538 2697 689 2782 simplex
710 2696 766 2759 vel
787 2698 885 2760 unita
899 2699 945 2778 ‘).

203 2799 254 2862 59.
279 2796 422 2861 Senaria
445 2797 555 2862 forma
579 2810 647 2871 est,
672 2819 760 2881 quae
784 2819 904 2863 omues
928 2799 978 2862 Vl
1002 2818 1100 2864 casus
1123 2798 1160 2859 in
1176 2797 1467 2862 declinationibus
1489 2795 1595 2859 habet

132 2893 374 2974 dissentientes,
404 2910 442 2965 ut
474 2912 525 2962 est
552 2920 660 2963 uuus
689 2913 722 2963 et
752 2901 882 2976 solus3
912 2901 1060 2964 dicimus
1092 2900 1184 2962 enim
1215 2899 1286 2963 hic
1313 2919 1435 2972 unus,
1464 2897 1592 2961 huius

133 2997 262 3076 unius,
285 3000 382 3064 huic
405 3002 493 3078 uni,
518 2991 631 3065 hunc
653 3021 799 3082 unum„
823 3023 844 3066 o
867 3020 965 3079 unc,
988 3001 1036 3064 ab
1060 3003 1138 3063 hoo
1161 3020 1255 3065 uno.

204 3101 254 3166 66.
279 3099 448 3184 Quinaria
465 3103 577 3168 lorma
595 3116 656 3181 cst,
681 3104 822 3188 quando
845 3103 914 3166 duo
939 3123 1036 3165 casus
1059 3102 1189 3165 similes
1212 3115 1303 3177 sunt,
1326 3101 1362 3164 id
1385 3111 1436 3162 est
1458 3099 1593 3162 dativus

134 3211 162 3261 et
180 3199 357 3283 ablativus,
379 3215 419 3268 ut
441 3206 513 3270 hio
535 3208 709 3281 doctus,
733 3205 867 3282 docti,
892 3205 1036 3280 docto,
1058 3203 1252 3279 doctum,
1277 3203 1418 3276 docte,
1443 3199 1491 3264 ab
1514 3201 1593 3264 hoc

134 3297 260 3370 docto.
1055 3331 1057 3338 ·
1197 3369 1199 3376 t

206 3407 257 3471 61.
282 3407 544 3493 Quadripertita
572 3411 684 3476 forma
707 3421 774 3486 est,
806 3409 946 3494 quando
971 3408 1023 3471 tv
1045 3395 1295 3471 casus⁸similes
1318 3416 1409 3479 sunt,
1432 3401 1593 3466 nomina-

135 3503 211 3568 tivus
234 3520 269 3570 et
289 3512 470 3575 vocativus
488 3504 550 3594 ³⁵),
580 3514 760 3597 genetivus
784 3524 817 3574 et
840 3512 986 3586 dativus,
1009 3521 1154 3596 utres,
1177 3528 1274 3592 spes
1282 3531 1292 3583 ;
1323 3506 1470 3570 dicimus
1500 3505 1593 3568 enirn

133 3604 221 3671 haec
244 3629 331 3687 ros,
355 3634 452 3698 spes
474 3616 702 3690 nominativo,
727 3635 748 3678 o
771 3634 850 3689 res,
875 3633 972 3698 spes
994 3611 1172 3685 vocativo,
1196 3609 1358 3693 genetivo
1380 3607 1504 3670 huius
1520 3607 1593 3682 rei,

136 3712 218 3792 spei
244 3725 279 3780 et
309 3715 424 3779 dativo
454 3717 556 3780 huic
584 3718 667 3792 rei,
698 3717 810 3802 spei,
834 3716 917 3778 item
941 3717 1048 3778 hauc
1071 3733 1172 3788 rem,
1203 3731 1338 3798 spem;
1362 3708 1411 3772 ab
1434 3710 1509 3772 hac
1532 3728 1593 3785 re,

136 3827 212 3894 spe.

211 3915 260 3980 62.
284 3916 472 4004 Tripertita
498 3919 607 3984 forma
630 3933 692 3995 est,
716 3939 804 4004 quae
828 3919 864 3980 in
886 3917 1018 3981 neutris
1033 3912 1234 3979 nominibus
1256 3912 1442 3986 invenitur,
1467 3911 1503 3973 in
1517 3911 1595 3995 qui-

133 4008 194 4076 bus
215 4019 340 4083 similes
364 4033 444 4084 sunt
465 4023 718 4097 nominativus,
746 4021 975 4096 accusativus,
998 4019 1197 4090 vocativus,
1220 4025 1260 4077 ut
1283 4025 1333 4076 est
1356 4033 1594 4088 scamnum,

136 4117 348 4198 scrinium,
372 4121 507 4185 dativus
531 4135 564 4186 et
587 4122 755 4185 ablativus
781 4141 954 4185 scamno
979 4133 1012 4184 et
1035 4119 1084 4182 ab
1108 4121 1185 4181 hoc
1208 4135 1395 4179 scamno.

218 4221 461 4310 cunipertus
494 4224 603 4288 forma
632 4237 702 4303 est,
734 4246 822 4310 quae
851 4225 887 4286 in
915 4221 1116 4287 nominibus
1146 4219 1277 4283 neutris
1313 4217 1379 4279 ·U·'
1399 4216 1503 4298 sistitis
1533 4228 1594 4281 est.

133 4315 223 4382 Tum
242 4327 472 4390 nominativus
496 4340 529 4391 et
546 4328 761 4391 accusativus
786 4339 820 4389 et
839 4327 1019 4390 vocativus
1040 4324 1227 4399 sociantur,
1250 4332 1290 4384 ut
1310 4339 1430 4404 genu,
1455 4337 1594 4395 cornu,

127 4553 1593 4586 —---......-.........-....-........---———------

180 4721 213 4792 ³⁵)
236 4727 370 4782 routirut
387 4759 424 4772 -
441 4730 582 4784 vocativus
601 4739 630 4783 et
650 4727 772 4804 (5.1.τῷ
790 4739 818 4784 et
835 4735 934 4784 iterum
951 4731 1050 4784 deleto.

177 4895 207 4968 ‘l
232 4899 301 4973 Vtra·
326 4905 395 4958 Aen.
414 4905 461 4960 VI.
482 4911 545 4965 tls.
569 4903 618 4958 ubi
645 4923 719 4958 nunc
736 4904 837 4976 legitur
861 4909 972 4976 gemuit.
996 4904 1027 4974 5)
1054 4901 1130 4970 Virg.
1149 4900 1215 4950 Asu.
1234 4896 1295 4952 ΧΠ.
1321 4900 1383 4954 273.
1402 4901 1523 4958 „teritur
1540 4913 1596 4968 quta

238 4993 320 5044 rutilis
346 4995 410 5046 alvo
435 4995 576 5048 Balteur.“
601 4996 626 5066 c)
651 4995 728 5064 Virg.
755 4999 822 5046 Aen.
847 4994 881 5045 Χ.
896 4996 958 5049 515.
985 4989 1109 5058 dlvirg.
1129 4989 1195 5039 Aen.
1215 4985 1290 5038 Vlll.
1312 4989 1372 5042 185.
1397 4985 1425 5056 e)
1447 4986 1534 5049 uuita,
1555 4983 1596 5034 sic

240 5075 305 5131 cod.
325 5098 358 5133 cx
377 5099 428 5133 ent.
447 5100 490 5153 pr.
509 5100 545 5136 tn.
563 5101 615 5153 pro
635 5101 668 5134 eo
687 5080 763 5154 quod
782 5082 900 5154 primurn
918 5079 1067 5150 scripserat
1085 5081 1175 5130 urtica.
1207 5075 1295 5128 Unica
1312 5071 1414 5142 legitur
1432 5073 1461 5124 in
1480 5069 1595 5144 paralle-

240 5159 271 5216 lis
289 5165 407 5222 Charisii
427 5174 485 5230 124
507 5171 536 5224 P.
556 5178 583 5222 et
602 5167 748 5223 Diomedis
766 5169 869 5230 2861).
888 5167 968 5231 locis,
988 5167 1035 5238 qui
1054 5165 1165 5220 omnino
1184 5159 1345 5217 conserendi
1364 5169 1437 5214 suut.
