4042 6070
466 563 472 572 .
528 519 683 576 luebunt
701 521 848 578 nummu
867 523 1058 578 GRAMMAT.
1079 519 1350 577 umouuuruu.
1486 571 1488 580 .
1572 529 1615 592 81

230 673 283 736 25.
307 667 487 753 Quaedam
509 668 588 732 ficta
606 679 686 732 sunt
707 688 728 731 a
742 670 837 733 sonis
856 669 912 733 vel
930 691 949 732 a
967 669 1122 742 vocibus,
1145 681 1184 731 ut
1206 669 1394 743 stridor,
1419 671 1724 756 clangor-‚cunc

147 773 359 846 tinnitus,
384 771 588 854 mugitus,
612 769 824 845 ululatus,
849 772 1059 846 hinnitus,
1084 753 1295 832 mussitus.

232 875 285 940 26.
310 872 491 956 Quaedam
513 871 727 935 descendunt
751 871 793 935 ab
816 869 1000 948 adverbiis,
1023 885 1061 936 ut
1084 873 1331 945 hesternus,
1356 873 1727 948 hodiernus,ch.129.

146 975 383 1049 crastinus,
407 993 547 1046 serus,
571 974 748 1048 nimius,
773 974 890 1038 citus.

233 1081 286 1142 27.
309 1075 387 1138 alia
410 1074 641 1159 aparticipiis
655 1075 810 1158 figurata,
834 1087 872 1137 ut
893 1073 1188 1148 ludibundus,
1218 1073 1539 1150 laudabundus,
1563 1076 1728 1160 lacum,

148 1176 482 1248 crimabundus,
522 1175 872 1252 anhelabundus,
905 1175 1169 1240 furibundus
1194 1164 1254 1258 ⁴¹),
1287 1176 1461 1240 hiulcus
1483 1167 1526 1260 4·’)
1558 1178 1619 1262 qui

149 1281 256 1352 hiat,
280 1277 487 1364 petulcus
511 1278 571 1362 qui
594 1271 827 1364 petit⁴³)‘).

218 1383 271 1446 28.
284 1379 373 1444 Sunt
382 1379 484 1442 etiam
496 1399 583 1462 quae
595 1400 614 1442 a
624 1377 765 1444 Graecis
776 1372 1008 1461 summunt)
1018 1381 1190 1453 dicuntur,
1208 1399 1295 1464 quae
1306 1378 1570 1463 quibuscunque
1579 1369 1621 1462 ⁵⁵)
1633 1391 1729 1452 chun,

149 1481 309 1568 personis
320 1481 517 1544 adiciuntur
530 1471 692 1563 laudis⁴⁶)
706 1483 827 1566 gratia,
842 1481 999 1544 veluti-
1013 1482 1175 1543 Lausus
1189 1501 1339 1564 equum
1355 1482 1518 1544 domito
1529 1481 1624 1562 rb)-

150 1582 374 1668 vituperandi
396 1619 439 1634 --
456 1582 547 1667 ipse
570 1581 662 1646 doli
684 1582 926 1646 fabricator
947 1569 1087 1666 Epeos
1107 1583 1150 1663 ι).

237 1683 308 1747 Sed
325 1685 545 1747 haecomnia
562 1705 772 1769 quamquam
789 1685 920 1770 species
941 1697 1020 1746 sunt
1032 1684 1230 1758 nominum,
1255 1684 1410 1749 absolute
1426 1697 1541 1746 tamen
1559 1703 1623 1746 no-

151 1787 248 1850 mina
261 1786 437 1860 dicuntur,
461 1797 495 1848 et
512 1785 656 1870 singulis
674 1787 776 1851 rebus
790 1787 992 1873 personisve
1007 1785 1166 1869 apposita
1182 1782 1223 1866 q)
1240 1800 1329 1849 sunt.

242 1889 296 1954 99.
321 1887 410 1949 Sunt
428 1887 597 1971 quaedam
614 1890 767 1964 nomina,
787 1908 874 1973 quae
889 1907 953 1973 per
968 1907 1003 1949 se
1021 1887 1094 1948 siue
1110 1885 1249 1950 alterius
1260 1889 1367 1972 partis
1382 1887 1549 1950 orationis
1563 1887 1624 1950 ad·
1635 1893 1733 1956 cuns.

153 1987 323 2052 miniculo
345 1988 501 2070 intellegi
524 2008 597 2050 uon
615 2003 777 2074 possunt,
800 2001 839 2052 ut
860 2001 1006 2074 pater,
1032 1987 1178 2062 fratem
1206 1991 1379 2073 recipiunt
1397 1990 1489 2050 enim
1508 1988 1624 2052 sibiet

152 2089 212 2152 illa
229 2083 272 2170 4“)
297 2110 362 2174 per
385 2110 473 2174 quae
495 2089 762 2172 intelleguntur,
785 2103 982 2165 ulmeus,
1007 2103 1112 2153 tuus.
1142 2089 1236 2156 Haec
1262 2089 1404 2154 Graecis
1420 2098 1484 2152 run
1500 2095 1577 2168 πρός
1592 2113 1624 2151 τι

153 2189 386 2275 appellantur,
410 2191 511 2255 idest
528 2190 569 2253 ad
591 2190 734 2276 aliquid.

239 2296 292 2358 30.
318 2291 406 2356 Sunt
421 2305 455 2355 et
472 2290 598 2355 similia
614 2301 679 2355 τῶν
694 2295 771 2372 πρός
786 2318 816 2355 n
833 2277 959 2376 κῶςίθ)
977 2291 1103 2370 ἔχοντα,
1131 2290 1233 2354 idest
1249 2289 1293 2354 ad
1306 2290 1439 2376 aliquid
1455 2290 1625 2376 quodam·
1637 2297 1734 2358 etrus.

156 2395 262 2458 modo
280 2392 504 2466 attendentis,
526 2405 565 2455 ut
587 2393 824 2471 dexterior,
848 2391 1165 2474 sinisterior-³).

243 2497 296 2560 31.
319 2493 408 2558 Sunt
419 2495 588 2578 quaedam
603 2497 815 2583 homonyma
825 2490 879 2579 ⁵⁰),
899 2517 987 2580 quae
1001 2515 1071 2558 una
1083 2492 1236 2578 loquella
1249 2493 1349 2578 plura
1360 2493 1565 2576 significant,
1588 2507 1627 2557 ut
1638 2506 1734 2567 cunm.

155 2615 315 2681 nepos,
343 2596 471 2659 acies.
510 2594 689 2678 Significat
709 2600 802 2661 enim
825 2617 958 2682 nepos
982 2609 1168 2660 etcertum
1191 2595 1408 2678 cognationis
1428 2595 1573 2676 gradum
1594 2607 1628 2658 et

156 2708 458 2780 consumptorem
481 2696 640 2759 similiter
660 2698 777 2760 acies
798 2712 831 2761 et
846 2698 1027 2770 oculorum
1042 2699 1178 2774 dicitur,
1203 2710 1236 2761 et
1252 2696 1332 2759 lerri
1348 2709 1381 2758 et
1400 2697 1584 2758 exercitus.

241 2800 294 2864 32.
319 2797 498 2880 Quaedam
521 2811 601 2860 sunt
621 2819 822 2880 synonyma,
847 2821 935 2884 quae
957 2799 1115 2886 pluribus
1137 2799 1298 2884 loquellis
1313 2799 1404 2861 idem
1421 2797 1627 2880 significant,
1640 2801 1736 2863 cunzo.

158 2910 196 2961 ut
225 2910 360 2972 terra,
384 2899 554 2973 humus,
578 2901 714 2974 ensis,
738 2900 917 2983 gladius.

239 3001 295 3064 33.
321 2999 500 3080 Quaedam
523 3000 656 3086 mediae
680 3003 878 3085 potestatis,
911 3023 999 3088 quae
1020 3003 1308 3084 significationem
1327 2999 1556 3061 aconiunctis
1573 3009 1742 3070 su-ct·.·29.

160 3111 272 3174 munt,
298 3111 546 3184 utmagnus,
572 3101 716 3176 lortis;
740 3103 825 3167 haec
850 3105 941 3166 enim
967 3123 1030 3187 per
1047 3124 1082 3164 se
1102 3102 1235 3166 nullum
1254 3101 1381 3164 habent
1397 3099 1629 3172 intellectum,

159 3214 191 3264 et
206 3202 286 3264 ideo
304 3201 543 3286 aquibusdam
560 3203 770 3268 adiectiones
786 3218 968 3279 vocantur,
991 3215 1029 3266 ut
1052 3223 1227 3287 magnus
1251 3204 1333 3276 vir,
1358 3201 1489 3265 lortis
1514 3221 1630 3264 exer-

162 3304 284 3370 citus.
1265 3307 1269 3318 ‘
1324 3317 1327 3323 ·

613 3556 677 3620 DE
718 3553 1181 3622 CONPARATIONIBUS.

244 3751 298 3814 3⁴.
324 3745 461 3812 Gradus
480 3749 688 3814 conlationis
701 3761 780 3813 sunt
798 3762 882 3813 tres:
907 3750 1095 3825 absolutus,
1118 3762 1157 3813 ut
1180 3749 1352 3822 doctus;
1377 3745 1630 3830 conparativus,

168 3861 202 3911 ιιι
224 3850 416 3925 doctior;
440 3849 688 3934 superlativus,
712 3861 751 3912 ut
781 3851 1073 3916 doctissimus.

246 3956 299 4016 35.
322 3951 475 4013 Nomina
493 3949 683 4014 conlationi
698 3945 739 4032 ⁵¹)
755 3953 905 4036 inposita
920 3976 1041 4038 parum
1059 3953 1213 4040 proprie,
1238 3972 1316 4012 nam
1335 3963 1368 4012 et
1383 3949 1533 4012 doctus
1549 3967 1633 4010 con-

168 4049 302 4114 lationis
320 4051 446 4135 gradus
463 4071 535 4114 non
553 4065 614 4126 est,
637 4072 715 4116 cum
733 4053 864 4116 solutus
883 4056 926 4117 sit
947 4070 981 4119 et
995 4055 1082 4118 nulli
1108 4064 1315 4137 conparetur
1322 4076 1331 4126 ;
1355 4051 1437 4113 item
1456 4051 1634 4114 doctior

165 4171 234 4212 non
247 4164 340 4217 recte
350 4152 478 4214 dicitur
487 4155 738 4238 conparativus,
751 4176 828 4218 cum
839 4157 907 4220 alio
917 4158 935 4193 *
944 4159 1004 4243 qui
1024 4159 1134 4240 ‘)non
1147 4165 1323 4238 conparet,
1334 4151 1394 4214 sed
1410 4163 1630 4236 superponat,
1643 4168 1748 4232 uqsv.

165 4255 352 4316 cumcuim
370 4254 450 4318 dico
471 4254 644 4318 doctior
667 4255 754 4334 illc,
779 4278 849 4320 non
866 4280 1018 4346 conpara
1037 4281 1093 4321 me
1108 4257 1170 4336 illi,
1188 4256 1248 4318 scd
1265 4272 1474 4340 superpono.

1365 4451 1372 4480 Ι

201 4529 243 4608 ⁴¹)
267 4533 435 4588 furibundus
454 4567 492 4579 ·-
512 4535 691 4590 furibusudus
717 4539 784 4591 cod.
810 4539 846 4609 ι’)
874 4536 1037 4592 hiulcus-
1060 4537 1152 4590 binius
1173 4539 1239 4590 (lod.
1268 4526 1307 4606 4³)
1327 4533 1399 4604 petit
1415 4563 1452 4574 -
1469 4541 1546 4602 petat
1567 4534 1634 4586 Cod-

228 4631 230 4636 '
272 4623 310 4694 ⁴⁴)
328 4613 487 4677 inuentus*
505 4653 542 4664 —
559 4643 697 4679 ιπιτιιτικα
718 4627 785 4678 Ccd.
806 4629 867 4678 aliis
885 4619 1020 4682 inlutum
1040 4641 1069 4679 ut
1090 4625 1249 4693 Charis.‘⁴⁵)
1271 4619 1480 4692 quibuscunque
1494 4649 1529 4660 -·
1543 4619 1635 4670 cuius·

274 4727 326 4780 que
347 4710 416 4762 eod.
437 4711 473 4778 ⁴⁸)
491 4708 582 4763 laudis
599 4710 727 4762 -laudi
748 4713 816 4766 con.
837 4714 875 4782 ⁴⁷)
891 4713 1019 4784 appositu
1033 4713 1173 4783 -posita
1192 4711 1258 4762 cod.
1281 4707 1458 4772 Ushsslmria
1475 4709 1493 4757 1.
1514 4726 1535 4756 c.
1558 4701 1594 4770 ⁴³)
1609 4714 1636 4757 ol

273 4793 319 4846 illa
338 4825 376 4837 —
393 4792 430 4847 ed
447 4793 495 4847 illu
516 4799 582 4850 cod.
610 4818 711 4851 exem.
730 4820 771 4869 pr.
798 4817 832 4851 m.
858 4797 930 4849 edlla
951 4801 1017 4852 cod.
1044 4818 1121 4868 apr.
1141 4815 1175 4848 m.
1202 4790 1240 4864 49)
1259 4791 1314 4853 tuis
1331 4815 1366 4843 =
1387 4791 1454 4844 cod·
1483 4785 1519 4858 ⁵⁰)
1539 4789 1636 4845 h⁰11¹0·

273 4899 354 4952 nyma
372 4913 409 4924 -
427 4900 580 4954 omonyma.
602 4885 668 4940 cod.
684 4885 722 4958 ΙΙ)
743 4883 893 4938 conlationi
910 4917 946 4928 ·-
964 4884 1129 4938 conlationis
1151 4883 1218 4935 eod.

203 4985 237 5056 ι)
255 4985 497 5070 hiulcus-qem-
515 4987 590 5040 Haec
609 5005 641 5040 ex
660 4987 713 5042 ulio
733 4987 796 5041 loco
817 4987 923 5042 Charis.
944 4995 987 5048 34.
1007 4991 1037 5042 1’.
1056 4983 1126 5037 male
1140 4983 1238 5038 adsuta
1256 4994 1329 5037 sunt.
1350 4985 1378 5056 b)
1391 4983 1468 5052 Virg.
1486 4989 1554 5037 Aen.
1574 4984 1634 5036 Vll.

275 5078 336 5130 651.
356 5079 382 5142 e)
402 5075 480 5144 virg.
497 5076 564 5126 deu.
583 5074 619 5128 11.
639 5081 700 5134 uot-
720 5079 749 5147 ἄ)
771 5075 826 5128 cn.
847 5074 952 5130 Charis.
971 5076 992 5132 l.
1012 5095 1036 5128 c.
1055 5071 1184 5127 Diomed.
1204 5077 1266 5134 309.
1282 5069 1427 5127 Prisc.lll‚
1450 5077 1475 5148 1ἰ
1491 5077 1516 5130 6,
1537 5073 1566 5140 e)
1576 5089 1636 5122 cum

277 5165 333 5213 alio
352 5168 409 5234 qui.
429 5161 548 5216 Videtur
563 5161 728 5234 legendum
747 5183 810 5218 eum
827 5166 986 5237 aliquando.

1424 5247 1442 5308 6
