4032 6070
381 521 450 596 ῃ
720 569 723 580 ,
838 517 1398 580 accersesuruos.

384 669 516 740 vocalia
537 668 778 736 consideretur
797 661 853 752 ⁶²).
885 669 945 735 Sic
975 681 1010 735 et
1032 671 1129 736 iuxta
1149 665 1289 738 vocales
1311 671 1395 758 alias
1411 663 1469 756 ⁶³),
1492 673 1521 738 si
1545 672 1661 738 ·1·vct
1683 671 1860 740 ·U·1isse-

278 789 308 838 r.
327 789 442 840 usurae
465 773 501 836 in
524 770 654 854 syllaba
675 793 737 836 sua
757 785 1031 858 praeponuntur,
1054 773 1124 836 vim
1149 776 1413 840 consonantium
1437 775 1565 842 babere
1587 775 1802 853 iudicanturs
1825 777 1860 842 si

385 895 466 940 vero
491 873 727 949 subiciuntur,
750 875 924 938 vocalium
947 873 1027 940 loco
1050 873 1240 958 iunguntur
1255 867 1311 958 ⁰³).

467 981 521 1044 22.
542 976 607 1042 DE
630 974 1028 1042 SEMIVOCALIBUS.
1064 976 1298 1044 semivocales
1324 981 1589 1044 consonantium
1615 979 1750 1044 litterae
1771 991 1859 1043 sunt

383 1099 529 1145 numero
552 1091 695 1164 septem.
720 1077 794 1142 Has
812 1070 856 1163 65)
880 1079 1069 1143 secundum
1090 1081 1256 1144 musicam
1279 1081 1449 1145 rstioucm
1469 1101 1534 1167 per
1558 1102 1594 1146 se
1617 1081 1858 1167 proferuntur,

385 1185 452 1248 boc
470 1192 537 1258 est,
559 1192 599 1244 ut
612 1179 657 1244 ad
677 1179 922 1246 vocabulasua
934 1181 1063 1248 nullius
1079 1181 1250 1248 vocalium
1266 1174 1311 1265 77)
1334 1196 1458 1267 egeant
1477 1185 1659 1260 socictate,
1682 1194 1722 1246 ut
1734 1182 1784 1248 ·P·
1803 1182 1859 1244 ·1.·

469 1389 522 1452 23.
544 1383 591 1449 At
606 1403 689 1449 vero
705 1383 894 1448 occandum
908 1398 1018 1450 metra
1029 1384 1136 1450 latina
1152 1399 1186 1450 et
1200 1397 1449 1450 structurarum
1465 1388 1599 1452 ratione
1613 1379 1658 1470 ⁰1‘)
1680 1385 1860 1450 subiectae

386 1487 565 1554 vocalibus
585 1487 730 1550 uomina
754 1507 816 1550 sua
837 1485 991 1552 efficiunt
1006 1481 1062 1570 ⁶⁸),
1084 1499 1123 1550 ut
1146 1487 1227 1550 ·EF·
1243 1488 1324 1551 ·EL·
1344 1489 1436 1553 ·EM·
1456 1489 1542 1554 ·EN·
1560 1488 1644 1552 ·Ell·
1666 1487 1744 1554 ·Es·
1761 1488 1859 1562 ·Ex·,

387 1590 447 1656 sed
461 1611 525 1676 per
540 1611 576 1654 se
593 1588 759 1670 syllabam
776 1589 888 1652 iacere
909 1609 980 1654 uon
1003 1601 1165 1675 possunt3
1189 1591 1323 1655 scilieet
1342 1591 1508 1676 quoniam
1522 1590 1748 1655 semivocales
1764 1589 1862 1654 litte-

388 1713 457 1770 rae,
476 1692 505 1756 si
522 1693 612 1755 inter
626 1712 662 1755 se
678 1691 889 1754 misceantur
902 1682 956 1772 777),
980 1709 1103 1755 sonum
1122 1689 1273 1772 syllabae
1290 1691 1403 1756 lacere
1419 1711 1491 1756 non
1507 1693 1729 1778 reperiuntur
1740 1693 1794 1772 7‘),
1817 1703 1861 1754 ut

388 1805 472 1881 puta
494 1791 573 1856 ·FL·
597 1791 684 1858 ·Ms·
707 1791 793 1856 ·RX·
817 1791 896 1856 ·NS·
925 1805 958 1856 et
981 1791 1079 1870 idco,
1106 1805 1147 1856 ut
1169 1793 1340 1871 diximus,
1362 1814 1427 1878 per
1449 1813 1485 1857 se
1508 1791 1733 1858 semivocales
1754 1792 1861 1874 sylla-

388 1897 467 1962 bam
491 1895 605 1959 iacere
626 1913 699 1958 non
719 1903 875 1978 possunt.
898 1893 955 1956 Ex
976 1895 1030 1958 bis
1053 1906 1186 1972 sutem,
1210 1895 1247 1960 id
1269 1908 1338 1972 est,
1361 1914 1407 1958 ex
1429 1895 1706 1970 semivocalibus,
1730 1895 1783 1956 ·X·
1800 1893 1861 1966 lit-

388 2011 462 2065 tera
484 1995 616 2083 duplex
644 1997 681 2060 in
712 1996 831 2060 metris
866 1995 938 2060 sive
968 1998 1148 2060 structuris
1177 1997 1365 2073 iudicatur,
1396 1997 1567 2081 siquidem
1606 1997 1860 2081 geminatamm

389 2101 510 2164 barum
541 2099 806 2164 consonantium
836 2117 924 2164 sono
952 2093 1117 2183 iungatur
1131 2101 1189 2184 7·),
1213 2099 1340 2177 idest,
1364 2098 1446 2165 ·Gs·
1469 2109 1528 2162 aut
1550 2097 1640 2175 ·Cs·,
1663 2111 1701 2163 ut
1724 2117 1803 2161 rex
1825 2109 1862 2162 ct

388 2221 502 2289 regs,
525 2201 599 2287 pix
621 2211 655 2265 et
676 2201 779 2289 pics.
1073 2267 1079 2280 ¹

472 2307 526 2370 24.
558 2301 662 2366 Νιιιιο
690 2303 794 2366 etiam
823 2301 892 2365 hoo
921 2303 1020 2366 iuxta
1047 2301 1184 2388 aliquos
1213 2301 1536 2390 reprehendendum
1560 2313 1628 2377 est,
1660 2301 1756 2386 quod
1778 2301 1863 2364 huic

388 2406 521 2492 duplici
544 2403 691 2480 litterae,
714 2404 830 2478 idest,
854 2403 918 2480 ·Χ·,
942 2404 985 2468 ad
999 2405 1198 2490 exemplum
1222 2407 1419 2490 genetivum
1444 2422 1560 2467 casum
1573 2403 1758 2466 videantur
1779 2400 1864 2465 sub-

389 2511 500 2582 icere,
536 2517 575 2569 ut
604 2519 705 2594 putas
742 2524 837 2580 rex,
870 2507 1000 2589 regis3
1029 2507 1118 2592 pix,
1147 2507 1276 2592 picis;
1305 2505 1442 2591 quoda
1465 2505 1600 2569 ratione
1630 2505 1682 2568 ·X·
1704 2503 1862 2578 litterae,

387 2625 481 2696 'quae
504 2605 636 2692 duplex
658 2618 727 2682 est,
758 2605 864 2690 louge
881 2609 923 2688 77)
946 2607 1097 2671 alienum
1121 2629 1194 2673 esse
1215 2609 1384 2673 videatur.
1405 2605 1453 2670 At
1473 2607 1511 2670 in
1532 2607 1601 2672 hcc
1623 2607 1764 2670 nomine
1785 2623 1863 2669 non

391 2724 443 2777 cst
465 2708 576 2774 simile
594 2701 638 2790 ⁷³)
659 2707 742 2770 huic
764 2709 923 2772 tractatui
937 2701 980 2791 77)
1003 2709 1099 2795 quod
1121 2722 1174 2774 est
1194 2711 1269 2774 nix
1289 2710 1413 2774 nivis.

475 2815 528 2877 25.
550 2808 614 2874 DE
628 2807 789 2874 MU'l'lS.
812 2809 931 2874 Mutae
949 2812 1214 2876 consonantium
1228 2813 1363 2876 litterae
1378 2822 1456 2874 sunt
1469 2828 1616 2873 numero
1629 2825 1774 2883 novemy
1796 2806 1864 2870 bae

390 2935 456 2980 uec
475 2931 541 3000 per
561 2931 598 2976 se
617 2911 858 2996 proferuntur,
881 2931 947 2976 uec
968 2933 1086 2998 perse
1105 2913 1270 2994 syllabam
1289 2913 1401 2977 faeere
1416 2917 1573 2998 possunt.
1596 2909 1665 2976 Per
1684 2931 1721 2974 se
1737 2909 1802 2971 bas
1820 2897 1866 2987 ⁷⁵)

390 3035 462 3082 uon
485 3013 722 3100 proteruntur,
746 3012 917 3098 siquidem
941 3013 1119 3078 vocalibus
1146 3014 1269 3080 litteris
1295 3011 1524 3080 subiectis‘sic
1540 3014 1684 3078 nomina
1699 3029 1761 3076 sua
1777 3009 1864 3073 deti·

390 3119 492 3182 niunt
507 3109 567 3198 77),
590 3127 629 3178 ut
648 3127 748 3200 puta:
772 3115 854 3178 ·BE·
875 3114 958 3180 ·CE·
975 3114 1060 3179 ·DE·
1084 3116 1170 3180 ·GE·
1194 3117 1276 3182 ·llll·
1299 3117 1384 3181 ·Kll·
1409 3117 1489 3182 ·PE·
1513 3116 1604 3199 ·QU·
1627 3113 1711 3178 ·TE·
1735 3112 1864 3176 Perse

392 3231 507 3284 autem
526 3215 691 3299 syllabam
711 3215 822 3280 iacere
836 3236 907 3279 non
930 3229 1087 3302 possunt,
1112 3213 1246 3283 scilicet
1267 3219 1452 3304 quoniam,
1475 3231 1591 3281 mutae
1607 3218 1754 3290 litterae,
1776 3213 1807 3276 si
1821 3215 1864 3293 77)

392 3322 613 3394 misceantur,
623 3337 746 3382 sonum
760 3317 909 3399 syllabas
917 3317 1029 3382 lacere
1037 3339 1109 3383 nou
1117 3321 1347 3406 reperiuntur,
1363 3331 1513 3407 utputa:
1526 3319 1608 3386 ·BC·
1621 3309 1762 3400 ·nG·2·)
1773 3313 1863 3378 ·TK·

393 3421 481 3508 ·PQ·
504 3434 539 3486 ct
560 3431 675 3484 cetera
695 3418 787 3486 talia.
837 3481 839 3488 ,

478 3523 531 3588 26.
559 3521 662 3586 Nunc
693 3534 727 3585 et
755 3522 793 3585 in
820 3521 874 3584 bis
893 3522 936 3603 77)
965 3523 1069 3588 mutis
1096 3543 1329 3608 supervacuae
1349 3517 1393 3605 ⁸⁰)
1423 3521 1631 3608 quibusdam
1659 3511 1714 3584 ·K·
1742 3530 1778 3582 et
1806 3516 1863 3601 ·Q·

394 3626 529 3692 litterae
557 3625 692 3708 positae
714 3643 787 3686 esse
817 3622 989 3699 videntur,
1014 3625 1109 3708 quod
1126 3620 1170 3708 7·)
1198 3626 1316 3689 dicant
1338 3623 1390 3690 ·c·
1413 3625 1563 3688 litteram
1587 3622 1786 3687 earumdem
1808 3621 1863 3684 lo·

396 3749 475 3796 cum
504 3749 607 3816 posse
630 3724 825 3810 complere,
847 3737 886 3788 ut
907 3737 1007 3809 puta:
1032 3725 1241 3811 Carthago
1263 3747 1329 3812 pro
1352 3727 1571 3810 Karthago
1592 3721 1648 3810 ⁸').
1670 3725 1772 3788 Nunc
1796 3723 1865 3786 boc

394 3833 523 3896 vitium
553 3831 617 3894 etsi
637 3823 682 3910 77)
720 3823 901 3889 terendum
936 3839 1038 3911 puto,
1072 3839 1224 3892 attamen
1253 3823 1295 3912 77)
1321 3848 1386 3913 pro
1410 3827 1584 3912 Quam,
1608 3828 1685 3912 quis
1708 3835 1776 3901 est,
1802 3825 1865 3907 qui

396 3934 563 3998 sustineat
584 3926 742 3995 ·CUAM·
756 3921 822 4011 ⁸⁵)?
844 3938 879 3990 et
900 3927 978 3992 ideo
1007 3946 1080 3992 non
1102 3942 1194 3994 recte
1217 3931 1282 3994 bae
1303 3931 1437 3995 litterae
1466 3929 1673 4016 quibusdam
1697 3943 1865 4014 superva-

399 4053 483 4100 cuae
496 4028 541 4116 77)
563 4032 769 4104 constitutae
792 4049 865 4094 csse
886 4027 1058 4096 videntur.

442 4289 480 4358 7·)
508 4283 699 4340 concidentur
717 4284 752 4341 V.
763 4285 799 4340 A.
815 4315 852 4326 -
869 4282 1028 4339 ccnaidsrat
1046 4289 1076 4341 P.
1096 4288 1133 4356 77)
1150 4287 1226 4339 iuxta
1243 4283 1354 4424 vocsllps
1371 4285 1437 4338 alias
1456 4287 1493 4340 A.
1511 4317 1548 4330 -
1565 4287 1639 4340 iusta
1659 4292 1764 4338 ceteras
1782 4301 1868 4422 spes·

504 4373 546 4429 las
563 4373 630 4428 alias
650 4375 685 4429 V.
704 4375 740 4444 77)
758 4372 961 4443 iungunturd.
977 4375 1181 4446 -iunguntur
1199 4375 1236 4431 V.
1255 4375 1292 4445 77)
1329 4391 1361 4426 se
1380 4375 1458 4430 V.P.
1478 4372 1599 4426 -baec
1617 4377 1654 4430 A.
1673 4375 1711 4443 77)
1729 4372 1868 4424 rcca'um

504 4467 543 4518 A·
561 4493 597 4504 -
616 4457 745 4516 vocabuli
771 4463 807 4516 V.
835 4463 871 4534 77)
889 4463 996 4516 ratione
1010 4463 1094 4519 V-A.
1106 4491 1142 4506 -
1156 4462 1289 4516 rationem
1307 4464 1339 4518 P.
1358 4464 1395 4530 77)
1416 4461 1541 4515 efficiunt
1559 4462 1594 4517 V.
1605 4464 1640 4517 Α.
1659 4491 1696 4502 --
1713 4457 1870 4512 efficientur

503 4553 536 4606 Ρ.
565 4551 602 4622 77)
628 4548 795 4601 misceantur
813 4551 850 4604 V·
868 4549 905 4605 A.
923 4581 959 4596 -
975 4551 1181 4606 immiscentur
1197 4550 1227 4604 Ρ.
1255 4551 1295 4620 77)
1316 4551 1490 4621 reperiuntur
1505 4581 1543 4612 ·.·
1560 4549 1756 4620 repperiuntur
1774 4547 1811 4600 V.
1829 4546 1869 4600 A.

505 4635 954 4706 ssorumtatusertpsurasctA.
974 4641 1055 4692 valde
1072 4643 1172 4692 vertat.
1190 4638 1229 4710 ⁷¹)
1244 4637 1372 4706 iungetur
1389 4639 1422 4692 Ρ.
1440 4665 1477 4680 ·-
1493 4637 1620 4708 iungetur
1639 4635 1719 4694 V.A.
1738 4631 1871 4704 ”llcugs

507 4729 586 4784 V.P.
601 4749 639 4780 =
655 4724 693 4779 Α.
720 4725 757 4796 77)
781 4721 872 4776 simile
896 4723 932 4779 V.
946 4727 983 4780 A.
1002 4755 1039 4770 ·-
1056 4724 1139 4780 uuili
1157 4725 1189 4779 Ρ.
1217 4727 1253 4796 77)
1272 4725 1402 4779 tractatui
1421 4725 1458 4780 V.
1470 4724 1508 4778 A.
1523 4755 1561 4767 -
1578 4723 1693 4778 tractui
1709 4724 1741 4777 P.
1760 4723 1797 4792 77)
1816 4717 1870 4774 bas

507 4816 585 4872 ΚΡ.
602 4837 640 4868 a:
653 4813 690 4868 A.
717 4813 754 4884 77)
774 4809 911 4864 deliniunt
928 4811 966 4867 V.
978 4815 1011 4866 P.
1028 4843 1066 4856 -
1083 4811 1214 4866 desinunt
1230 4813 1268 4868 A.
1293 4816 1329 4884 77)
1347 4819 1439 4864 mutas
1455 4809 1564 4864 litterae
1582 4811 1608 4864 ai
1627 4813 1663 4868 V.
1681 4839 1717 4856 -
1734 4809 1760 4862 ai
1776 4817 1871 4862 mutas

506 4901 614 4955 litteras
633 4902 669 4956 A.
689 4932 726 4946 -
745 4901 771 4956 si
787 4921 823 4954 ε
841 4901 872 4953 Ρ.
897 4901 935 4974 77)
954 4899 1028 4954 ·DG·
1047 4901 1083 4956 V.
1101 4901 1137 4954 A.
1156 4933 1191 4942 -
1210 4901 1282 4954 ·DC·
1301 4901 1332 4954 P.
1352 4903 1388 4969 77)
1408 4908 1437 4952 et
1453 4900 1483 4952 iu
1500 4896 1544 4951 bia
1564 4900 1601 4956 V.
1619 4929 1654 4942 -
1670 4899 1702 4950 in
1718 4895 1762 4950 laia
1781 4897 1814 4950 Ρ.
1833 4927 1872 4939 -·

415 5057 419 5064 .
507 4985 542 5040 ds
560 4988 595 5040 iia
612 4989 649 5043 A.
669 4990 707 5060 ⁸⁰)
726 5005 910 5062 supervacuae
930 4989 961 5044 V
959 5027 966 5041 .
979 4989 1017 5042 A·
1025 4992 1162 5058 fortassis
1178 4989 1349 5044 scriturum
1365 4997 1553 5059 supervacue.
1564 4988 1601 5055 ⁸¹)
1619 4981 1697 5060 quod
1716 4985 1748 5040 V
1745 5015 1799 5038 .-
1813 5003 1872 5058 quo

508 5075 546 5127 A·
564 5076 601 5144 77)
622 5072 756 5145 Karthago
778 5075 814 5130 V·
834 5107 868 5116 -
888 5075 1006 5146 Kartago
1024 5078 1060 5131 A.
1080 5081 1116 5146 77)
1135 5077 1188 5130 cui
1207 5079 1243 5132 V.
1262 5111 1297 5122 -
1315 5085 1359 5130 est
1376 5072 1428 5129 aed
1446 5079 1483 5130 A.
1503 5077 1539 5146 77)
1553 5074 1760 5130 sttamsuV.-
1775 5081 1870 5130 unco

507 5162 543 5220 A·
564 5162 600 5232 77)
623 5161 746 5218 ·CUAM·
767 5163 802 5217 V.
822 5193 856 5203 -
875 5181 933 5216 caus
951 5165 987 5220 A.
1008 5165 1043 5236 ⁸⁶)
1062 5181 1246 5236 supervscuse
1267 5165 1301 5218 V.
1321 5179 1542 5235 -supervacue
1561 5164 1597 5217 A.
