4032 6070
564 533 744 594 raons
781 535 884 594 sas
921 535 1122 592 asinos
1512 537 1603 608 m.

121 695 193 742 casu
218 679 356 746 numeri
382 677 567 766 singularis
597 685 742 751 nonnius
770 683 882 750 ·ENS·
903 683 1028 750 litteris
1054 681 1268 748 deliniuntur
1291 683 1359 746 isoc
1389 699 1582 758 monemus.

121 781 207 866 quod
229 801 271 846 eo
292 781 412 868 plures
432 785 527 861 soni,
550 788 619 850 boc
641 798 711 864 est,
734 805 776 852 co
797 788 823 869 ¹)
846 785 999 873 piurima
1025 784 1170 849 nomina
1200 783 1335 870 possint
1360 785 1389 864 ¹)
1413 784 1582 851 exhiberi.

198 887 271 952 117.
291 885 351 950 Ex
372 885 484 952 forma
505 887 640 952 scilicet
650 889 789 973 generis
810 889 935 963 omnis,
959 907 1029 972 qua
1052 887 1088 951 in
1114 888 1266 972 positivo
1289 885 1400 971 gradu
1422 888 1584 951 nomina-

122 987 184 1052 tivo
207 1006 290 1051 casu
312 989 450 1052 numeri
472 989 657 1074 singularis
680 992 823 1056 nomina
845 990 956 1055 ·ER8·
979 988 1104 1054 littoris
1125 987 1346 1064 definiuntur,
1370 991 1438 1052 hoc
1462 1009 1584 1056 mons·

123 1109 200 1166 mus,
224 1090 320 1175 quod
342 1109 384 1156 eo
400 1091 518 1183 plures
534 1093 612 1158 soni
630 1088 670 1177 ³),
693 1095 761 1160 hoc
784 1105 846 1170 cst.
870 1113 911 1158 co
934 1091 1087 1178 plurima
1101 1091 1246 1155 nomina
1267 1089 1425 1156 exhiberi
1437 1093 1581 1178 possint.

201 1191 352 1258 stans
374 1192 486 1260 forms
507 1195 641 1261 scilicet
662 1197 776 1260 omnis
793 1196 943 1280 generis,
967 1214 1036 1280 qua
1058 1193 1094 1257 in
1116 1195 1268 1278 positivo
1289 1193 1401 1278 gradu
1423 1196 1584 1260 consina·

126 1293 187 1359 tivo
210 1313 292 1360 osso
312 1297 451 1360 numeri
473 1297 657 1382 singularis
679 1298 824 1362 nomina
838 1289 868 1381 4)
891 1296 1007 1363 ·0RS·
1030 1295 1153 1362 littoris
1173 1296 1395 1374 definiuntur,
1417 1298 1486 1360 hoc
1507 1317 1585 1362 mo·

126 1415 247 1473 nemus,
271 1397 368 1481 qnod
384 1417 427 1464 eo
442 1390 469 1482 ⁵)
491 1401 571 1486 plus
593 1421 698 1486 quam
721 1393 844 1484 octo⁶)
866 1401 956 1479 soni,
979 1402 1048 1464 hoo
1069 1411 1132 1477 est.
1155 1417 1197 1464 co
1220 1397 1371 1485 plurima
1392 1401 1418 1481 ⁷)
1441 1401 1585 1464 nomina

128 1497 276 1564 exhiberi
296 1519 369 1564 uon
391 1503 527 1587 possint
544 1498 586 1586 ⁸).

203 1603 274 1670 149.
302 1602 407 1669 Nunc
436 1605 541 1670 etism
563 1608 632 1672 hoc
661 1605 850 1691 quaeritur,
874 1604 1008 1691 quade
1032 1623 1134 1670 causa
1155 1603 1431 1689 supradictarum
1457 1603 1624 1668 torma-V·
1644 1605 1692 1658 ⁸⁸¹·

129 1721 193 1766 rum
221 1704 367 1768 nomina
392 1707 530 1790 generis
558 1709 672 1774 omnis
700 1727 774 1772 esse
802 1707 980 1784 dicentum
1009 1707 1075 1770 isac
1097 1706 1140 1773 dc
1163 1726 1266 1774 causa
1288 1707 1454 1791 quoniam
1478 1727 1586 1791 quae·

129 1823 266 1891 cumque
294 1807 464 1873 vocabula
493 1810 684 1876 masculina
711 1810 929 1875 nominativo
960 1829 1041 1874 casu
1070 1810 1207 1874 numeri
1243 1809 1428 1893 singularis
1461 1809 1584 1872 iisdem

129 1908 324 1992 supradictis
356 1909 475 1976 formis
503 1913 714 1977 definiuntur
747 1926 783 1978 ot
810 1932 855 1976 cx
883 1931 944 1976 sua
980 1912 1096 1998 specie
1127 1910 1299 1977 vocabula
1334 1909 1501 1974 feminina
1529 1909 1586 1976 vei

129 2021 238 2074 neutra
254 2012 285 2091 ⁹)
308 2009 422 2076 facere
443 2027 605 2100 possunt,
629 2017 715 2078 haec
737 2014 873 2099 generis
897 2015 1010 2079 omnis
1033 2033 1107 2078 esso
1128 2013 1409 2100 pronuntiantur.

200 2110 254 2174 De
278 2111 399 2178 iormie
421 2117 665 2203 suprascriptis
682 2119 723 2199 ὀ)
742 2130 822 2181 octo
837 2117 974 2200 generis
997 2116 1130 2180 scilicet
1151 2115 1276 2190 omnis,
1290 2111 1585 2200 quemadmodum

130 2229 166 2274 cx
191 2213 244 2276 isis
270 2216 415 2280 nomina
443 2219 699 2305 comparaison
725 2219 782 2284 vel
808 2216 1037 2305 superlatisos
1065 2217 1192 2303 gradus
1215 2217 1327 2282 iacere
1357 2216 1586 2303 reperiantur.

130 2331 276 2380 necnon
298 2329 334 2382 ct
352 2320 392 2400 ¹¹)
415 2339 461 2387 ex
482 2320 627 2405 singulis
650 2320 771 2386 formis
795 2322 886 2385 iutra
898 2333 985 2407 quot
1006 2339 1111 2386 sonos
1127 2319 1286 2384 exhiberi
1306 2319 1453 2406 possint,
1477 2335 1587 2402 quau·

133 2427 194 2478 tuns
215 2419 303 2482 ratio
326 2419 510 2505 poscebat,
534 2424 768 2490 tractavimus.
1250 2420 1253 2426 ’

207 2523 277 2594 1511.
298 2521 365 2584 DE
380 2522 472 2588 ·1Js·.
497 2523 747 2611 Quaecumque
761 2525 905 2590 nomina
918 2524 1056 2608 generis
1071 2523 1185 2589 omnis
1204 2525 1245 2604 ¹²)
1259 2523 1295 2586 iu
1311 2521 1464 2607 positivo
1478 2519 1590 2604 gradu

135 2621 335 2688 nominativo
358 2643 440 2688 csso
466 2627 604 2690 numeri
631 2627 816 2711 singularis
840 2625 920 2692 ·US·
944 2625 1067 2690 littoris
1097 2625 1324 2700 definiuntur,
1356 2624 1385 2686 si
1408 2641 1591 2707 compars-

134 2722 211 2788 tivos
232 2725 359 2808 gradus
382 2745 428 2790 ex
449 2749 486 2792 se
509 2728 622 2793 iacere
644 2743 801 2815 possunt,
823 2731 910 2794 haec
931 2728 1076 2792 nomina
1093 2713 1134 2811 ¹³)
1157 2728 1193 2790 in
1210 2727 1328 2790 dativo
1351 2745 1433 2790 casu
1453 2724 1591 2788 numeri
1638 2785 1644 2796 ,

135 2823 303 2909 singularis
334 2826 425 2893 ·01t·
454 2829 621 2911 syllabam
644 2827 685 2917 ¹⁴)
712 2832 889 2917 accipiunt
918 2843 952 2894 ot
980 2820 1253 2915 comparativum
1283 2827 1430 2912 gradum
1452 2825 1591 2910 generis

136 2929 316 2992 communis
340 2931 538 2998 ostendunt.
561 2931 704 2998 Scilicet
727 2935 907 3020 quoniam,
931 2933 1033 2996 sicuti
1057 2951 1161 3017 supra
1184 2931 1337 2996 diximus
1355 2919 1407 3011 ¹⁵),
1431 2927 1592 3012 quicom-

136 3045 194 3110 que
215 3033 440 3116 comparativi
461 3035 589 3118 gradus
617 3037 834 3100 nominativo
859 3055 940 3100 casu
962 3035 1099 3098 numeri
1127 3033 1312 3118 singularis
1336 3029 1443 3094 nott·
1467 3028 1592 3092 litteris

137 3127 333 3196 definiuntur
350 3147 397 3198 ¹et
425 3155 498 3200 non
528 3157 575 3200 ex
601 3137 662 3201 illa
688 3139 864 3224 positione
895 3137 1042 3212 formae,
1071 3155 1141 3221 qua
1171 3155 1218 3200 ex
1248 3153 1375 3220 gessere
1397 3130 1591 3194 masculino

135 3233 337 3300 nominativo
365 3254 449 3298 casu
475 3240 613 3302 numeri
640 3239 825 3326 singularis
854 3239 939 3304 ·EX·
962 3238 1086 3304 litteris
1108 3239 1252 3305 nomina
1280 3235 1510 3310 definiuntur,
1532 3251 1593 3296 ve-

136 3331 202 3396 tsise
227 3335 491 3421 intelleguntur,
519 3341 556 3404 hi
580 3333 619 3424 ¹⁶)
649 3344 787 3426 genesis
814 3341 1009 3408 communis
1038 3361 1112 3404 esse
1146 3340 1388 3426 reperiuntur,
1423 3348 1463 3400 ut
1491 3347 1592 3421 puta:

137 3431 196 3498 hic
221 3449 253 3500 et
281 3441 386 3502 haec
415 3451 450 3504 st
476 3442 557 3506 hoc
585 3454 727 3524 vetus,
756 3447 856 3512 huic
876 3442 1030 3519 veteri,
1050 3442 1120 3506 isio
1141 3453 1176 3506 et
1198 3443 1305 3506 hacc
1325 3438 1522 3504 veterior
1544 3437 1594 3502 ia-

137 3551 206 3600 cere
224 3537 382 3606 debeant.
1002 3608 1006 3616 ,

213 3643 278 3706 151.
305 3643 410 3708 Nunc
439 3645 526 3709 haec
553 3647 674 3712 eadem
702 3648 893 3736 sopradicti
915 3647 1057 3734 generis
1075 3646 1235 3723 nomina,
1264 3664 1353 3730 qssao
1376 3641 1530 3707 diximus
1554 3641 1594 3724 ¹⁷)

26 3771 28 3804 ι
136 3733 168 3797 in
188 3743 381 3826 supradicto
403 3745 514 3830 gradu
536 3751 754 3816 nominativo
783 3771 865 3816 casu
887 3750 1024 3814 numeri
1051 3748 1237 3833 singularis
1261 3745 1340 3810 ·US·
1363 3745 1487 3809 litteris
1510 3743 1595 3808 defi·

136 3837 208 3916 ssiri.
229 3842 263 3906 iu
284 3845 402 3910 dativo
425 3867 508 3913 casu
534 3853 673 3916 numeri
696 3853 881 3938 singularis
905 3849 986 3915 ·Us·
1009 3850 1176 3934 syllabam
1203 3845 1244 3931 ¹⁸)
1267 3847 1444 3933 accipiunt
1467 3859 1502 3910 ct
1522 3866 1596 3910 non

136 3947 255 4008 butum
285 3951 517 4036 comparativi
547 3953 675 4036 gradus
698 3957 737 4036 ¹⁹)
765 3955 903 4039 generis
931 3953 1063 4029 neutri,
1093 3951 1155 4017 sod
1185 3964 1219 4016 et
1245 3948 1489 4014 adverbiomm
1521 3969 1595 4013 esse

136 4046 357 4126 reperiuntur,
380 4063 419 4114 ut
439 4065 539 4138 puts:
564 4055 632 4120 hic
655 4059 818 4122 ethaeo
841 4058 1140 4131 ethocvetus‚
1170 4053 1272 4118 huic
1292 4053 1453 4129 veteri,
1482 4063 1596 4116 vote·

136 4141 216 4208 rius
234 4151 370 4237 utrique
392 4155 613 4240 respondeat.
637 4157 707 4222 Sed
733 4158 875 4245 quaudo
897 4158 1087 4222 veterius
1108 4156 1230 4241 generi
1244 4166 1369 4242 neutro
1383 4152 1440 4218 vel
1455 4151 1597 4238 quomo
1636 4141 1644 4166 '

134 4243 284 4406 ἓξίνοὼίο
313 4254 353 4318 iss
383 4259 646 4343 comparatione
673 4261 899 4349 respondeat,
930 4259 1000 4323 iam
1036 4259 1117 4324 sstis
1147 4259 1184 4322 in
1212 4255 1450 4344 superioribus
1480 4267 1598 4320 osten·

156 4365 244 4416 susos.

133 4491 1588 4534 ”’“”““-·---ι----·--ϊ--“-·“-“-“

180 4577 201 4648 ¹)
220 4599 248 4636 to
271 4585 307 4641 V.
327 4588 406 4642 R:
422 4589 461 4646 A.
490 4595 513 4661 ¹)
540 4593 652 4664 possint
678 4595 715 4650 V.
734 4597 767 4648 P.
784 4624 822 4640 -
839 4602 961 4666 possunt
976 4594 1013 4647 A.
1039 4596 1063 4664 ¹)
1081 4589 1176 4664 piures
1202 4589 1264 4643 soni
1289 4589 1325 4645 V.
1344 4619 1381 4634 -
1404 4586 1498 4660 plures
1517 4605 1598 4660 quarn

228 4679 288 4724 octe
308 4675 372 4728 soni
390 4676 427 4732 A.
446 4679 471 4750 ⁴)
489 4679 607 4734 nosuius
625 4682 662 4737 V.
679 4683 712 4737 P.
731 4705 769 4734 π
784 4685 823 4737 A.
851 4684 876 4754 ⁵)
894 4700 927 4736 so
948 4682 985 4737 V.
1003 4703 1041 4732 =
1058 4680 1094 4737 A.
1114 4681 1137 4750 ⁸)
1157 4685 1221 4730 octo
1241 4677 1278 4732 V.
1295 4677 1328 4731 Ρ.
1345 4703 1382 4718 -
1400 4674 1439 4728 xl
1457 4676 1494 4728 A.
1519 4675 1545 4747 ⁷)
1564 4691 1598 4728 eo

229 4755 342 4828 plurima
368 4763 405 4820 V.
432 4767 462 4820 P.
485 4789 523 4818 =
548 4769 586 4821 A.
613 4770 637 4839 ⁸)
663 4771 774 4841 possint
792 4770 829 4826 V.
848 4769 886 4824 A.
904 4800 941 4812 -
958 4776 1078 4840 possunt
1095 4767 1127 4821 Ρ.
1154 4766 1180 4836 ⁸)
1198 4761 1242 4817 rsl
1265 4770 1364 4816 usutrs
1389 4761 1426 4818 V.
1445 4759 1482 4816 A·
1500 4791 1537 4802 —
1554 4759 1599 4814 vel

229 4861 322 4914 peusis
339 4860 437 4905 neutra
454 4853 485 4907 Ρ.
508 4856 544 4926 ¹⁰)
563 4857 762 4930 suprascriptis
781 4858 818 4913 V.
837 4857 869 4910 Ρ.
887 4888 924 4898 -
940 4850 1109 4927 suprsdiotis
1127 4853 1165 4906 A.
1186 4853 1222 4922 ¹¹)
1242 4858 1271 4903 st
1289 4851 1321 4906 V
1319 4887 1326 4901 ·
1344 4850 1377 4904 Ρ.
1396 4849 1481 4904 ==A·
1503 4853 1538 4920 ¹¹)
1553 4865 1600 4921 μ-
1649 4847 1653 4854 ’

228 4933 297 4987 usris
322 4939 413 4992 osnuis
432 4941 469 4996 V.
491 4943 520 4997 Ρ.
542 4965 579 4994 =
596 4945 634 5000 A.
664 4948 702 5017 ΙΙ)
729 4945 841 4998 nonius
865 4945 900 4998 A.
919 4965 956 4994 =
983 4943 1019 4998 V.
1044 4941 1078 5011 ¹⁴)
1105 4935 1238 5010 syllsbssu
1258 4935 1294 4991 V.
1312 4938 1345 4992 Ρ.
1362 4966 1401 4982 -
1422 4933 1543 5006 syllabas
1561 4937 1598 4992 A.

232 5019 264 5092 ¹⁵)
289 5021 410 5080 diximus
430 5028 469 5086 V.
495 5059 532 5072 -
557 5028 702 5086 docuimus
724 5033 764 5089 A.
792 5034 827 5106 16)
850 5029 882 5086 1ιί
899 5031 937 5089 V.
956 5031 987 5086 Ρ.
1005 5059 1043 5072 -
1067 5024 1111 5081 isis
1129 5027 1165 5084 A.
1194 5027 1232 5096 ¹²)
1251 5022 1371 5083 diximus
1396 5024 1433 5082 V.
1453 5025 1485 5080 Ρ.
1503 5045 1541 5076 =
1560 5025 1598 5080 A.
1724 5083 1730 5094 .

234 5107 263 5174 ¹¹)
280 5107 383 5166 littsris
402 5151 520 5170 .....
540 5115 675 5190 spiisbssn
694 5121 730 5177 V.
748 5121 782 5178 Ρ.
799 5143 838 5174 =
854 5119 895 5178 A.
921 5121 958 5192 ¹⁹)
977 5115 1155 5192 coupsrstisi
1173 5109 1274 5186 gradus
1294 5113 1332 5170 V.
1350 5111 1387 5170 A.
1403 5143 1441 5160 -
1459 5128 1600 5184 conpass-

235 5194 284 5247 tiro
303 5196 392 5268 gradu
412 5203 442 5256 P,

1324 5293 1361 5357 17
