4032 6070
394 521 463 590 81⁰
851 521 1171 580 rootless
1207 521 1409 582 MINOR.

395 667 525 752 gularis
549 668 630 732 ·Us·
654 667 785 752 syllaba
814 683 895 755 post
926 669 980 734 ·U·
1009 669 1159 734 litteram
1179 661 1223 754 ⁹⁴)
1255 671 1481 748 deliniuntur,
1509 681 1549 734 ut
1577 679 1679 756 puta:
1711 667 1759 732 ab
1786 668 1870 732 boc

394 783 626 856 perpetuo,
655 772 995 859 bic'perpetuus,
1019 774 1105 836 baec
1129 773 1172 836 ad
1194 775 1263 838 boc
1285 774 1485 859 exemplum
1508 773 1745 837 declinanture

478 873 625 936 Numeri
654 874 856 958 singularis:
888 875 957 938 bio
979 887 1236 961 perpetuus,
1266 878 1387 940 huius
1410 876 1627 962 perpetui,
1651 875 1752 938 huic
1774 893 1869 958 per-

393 987 543 1060 petuo,
567 977 677 1039 hune
699 989 970 1062 perpetuum,
995 997 1016 1038 o
1039 990 1267 1063 perpetue,
1297 977 1347 1042 ab
1370 980 1451 1041 hoo
1473 989 1699 1063 perpetum
1727 975 1866 1038 numeri

325 1165 327 1170 Ι
392 1077 552 1162 pluralis:
582 1079 626 1142 hi
648 1079 867 1163 perpetui,
896 1079 1046 1142 horum
1074 1093 1395 1166 perpetuo-rum,
1425 1081 1492 1143 his
1516 1079 1764 1165 perpetuis,
1786 1079 1865 1141 bos

393 1192 649 1264 perpetuos,
674 1199 695 1242 o
718 1179 936 1265 perpetui,
960 1179 1007 1242 ab
1031 1182 1095 1244 bis
1117 1183 1350 1268 perpetuis.
1704 1255 1708 1270 Ι

480 1281 539 1346 Sic
562 1294 596 1344 et
618 1281 684 1344 alia
707 1283 843 1366 generis
867 1283 1049 1346 masculini
1071 1285 1231 1359 nentina,
1255 1305 1344 1370 quae
1366 1281 1516 1348 ablativo
1540 1303 1622 1347 casu
1644 1282 1782 1344 numeri
1795 1281 1868 1344 siu-

393 1384 523 1468 gularis
546 1381 604 1448 ·O·
628 1381 743 1447 littera
764 1385 1009 1461 terminantur,
1034 1397 1067 1448 et
1088 1387 1304 1450 nominativo
1320 1405 1402 1450 casu
1423 1387 1561 1450 numeri
1583 1383 1767 1470 singularis
1783 1383 1866 1446 ·US·

394 1484 523 1567 syllaba
536 1499 616 1571 post
630 1487 684 1549 ·U·
700 1486 851 1550 litteram
863 1481 908 1572 ⁹⁵)
922 1485 1144 1566 deliniuntur,
1161 1487 1205 1552 ad
1220 1488 1419 1574 exemplum
1442 1488 1642 1575 perpetui
1662 1506 1728 1572 per
1743 1505 1866 1550 omues

394 1608 491 1651 casus
515 1588 743 1654 declinantur.

477 1693 552 1757 378.
574 1691 677 1754 Nunc
700 1691 736 1754 in
759 1693 823 1756 bac
846 1687 1137 1780 suprascriptafi)
1154 1692 1265 1758 forma
1280 1694 1468 1779 quaeritur,
1493 1713 1562 1778 qua
1576 1691 1627 1756 'de
1650 1709 1752 1754 causa
1773 1707 1866 1774 per-

391 1805 549 1880 petuus
569 1795 613 1874 97)
643 1805 677 1856 et
694 1789 739 1877 98)
769 1794 986 1859 nominativo
1014 1809 1048 1862 et
1076 1798 1273 1860 accusativo
1305 1817 1387 1860 casu
1408 1796 1546 1862 numeri
1577 1791 1760 1878 singularis
1781 1803 1866 1878 post

391 1895 550 1958 ultimam
574 1909 823 1960 consonantem
846 1917 910 1982 per
932 1898 1016 1961 duas
1040 1899 1094 1960 ·U·
1116 1898 1248 1963 litteras
1271 1899 1464 1963 scribatur?
1486 1897 1614 1962 Hacde
1637 1915 1751 1970 causa,
1775 1914 1868 1980 quo-

392 1997 486 2059 niam
509 2017 749 2082 quaecumque
771 2001 915 2061 nomina
936 2001 1098 2085 genetivo
1122 2021 1203 2064 casu
1218 2003 1354 2066 numeri
1376 2000 1562 2086 singularis
1585 1998 1658 2061 ·U1·
1682 1997 1807 2060 litteris
1820 1998 1868 2080 ειη)

391 2099 549 2163 discretis
572 2100 799 2180 definiuntur,
824 2103 910 2166 haec
931 2104 1148 2168 nominativo
1172 2116 1207 2167 et
1229 2104 1425 2168 accusativo
1448 2121 1531 2165 casu
1552 2101 1689 2163 numeri
1711 2095 1869 2182 singula-

392 2203 439 2264 ris
462 2214 541 2266 ante
562 2205 617 2284 ¹⁹⁰)
640 2202 797 2266 ultimam
823 2218 1072 2269 consonantem
1095 2227 1160 2292 per
1181 2207 1265 2270 duas
1289 2207 1343 2268 ·U·
1365 2205 1498 2268 litteras
1521 2204 1549 2285 ¹)
1573 2199 1783 2266 scribuntur.

476 2308 550 2373 379.
581 2305 668 2368 Item
696 2317 730 2368 et
756 2305 825 2368 alia
854 2306 1033 2390 probatio,
1064 2327 1133 2393 qua
1165 2309 1335 2372 docentur
1356 2309 1443 2370 haec
1466 2305 1608 2368 nomina
1630 2303 1768 2388 generis
1792 2320 1869 2366 ma-

392 2405 533 2483 sculini,
565 2427 654 2491 quae
681 2405 834 2470 diximus
862 2407 1014 2472 ablativo
1045 2431 1126 2474 casu
1154 2411 1291 2474 numeri
1314 2408 1499 2493 singularis
1527 2405 1585 2472 ·0·
1608 2405 1723 2468 littera
1745 2403 1871 2466 termi-

391 2511 486 2585 nari,
511 2519 545 2572 et
566 2509 782 2572 nominativo
807 2529 888 2572 casu
910 2513 1046 2574 numeri
1074 2512 1259 2596 singularis
1283 2511 1364 2575 ·US·
1388 2509 1519 2591 syllaba
1541 2511 1570 2591 ²)
1591 2519 1671 2594 post
1694 2507 1749 2570 ·U·
1772 2506 1869 2569 litte·

393 2631 467 2674 ram
490 2610 644 2686 deliniri,
674 2611 768 2700 quod
796 2613 1014 2676 nominativo
1038 2626 1072 2676 et
1100 2615 1296 2677 accusativo
1318 2606 1346 2695 ³)
1369 2631 1450 2674 casu
1469 2605 1658 2695 ⁴).numeri
1679 2608 1869 2692 singularis

392 2725 471 2776 ante
486 2706 515 2794 ⁵)
538 2711 695 2776 ultimam
719 2726 968 2777 consonantem
991 2734 1055 2799 per
1077 2715 1162 2778 duas
1186 2717 1241 2778 ·U·
1265 2715 1396 2778 litteras
1418 2713 1569 2777 debeant
1590 2710 1705 2776 scribi.
1730 2710 1806 2774 liae
1822 2708 1867 2773 de

393 2835 511 2892 eausa,
536 2813 703 2899 quoniam
726 2836 966 2901 quaecumque
988 2817 1132 2880 nomina
1154 2817 1291 2901 generis
1315 2816 1497 2880 masculini
1521 2816 1671 2879 ablativo
1695 2831 1778 2876 casu
1799 2831 1868 2874 nu·

392 2919 481 2981 meri
510 2917 693 3000 singularis
724 2916 783 2983 ·0·
811 2918 927 2982 littera
958 2920 1204 2994 terminantur,
1235 2932 1270 2982 et
1290 2919 1506 2984 nominativo
1530 2937 1612 2980 casu
1633 2915 1772 2978 numeri
1794 2915 1869 2978 siu·

391 3020 522 3105 gularis
545 3006 629 3082 ·U's·
653 3018 784 3100 syllaba
805 3020 1028 3098 deliniuntur,
1050 3024 1148 3098 haec,
1172 3023 1201 3085 si
1214 3013 1244 3104 6)
1267 3020 1428 3084 anomala
1441 3023 1468 3101 ⁷)
1492 3041 1567 3084 esse
1588 3039 1667 3108 uon·
1683 3017 1868 3104 reperiun-

392 3135 448 3184 tur
470 3113 517 3204 ⁸),
546 3134 694 3208 excepto
725 3124 887 3206 genetivo
911 3143 993 3188 casu
1014 3125 1151 3186 numeri
1173 3121 1336 3208 pluralis,
1367 3141 1433 3208 per
1454 3135 1589 3187 ceteros
1612 3141 1710 3186 casus
1728 3121 1760 3204 9)
1788 3120 1869 3205 pari

392 3244 539 3288 numero
559 3227 596 3304 ¹⁰)
619 3223 828 3304 syllabarum
852 3239 990 3312 oportet
1013 3223 1129 3289 scribi.

478 3325 582 3388 Nunc
605 3326 641 3387 iu
663 3327 728 3390 bac
752 3326 863 3390 lorma
885 3328 1022 3412 generis
1045 3329 1239 3404 masculini,
1263 3349 1332 3412 qua
1350 3329 1504 3392 diximus
1521 3327 1672 3392 ablativo
1696 3345 1778 3388 casu
1800 3343 1870 3386 nu·

393 3429 482 3490 meri
511 3425 694 3510 singularis
724 3429 868 3491 nomina
898 3429 956 3492 Ὀ·
980 3430 1095 3493 littera
1116 3432 1296 3493 terminari
1327 3443 1361 3495 et
1383 3432 1600 3495 nominativo
1623 3448 1705 3492 easu
1727 3425 1867 3490 numeri

395 3527 580 3612 singularis
608 3528 689 3593 ·US·
720 3529 850 3612 syllaba
879 3543 959 3616 post
987 3532 1043 3594 ·U·
1068 3534 1107 3615 Ι“)
1134 3531 1285 3596 litteram
1316 3531 1452 3596 deliniri
1476 3536 1533 3616 ¹¹),
1569 3534 1637 3596 hoe
1665 3549 1868 3612 monemus,

395 3630 491 3738 quod
522 3651 566 3694 ex
594 3652 632 3694 ea
660 3650 733 3694 uon
764 3651 806 3696 eo
836 3633 980 3720 plurimi
1009 3634 1105 3712 soni,
1134 3635 1203 3699 boc
1232 3647 1300 3714 est,
1334 3655 1406 3698 non
1430 3653 1471 3698 eo
1494 3633 1645 3720 plurima
1666 3623 1874 3712 uomina¹³)

395 3733 530 3818 possint
553 3731 721 3798 exbiberi.

440 4143 463 4183 st
583 4163 590 4177 .
622 4163 627 4176 .
659 4143 666 4156 ¹
783 4175 820 4185 ,,
921 4167 927 4180 .
959 4167 965 4180 .
995 4145 1002 4160 ’
1232 4179 1269 4191 -
1369 4169 1374 4181 .
1406 4168 1413 4182 .
1445 4147 1451 4160 ·
1712 4147 1719 4160 ·
1819 4149 1826 4162 ·

464 4143 475 4214 '
499 4142 798 4285 ltillli‘t..
819 4143 1404 4308 ..·”.².‘.¹³..¹l²‘,2‘{,3.ff·.‡.....',’².²5.l
1413 4143 1882 4305 s¹.¹².'.⁰.‘.i.-.⁸'..‘'i.¹.‘.i,”.‘2.⁰i·'2‘...“'f

501 4317 603 4388 pendia
617 4337 686 4390 pre:
704 4317 887 4374 antecedente
907 4320 952 4375 ·U·
971 4320 1063 4375 littera
1081 4326 1184 4396 natm).
1203 4327 1239 4394 θ’)
1257 4323 1377 4378 litteram
1396 4326 1433 4379 V.
1449 4322 1592 4376 -littera
1611 4323 1644 4376 Β.
1664 4321 1700 4374 A.
1719 4323 1757 4391 θ’)
1773 4337 1882 4392 supra-

503 4406 608 4478 scripta
628 4407 663 4462 V.
676 4407 705 4460 P.
723 4437 759 4449 -
777 4405 936 4479 supradicta
954 4409 991 4461 A.
1010 4431 1046 4461 =
1063 4412 1094 4464 B.
1114 4417 1150 4481 ⁹⁷)
1165 4421 1318 4484 perpetuus
1337 4414 1373 4469 V.
1383 4413 1419 4466 A.
1439 4444 1473 4454 —
1491 4419 1606 4483 pertnua
1624 4410 1660 4463 A.
1679 4411 1719 4479 θ’)
1738 4417 1768 4461 et
1787 4410 1885 4465 m.

503 4495 584 4548 .-.·Β.
612 4496 649 4567 θ’)
667 4491 769 4548 litteris
786 4497 819 4549 B.
839 4496 878 4551 V.
896 4526 934 4539 -
950 4495 1042 4550 littera
1060 4501 1092 4552 P.
1120 4505 1166 4570 ¹⁰0)
1186 4509 1249 4552 ante
1268 4529 1302 4545 -
1320 4508 1386 4570 pust
1402 4499 1436 4554 B.
1455 4501 1492 4556 V.
1511 4501 1543 4552 P.
1565 4499 1588 4570 Ι)
1607 4495 1820 4554 εοτίὸιωτῗ...
1833 4535 1885 4551 ...

505 4581 573 4635 duaa
593 4581 639 4638 ·U·
657 4580 764 4636 litteras
782 4585 814 4638 Β.
835 4585 871 4642 V·
890 4585 922 4638 P·
940 4607 978 4635 =
995 4587 1031 4640 A.
1059 4591 1080 4660 ·)
1101 4587 1168 4644 ·U8·
1187 4585 1294 4660 syllaba
1312 4589 1348 4644 V.
1367 4589 1398 4642 1².
1418 4621 1451 4632 -
1478 4586 1547 4641 ·U8·
1565 4582 1696 4656 syllabam
1716 4585 1751 4638 B.
1770 4615 1810 4627 —-
1829 4585 1889 4640 ·U·

406 4713 432 4726 ..
503 4669 609 4744 syllaba
627 4673 663 4724 A.
685 4674 708 4741 3)
727 4679 756 4724 et
773 4672 928 4727 aeeuastire
947 4674 979 4726 Β.
999 4695 1035 4722 =
1053 4676 1089 4730 V.
1108 4674 1145 4729 A.
1165 4677 1188 4747 ⁴)
1208 4693 1272 4728 essu
1292 4677 1328 4732 V.
1348 4677 1383 4730 A.
1402 4697 1439 4726 =
1456 4677 1488 4728 B.
1509 4677 1531 4745 5)
1550 4679 1732 4745 aute-poat
1744 4673 1887 4730 ΒΚΑ.

503 4761 529 4832 ⁸)
548 4756 616 4814 base
633 4760 658 4813 ai
675 4761 707 4817 B.
727 4789 763 4802 ·-
786 4760 811 4812 ai
828 4757 896 4813 baee
915 4763 952 4816 V.
971 4763 1007 4816 A.
1033 4767 1056 4832 7)
1082 4763 1205 4817 anomala
1224 4767 1260 4822 V.
1279 4764 1317 4820 A.
1336 4797 1371 4808 —
1389 4761 1512 4818 anomale
1529 4763 1562 4816 B.
1589 4763 1614 4834 ⁸)
1641 4761 1823 4832 reperiantur
1842 4763 1888 4816 B.

506 4849 541 4902 V.
561 4877 596 4890 —
615 4849 785 4920 reperiantur
803 4849 839 4902 A.
866 4852 892 4922 ⁹)
911 4865 989 4901 casus
1007 4851 1041 4903 B.
1060 4852 1097 4906 A.
1116 4881 1152 4896 -
1170 4869 1268 4905 eaauua
1287 4853 1323 4908 A.
1353 4855 1388 4924 ¹⁰)
1407 4869 1518 4904 numero
1538 4852 1574 4907 V.
1594 4851 1630 4904 A.
1649 4881 1685 4892 -
1703 4865 1822 4902 nomem
1842 4851 1891 4905 B.

507 4937 541 5003 ¹¹)
563 4934 608 4989 ·U·
628 4936 664 4989 V.
683 4937 716 4989 Ρ.
734 4967 770 4979 -
789 4935 856 4991 ·Us·
875 4936 910 4991 A.
941 4939 977 5010 Ι’)
996 4935 1116 4993 ablativo
1135 4957 1199 4992 eaau
1218 4979 1341 4995 ......
1356 4939 1464 4993 deliniri
1483 4941 1518 4996 V.
1533 4937 1569 4992 A.
1588 4961 1624 4988 =
1641 4940 1673 4993 Β.
1704 4939 1741 5008 ¹¹)
1761 4955 1823 4989 uon
1846 4957 1893 4994 eo

505 5019 616 5090 plurimi
635 5061 641 5073 .
663 5062 669 5074 .
691 5025 825 5079 ,nomina
850 5027 885 5082 V.
909 5057 945 5070 -
971 5043 1027 5079 nou
1053 5025 1164 5098 plurimi
1188 5028 1249 5082 seui
1267 5025 1293 5079 b.
1320 5047 1343 5080 e.
1363 5043 1419 5080 uota
1438 5026 1553 5100 plurima
1578 5027 1689 5080 uomina
1711 5025 1739 5078 Ρ.
1760 5057 1796 5068 -
1818 5045 1896 5084 raon

507 5125 539 5159 es
565 5105 677 5178 plurimi
703 5111 778 5176 soni,
803 5109 856 5166 boe
882 5123 923 5168 eat
949 5131 1028 5187 quum
1053 5113 1170 5187 plurima
1197 5115 1307 5171 uomina
1326 5133 1358 5171 eo
1377 5115 1413 5170 A.
1433 5147 1467 5160 -
1495 5133 1551 5170 nou
1570 5111 1734 5186 coplurimi
1754 5113 1822 5168 aeni
1846 5119 1892 5171 Β.

507 5197 553 5261 l:
571 5196 660 5268 reliq.)
