4032 6070
553 509 1112 596 incertissimus.
1502 545 1571 612 288

114 681 232 758 luitur,
266 681 392 767 quibus
410 695 444 747 et
468 683 526 747 illa
550 685 708 762 nourina,
746 705 835 770 quae
857 686 901 751 ab
923 687 973 750 ·E·
997 687 1167 772 producto
1192 688 1311 750 venire
1338 687 1569 774 reperiuntur,

117 805 173 868 qua
188 785 226 847 de
243 805 344 849 causa
358 805 430 848 non
447 798 480 850 et
493 788 560 850 boc
573 807 700 850 nomeu
716 788 759 852 ad
771 789 822 852 ·E·
838 789 1047 875 productum
1062 791 1236 876 pertinere
1250 791 1572 874 pronuntiatur⁹²)?

120 887 170 948 sed
192 880 334 970 huic⁹³)
364 889 549 952 intentioni
575 909 646 952 non
674 889 817 974 dignum
848 905 898 956 est
930 892 1158 978 respondere,
1197 892 1481 978 quandoquidem
1504 894 1572 955 boc

119 1008 230 1050 nomen
242 1008 309 1053 nec
323 1011 387 1075 per
403 1011 524 1054 omnes
536 983 578 1072 9’)
598 1012 713 1068 casus,
738 992 839 1056 sicuti
861 1013 964 1080 supra
981 992 1024 1057 de
1041 994 1186 1079 quiete
1203 995 1402 1067 docuimus,
1426 993 1469 1056 ad
1483 1014 1572 1080 spe·

27 1133 28 1168 ,
114 1085 239 1173 siaiu)
263 1090 531 1156 declinationem
550 1106 759 1178 perseveret,
783 1114 847 1157 uec
864 1115 992 1179 genera
1007 1096 1198 1159 masculina
1220 1096 1264 1159 ad
1288 1096 1338 1158 ·E·
1361 1095 1569 1182 productum

115 1193 316 1276 reperiantur
329 1187 374 1275 ⁹⁴⁵)
397 1195 591 1278 pertinere;
620 1193 810 1278 siquidem,
841 1197 1071 1282 sicutisupra
1100 1197 1424 1283 docuimus,'quod
1448 1197 1571 1262 ablati-

115 1314 165 1356 vus
185 1313 281 1358 casus
305 1294 357 1358 ·E·
380 1296 496 1362 littera
518 1296 689 1383 producta
718 1299 922 1362 terminatus
943 1303 988 1384 ⁰5)
1011 1319 1120 1386 genus
1143 1299 1349 1364 femininum
1373 1300 1486 1364 solum
1509 1321 1572 1364 ex·

115 1395 213 1460 hibeat
235 1407 382 1460 tanturn.

184 1499 256 1562 256.
287 1498 375 1562 ltem
407 1502 587 1586 quaeritur
614 1501 731 1582 dies,
750 1522 829 1566 oum
857 1525 922 1590 per
949 1522 1070 1567 omnes
1093 1523 1191 1568 casus
1220 1504 1264 1569 ad
1288 1505 1338 1568 ·E·
1361 1505 1570 1590 productum

117 1601 274 1685 pertinere
303 1603 496 1686 reperiatur
513 1596 574 1686 9”).
604 1623 672 1689 qua
702 1604 745 1668 de
776 1626 879 1668 causa
911 1604 1086 1688 Vergilius
1117 1604 1224 1670 diem
1247 1609 1277 1696 ⁶)
1314 1619 1349 1671 et
1379 1605 1571 1670 masculino

118 1723 224 1786 genere
255 1705 490 1788 pronuntiarit
509 1707 575 1786 ⁹⁹)?
604 1705 721 1788 Quare
744 1709 811 1772 hoc
835 1725 1034 1783 monemus,
1067 1708 1162 1792 quod
1185 1710 1254 1772 sint
1276 1709 1400 1793 aliqui,
1425 1709 1485 1794 qui
1504 1710 1572 1770 hoc

118 1804 373 1868 adseverandnm
397 1827 469 1870 esse
493 1821 684 1882 senserunt,
709 1810 805 1893 quod
827 1809 919 1873 dies
937 1811 990 1892 ¹⁰⁰)
1014 1809 1093 1872 ideo
1116 1808 1283 1874 leminino
1307 1830 1434 1896 genere
1457 1830 1530 1874 esse
1548 1813 1571 1891 ¹)

118 1908 365 1991 pronuntietur,
390 1909 485 1992 quod
507 1911 544 1973 iu
567 1910 805 1976 deminutione
828 1909 1001 1975 diecula
1024 1909 1136 1974 lacere
1160 1914 1365 1978 inveniatur.

185 2013 257 2076 257.
282 2010 370 2079 ltem
384 2013 448 2074 hac
464 2012 506 2074 de
522 2031 624 2076 causa
647 2013 739 2077 dies
756 2015 785 2096 ¹)
807 2011 999 2076 masculino
1016 2033 1143 2096 genere
1158 2013 1380 2076 adseveratur
1394 2005 1433 2094 ³),
1457 2011 1570 2096 'quo-
1581 2007 1677 2112 ''3¹²3‘-

118 2113 194 2174 niam
216 2113 252 2175 in
275 2132 421 2177 numero
443 2113 571 2198 plurali
594 2115 717 2179 melius
740 2131 862 2178 sonare
886 2115 1058 2200 reperitur
1076 2104 1116 2192 ⁴),
1139 2126 1178 2176 ut
1199 2126 1298 2200 puta:
1322 2113 1476 2200 optimi
1497 2133 1569 2178 non
1637 2101 1641 2110 ’

121 2215 294 2298 optimae
317 2214 407 2278 dies
421 2209 462 2297 ⁵).
484 2215 588 2279 Nunc
610 2235 674 2280 nos
690 2211 718 2300 ⁶)
742 2219 809 2281 boc
831 2235 1030 2292 monemus,
1055 2215 1219 2300 quoniam
1243 2235 1482 2301 quaecumque
1504 2236 1570 2280 uo-

120 2317 196 2377 mina
225 2317 261 2378 in
291 2316 507 2380 nominativo
538 2337 620 2382 casu
647 2319 784 2382 numeri
811 2317 1011 2402 singularis,
1042 2318 1073 2380 si
1095 2319 1124 2400 ⁷)
1146 2339 1211 2402 per
1231 2339 1334 2399 unam
1360 2331 1491 2382 mutarn
1515 2339 1572 2382 so·

119 2437 186 2480 nare
207 2417 410 2493 audiuntur,
440 2420 508 2482 hoc
531 2431 582 2483 est
604 2419 701 2483 nulla
714 2415 747 2502 ⁸)
772 2420 839 2483 alia
862 2430 1075 2484 consonante
1103 2431 1241 2504 praeter
1262 2441 1367 2484 uuam
1390 2432 1522 2484 mutam
1541 2423 1572 2502 ⁹)

120 2520 147 2580 in
166 2520 282 2583 eodem
313 2520 528 2585 nominativo
553 2540 634 2584 casu
655 2523 792 2585 numeri
821 2521 1005 2607 singularis
1033 2520 1140 2584 scribi
1162 2522 1400 2606 reperiuntur,
1432 2523 1517 2586 haec
1539 2533 1574 2584 et

119 2623 219 2702 generi
242 2621 436 2686 masculino
460 2622 613 2686 subiecta
637 2645 710 2688 esse
733 2624 954 2709 reperiuntur
971 2625 1029 2706 ¹⁰);
1053 2623 1113 2687 sed
1136 2623 1217 2706 quia
1233 2623 1320 2686 ratio
1344 2641 1511 2686 sonorum
1530 2623 1572 2705 ¹¹)

119 2735 173 2798 est,
193 2737 225 2786 et
243 2725 284 2806 ¹¹)
306 2723 386 2786 ideo
409 2725 477 2788 hoo
500 2725 538 2787 in
560 2725 653 2789 sonis
677 2728 827 2811 apertius
852 2725 1166 2790 demonstrabimus
1188 2717 1239 2806 ¹³).

186 2828 256 2890 258.
290 2824 393 2888 Nunc
423 2827 490 2890 hoc
519 2845 702 2890 monemus
725 2827 761 2889 in
784 2829 848 2891 bac
872 2828 1001 2903 torma,
1024 2827 1161 2910 generis
1184 2825 1317 2890 scilicet
1337 2817 1376 2909 ¹⁴)
1400 2825 1572 2904 feminini,

120 2946 174 3008 qua
201 2925 354 2990 diximus
383 2926 534 2992 ablativo
566 2947 646 2992 casu
674 2930 811 2992 numeri
840 2927 1024 3012 singularis
1046 2928 1189 2991 nonrina
1219 2928 1270 2991 ·E·
1292 2927 1406 2990 littera
1430 2917 1468 3010 ¹⁵)
1490 2947 1575 3012 pro-

122 3027 206 3092 ducta
228 3029 418 3104 terminari,
442 3030 537 3112 quod
562 3051 606 3093 ex
621 3051 661 3093 ea
676 3025 716 3114 ¹⁰)
738 3031 816 3117 plus
835 3051 938 3115 quarn
953 3030 1144 3114 nonaginta
1167 3029 1235 3092 duo
1251 3029 1340 3104 soni,
1365 3030 1432 3092 boc
1447 3036 1498 3093 est
1519 3028 1571 3107 ¹⁷),

121 3131 291 3214 nonaginta
322 3129 391 3192 duo
420 3133 564 3194 nomina
586 3129 814 3218 nonpossint
836 3126 874 3212 ¹8)
899 3130 1056 3194 exhiberi
1082 3133 1133 3212 ¹⁹).

187 3232 239 3296 De
263 3230 375 3296 torma
396 3233 534 3316 generis
563 3232 737 3310 feminini,
767 3252 835 3318 qua
857 3232 1008 3296 ablativo
1038 3251 1119 3294 casu
1141 3232 1282 3294 numeri·
1301 3230 1485 3313 singularis
1509 3250 1574 3294 no-

121 3334 197 3396 mina
225 3333 276 3397 ·E·
307 3332 423 3397 littera
449 3335 619 3420 producta
647 3336 893 3412 terminantur,
925 3347 1091 3419 quantum
1120 3334 1208 3398 ratio
1231 3331 1415 3418 poscebat,
1447 3345 1573 3396 tracta-

122 3435 216 3498 vimus
235 3437 291 3518 ²⁰).
1058 3519 1061 3526 .

189 3540 258 3603 259.
281 3538 343 3601 De
368 3536 418 3600 ·E·
443 3551 654 3625 correpto
671 3538 724 3620 ”).
750 3537 801 3602 ·E·
824 3538 939 3604 littera
955 3550 1115 3626 correpta
1131 3537 1298 3600 ablativus
1316 3554 1414 3600 casus
1437 3536 1573 3599 numeri

1586 2693 1679 2744 vaed-
1721 2737 1727 2748 .

161 3841 192 3907 ⁹’)
214 3839 495 3998 Ptrsnunfi'mp'sij'
514 3871 551 3883 -
569 3840 764 3996 proneptiepgr
783 3841 819 3895 V.
840 3873 875 3942 T:
892 3841 1105 3982 {enuntiantur
1122 3841 1161 3982 As
1177 3843 1214 3909 θ’)
1231 3835 1296 3892 lruic
1309 3839 1407 3980 (A)
1417 3837 1574 3998 --npiucli¹

214 3937 225 3968 ⁹
268 3943 363 3977 omnes
412 3966 417 3979 .
466 3967 471 3979 .
493 3960 529 3969 -
547 3945 636 3981 ornare
680 3966 687 3981 .
772 3945 784 3980 s
808 3947 876 3981 scier
921 3945 1014 3981 .-s
1037 3945 1109 3979 ecies
1160 3966 1166 3982 .
1185 3945 1252 3978 -s
1274 3945 1359 3980 entem
1408 3967 1415 3980 .
1497 3943 1576 3996 repe-

152 4065 160 4086 *
212 4015 313 4068 dautur
331 4015 363 4068 B.
385 4015 421 4068 V.
438 4047 474 4058 -
492 4017 665 4086 reperiuntur
680 4016 716 4069 A.
745 3947 964 4086 ⁹⁷)Ptermiuatus
980 3946 1066 4069 ΚΡ-
1081 4015 1241 4067 terminatur
1254 3946 1287 4068 ΙΒ
1306 4015 1341 4068 A.
1369 4015 1406 4086 θ’)
1426 4013 1577 4084 reperiatur

214 4103 247 4154 V.
263 4105 299 4155 A.
314 4133 351 4144 -
366 4103 535 4174 reperiantur
553 4105 586 4156 B.
605 4108 640 4172 ⁹⁹)
660 4103 847 4174 pronuntiarit
862 4104 943 4158 13.V.
964 4133 999 4142 —
1017 4101 1210 4172 pronuntiaret
1227 4102 1263 4154 A.
1291 4102 1339 4169 ¹⁰⁰)
1359 4098 1419 4153 dies
1436 4101 1473 4156 V.
1490 4101 1526 4154 A.
1542 4129 1578 4140 -

214 4186 284 4240 diem
308 4191 341 4241 Β.
367 4195 389 4260 ’)
415 4208 475 4243 esse
498 4191 530 4243 Β.
546 4213 583 4242 .-.-
598 4192 635 4244 V.
650 4191 685 4244 A.
714 4191 738 4262 ¹)
765 4187 817 4242 bac
837 4187 872 4242 de
892 4207 972 4241 causa
991 4187 1052 4242 dies
1070 4189 1104 4242 B.
1126 4189 1162 4243 V.
1182 4220 1218 4230 -
1237 4185 1296 4240 dies
1315 4185 1366 4241 lure
1386 4183 1421 4238 do
1441 4203 1520 4238 causa
1539 4185 1576 4240 A.

213 4279 235 4343 ³)
254 4274 430 4331 adseveratur
448 4280 480 4332 Β.
501 4298 533 4331 ex
553 4297 602 4330 em.
622 4298 663 4348 pr.
684 4298 719 4331 m.
738 4309 774 4321 -
792 4275 969 4330 adseveretur
988 4277 1025 4332 V·
1040 4276 1073 4330 P.
1091 4306 1128 4318 -
1146 4273 1321 4328 desereretur
1338 4276 1374 4329 A.
1400 4275 1422 4345 ⁴)
1443 4273 1579 4344 reperitur

211 4365 242 4416 Β.
263 4365 298 4422 V.
321 4391 352 4404 -
379 4365 530 4434 reperiatur
554 4365 590 4419 A.
612 4366 633 4434 ⁵)
653 4364 751 4435 optimi
771 4361 846 4428 dies,
864 4381 921 4418 nou
939 4364 1060 4434 optimae
1079 4359 1139 4416 dies
1158 4393 1192 4410 ι-
1211 4363 1309 4434 optimi
1326 4379 1383 4415 nou
1402 4370 1529 4432 optumae
1548 4356 1577 4410 d.

212 4453 287 4504 Β.-
306 4452 405 4523 optimi
424 4449 485 4506 dies
502 4469 559 4506 nou
578 4453 698 4523 optimae
718 4453 754 4505 V.
765 4452 802 4505 A.
820 4453 844 4523 ⁶)
863 4469 914 4505 uos
933 4451 966 4504 Β.
985 4451 1020 4506 V.
1037 4472 1073 4502 =
1086 4449 1123 4502 A.
1149 4453 1173 4519 ⁷)
1193 4450 1218 4502 si
1235 4451 1267 4502 B.
1286 4473 1324 4500 =
1342 4450 1378 4504 V.
1395 4449 1431 4502 A.
1461 4449 1484 4516 Ι)
1503 4445 1578 4498 nulla

212 4539 243 4591 Β.
255 4541 290 4592 V.
309 4569 344 4582 ·-
365 4539 392 4590 in
413 4539 466 4592 ulla
485 4542 516 4595 V
515 4578 521 4592 .
541 4546 564 4611 ⁹)
587 4557 666 4592 unum
685 4549 785 4592 mutam
806 4539 842 4594 V.
852 4539 888 4592 A.
907 4569 944 4580 —
961 4545 1117 4590 unamutam
1136 4538 1168 4588 B.
1191 4537 1225 4602 ¹⁰)
1243 4531 1312 4588 baec
1331 4543 1359 4590 et
1374 4571 1475 4588 .....
1497 4549 1576 4603 repe-

214 4627 319 4680 riuntur
337 4630 368 4680 Β.
379 4629 410 4681 V
409 4630 456 4682 ‚tt
474 4652 511 4680 =
529 4629 565 4684 A.
589 4629 701 4698 ¹¹)ratio
720 4643 850 4679 sonorum
869 4627 948 4680 B.-
962 4643 1094 4678 sonorum
1113 4623 1182 4677 ratio
1202 4622 1240 4678 V.
1249 4623 1286 4676 A.
1308 4625 1343 4691 ¹²)
1363 4629 1391 4673 et
1408 4619 1575 4674 B.V·=A.

217 4717 250 4784 ¹¹)
269 4711 519 4768 demonstrabimus
539 4718 576 4770 V.
587 4717 623 4770 A.
642 4745 678 4759 -
697 4713 943 4768 demonstravimus
962 4714 996 4768 Β.
1019 4713 1054 4780 ¹⁴)
1074 4711 1181 4780 generis
1201 4706 1310 4761 scilicet
1328 4710 1360 4762 B.
1372 4709 1407 4763 V.
1425 4703 1577 4758 -eeilieet

213 4802 318 4868 generis
338 4803 373 4854 A.
396 4804 431 4870 ¹⁵)
448 4801 540 4854 littera
559 4805 590 4855 B.
610 4805 640 4858 V
640 4842 645 4854 .
664 4826 701 4854 =
719 4803 755 4856 A.
777 4803 811 4871 ¹⁶)
832 4818 862 4853 es
881 4802 912 4854 Β.
924 4799 960 4853 V.
978 4830 1014 4841 —-
1033 4817 1065 4852 eo
1084 4798 1120 4850 A.
1152 4799 1185 4867 ¹⁷)
1205 4796 1352 4866 nonaginta
1371 4792 1426 4847 dun
1445 4794 1508 4846 soni
1523 4789 1577 4845 boc

215 4895 254 4939 est
272 4890 303 4942 Β.
324 4891 360 4945 V.
379 4911 415 4941 =
431 4892 469 4944 A.
497 4891 531 4960 ⁸⁸)
559 4891 669 4960 possint
688 4891 721 4944 B.
741 4890 777 4945 V.
796 4920 832 4930 «-
850 4893 968 4960 possunt
987 4889 1022 4940 Α.
1053 4888 1087 4956 ¹⁹)
1114 4881 1237 4938 exbiberi
1256 4884 1293 4938 V.
1311 4884 1347 4937 A.
1367 4913 1402 4924 -
1421 4878 1525 4934 exiberi
1542 4881 1576 4936 B.

216 4979 249 5043 ²⁰)
267 4975 309 5028 De
328 4979 413 5029 lorrna
433 5016 547 5029 .....
570 4978 741 5030 tractavimus
762 4978 797 5031 V.
813 4979 842 5030 P.
853 4979 887 5032 A.
909 4977 968 5048 (red
983 4999 1019 5026 =
1035 4971 1184 5045 producta)
1202 5004 1235 5012 -
1254 4970 1298 5022 De
1313 4967 1472 5044 supradicta
1491 4967 1577 5024 forma

216 5071 341 5132 spirantum
361 5066 429 5118 ratio
448 5063 583 5136 poscebat
603 5067 775 5119 tractavimus
794 5065 825 5120 B.
848 5071 882 5134 Ἰ)
904 5069 1031 5136 correpto
1051 5063 1083 5115 Β.
1095 5061 1126 5116 V
1125 5101 1130 5113 .
1150 5093 1186 5104 -
1206 5067 1332 5130 correpta
1351 5059 1387 5116 A.

167 5183 194 5242 a)
218 5183 289 5256 γῆς.
309 5190 374 5242 nea.
393 5187 429 5240 ll.
449 5193 510 5248 249.
532 5195 559 5241 et
576 5185 688 5258 passim.
