4020 6068
425 554 492 612 nt
891 555 1429 614 accessero

426 662 573 750 incerti
592 659 867 750 Grammatici
888 685 1018 768 artes,
1040 695 1220 780 quarum
1244 665 1520 778 fragmentum
1544 665 1693 780 legitur
1713 671 1755 754 in
1777 671 1897 756 anull.

427 795 578 886 nostris
595 827 637 910 p.
661 823 713 904 77
737 824 875 912 seqq„
897 829 951 884 an
969 796 1144 886 demum
1163 799 1267 886 alius
1282 803 1505 918 artigraphi
1524 803 1772 919 opusculum
1787 836 1808 890 a
1825 835 1901 888 no-

426 957 512 1025 stro
537 927 697 1019 Codice
713 929 903 1016 avulsum
924 932 1176 1039 contineam,
1199 935 1405 1024 affirmare
1425 968 1511 1024 noo
1532 935 1750 1026 audemus.

544 1066 633 1152 lam
661 1063 786 1150 binae
815 1064 1097 1152 institutorum
1122 1067 1253 1154 Probi
1287 1067 1343 1156 ad
1376 1069 1667 1158 Coelestinum
1691 1072 1900 1160 editiones

425 1199 630 1287 Parrhasii
642 1199 749 1284 inter
759 1231 803 1287 se
817 1224 858 1285 et
869 1231 964 1286 cum
978 1197 1138 1288 Codice
1149 1203 1401 1290 bobiensi-in
1416 1205 1613 1290 omnibus
1626 1207 1711 1292 fere
1724 1237 1899 1294 consen·

425 1337 534 1420 tiunt
558 1330 747 1449 ideoque
777 1333 901 1418 etiam
921 1367 971 1420 ex
990 1331 1144 1420 eodem
1161 1367 1230 1424 eas
1242 1335 1403 1423 Codice
1423 1365 1612 1422 manasse
1633 1335 1899 1443 arbitramur,

424 1499 565 1586 neque
588 1467 692 1554 alius
713 1465 894 1586 (practer
922 1471 1207 1585 apographum
1235 1469 1562 1584 Neapolitanum
1588 1489 1774 1556 enostto
1795 1499 1897 1554 con-

424 1601 597 1720 sectum)
628 1602 819 1688 notitiam
842 1600 969 1686 ullam
993 1603 1179 1688 invenire
1197 1605 1433 1718 potuimus3
1462 1633 1561 1688 nam
1590 1603 1897 1690 vetustissimus

423 1734 548 1840 Cod.‚
573 1765 659 1850 quo
676 1764 775 1820 usus
795 1757 857 1820 est
876 1735 1006 1820 Henr.
1030 1735 1181 1822 Ernst
1200 1738 1310 1822 Prot
1332 1739 1521 1823 Sorensis
1543 1738 1585 1824 iu
1615 1735 1801 1826 editione
1822 1767 1898 1824 sua

422 1866 1302 1984 ValeriiProbideioterpretandis
1335 1871 1897 1959 Romanorumliteris

422 2026 515 2087 etc.
537 2001 710 2106 Sorae,
735 2033 807 2117 ap.
831 2004 990 2090 Henr.
1014 2004 1261 2090 Crucium
1288 2010 1411 2112 1647.
1432 2025 1472 2110 4,
1496 2030 1639 2092 noster
1666 2007 1897 2122 ipsissimus

421 2135 643 2222 bobiensis
666 2135 755 2242 suit,
781 2139 896 2222 cuius
915 2139 1158 2254 particulam
1172 2138 1278 2257 (quo
1291 2141 1380 2226 iure
1398 2140 1624 2259 nescimus)
1645 2170 1765 2226 auam
1786 2138 1897 2226 lecit.

412 2267 635 2356 'En'verba
659 2270 816 2357 Ernstii
836 2305 876 2386 p.
915 2277 996 2359 115
1023 2303 1135 2388 seq.:
1171 2274 1593 2358 Vetustissimos
1623 2302 1765 2358 meus
1800 2273 1898 2359 Co-

419 2399 520 2490 dex
548 2405 651 2508 Ms,
685 2406 774 2520 qui
804 2406 933 2489 olim
960 2404 1149 2488 fuitCl.
1181 2404 1401 2490 Antonii
1430 2401 1710 2518 Seripandi
1740 2406 1898 2524 (anno

418 2563 547 2623 vero
573 2536 852 2650 superiore
888 2533 1558 2651 eundemNeapolimeum
1590 2537 1711 2655 feci)
1734 2539 1896 2625 ita...

419 2672 472 2756 in
505 2671 677 2786 capita
708 2667 1039 2754 distributus
1073 2691 1169 2756 est:
1211 2700 1310 2754 nec
1351 2669 1416 2756 ob
1459 2671 1896 2786 antiquissimam

420 2807 538 2890 eius
562 2804 874 2919 scripturam
903 2801 1200 2921 quidquam
1219 2804 1494 2890 immutare
1515 2805 1761 2891 volui....
1783 2836 1896 2891 con·

418 2961 521 3025 stat
554 2938 774 3024 enimes
801 2936 888 3021 Ms.
922 2934 1069 3051 quod
1094 2938 1200 3023 alia
1230 2935 1471 3022 eiusdem
1502 2940 1781 3054 scriptoris
1811 2937 1895 3056 (so.

290 3153 293 3160 ,
418 3071 599 3189 Probi)
628 3071 1074 3186 praecesserint,
1105 3069 1496 3159 duonimirum
1525 3071 1651 3158 libri
1684 3075 1896 3158 institu-

418 3208 625 3291 tionum
659 3205 1159 3318 grammaticarum.“
1210 3203 1463 3292 Notandum·
1488 3229 1629 3300 tamen
1661 3206 1896 3320 inscriptio·

417 3370 515 3424 nem
535 3340 576 3424 in
601 3335 859 3424 editionibus
879 3340 1178 3424 Parrhasianis:
1223 3338 1387 3426 Probi
1418 3340 1674 3426 instituta
1698 3341 1893 3426 artium

418 3469 484 3558 ad
504 3471 871 3560 Caelestinum
891 3506 916 3558 a
935 3472 1096 3560 Codice
1117 3473 1319 3560 bobiensi
1338 3473 1499 3577 abesse,
1520 3504 1596 3590 pro
1610 3505 1696 3591 qua
1716 3473 1758 3558 io
1783 3469 1892 3558 Cod.

417 3606 521 3692 nihil
545 3607 625 3692 nisi
653 3606 908 3694 vocabulum
937 3607 1219 3711 Praelatio,
1255 3605 1419 3724 quoda
1448 3609 1665 3696 Parrhasio
1688 3606 1890 3692 omissum

418 3766 493 3845 est,
513 3741 674 3854 legitur.
695 3741 1013 3857 Inscriptionem
1035 3741 1405 3827 hancaParrbasio
1427 3741 1657 3826 conlectam
1672 3769 1781 3846 esse,
1798 3771 1891 3854 per·

416 3904 584 3960 suasum
615 3873 739 3959 nobis
759 3873 979 3958 babemus.
1018 3872 1116 3958 Non
1149 3897 1408 3979 semoveat,
1440 3871 1560 3990 quod
1589 3874 1827 3960 Parrhasius
1848 3873 1890 3956 in

415 4006 673 4123 praefatione
707 4005 902 4092 editionis
932 4037 969 4091 a.
1007 4013 1116 4108 1504
1140 4003 1258 4092 dicit:
1289 4007 1383 4111 „Ea
1402 4031 1572 4122 propter
1595 4006 1891 4092 accuratissimi

416 4141 673 4252 grammatici
698 4141 857 4226 Probi
885 4141 1132 4227 instituta
1165 4143 1348 4228 artium
1384 4142 1482 4258 (sic
1504 4143 1636 4226 enim
1666 4140 1808 4226 libro
1833 4141 1890 4224 ti-

416 4275 588 4360 tulum
613 4276 742 4360 fecit
767 4337 778 4358 .
800 4335 813 4358 .
836 4336 846 4359 .
871 4273 935 4360 ad
960 4299 1006 4360 te
1029 4275 1203 4382 m·isi;“
1233 4277 1435 4362 namhoc
1460 4272 1792 4360 eduobuslocis
1825 4303 1890 4360 ca·

416 4408 667 4498 tholicorum
692 4409 904 4526 col.1487
934 4432 975 4494 et
1010 4413 1120 4507 1488
1150 4409 1332 4515 Puuch,
1360 4409 1435 4496 ubi
1454 4408 1683 4525 utrobique
1714 4408 1887 4519 legitur:

418 4543 489 4652 „in
515 4543 795 4630 institutis
830 4544 1046 4648 artium,
1080 4544 1177 4629 hoe
1200 4545 1352 4630 estin
1381 4543 1525 4630 libro
1556 4543 1721 4659 primo
1753 4572 1890 4628 mon·

416 4679 630 4781 stravi,“
660 4679 776 4764 facile
799 4677 993 4790 colligere
1023 4701 1238 4794 potuerat,
1274 4701 1320 4763 ut
1340 4701 1551 4764 teceamus
1571 4677 1827 4762 Prisciaoum
1847 4700 1889 4761 et

416 4811 691 4927 Pompeium,
727 4815 804 4929 qui
823 4809 975 4896 eodem
1007 4810 1086 4896 sub
1111 4812 1246 4917 titulo,
1274 4813 1404 4898 Probi
1426 4812 1674 4926 opusculum
1700 4807 1887 4896 laudant.

436 4948 440 4954 ’
533 4945 667 5030 Aliter
695 4975 741 5031 se
768 4975 833 5030 res
862 4945 991 5031 habet
1023 4975 1118 5030 cum
1143 4947 1347 5032 Parrhasii
1373 4943 1558 5034 editione
1587 4943 1886 5032 catholicorum

415 5078 568 5185 Probi,
599 5107 728 5198 quam
762 5079 805 5164 in
830 5079 1041 5166 nonnullis
1070 5080 1172 5166 locis
1200 5111 1226 5166 a
1252 5081 1432 5178 lectione
1456 5077 1627 5166 Codicis
1648 5079 1780 5166 nostri
1798 5108 1887 5166 nott

416 5245 564 5330 parum
585 5210 794 5319 recedere,
826 5243 849 5298 e
873 5214 1094 5304 collatione
1124 5214 1291 5302 anobis
1307 5214 1492 5300 instituta
1522 5213 1813 5318 intelleximus,
1830 5213 1885 5296 ita
