4022 6068
7 859 8 872 l

7 935 9 950 l

177 1141 223 1208 0
301 1097 692 1190 scemenum
704 1097 945 1186 mnu
955 1091 1428 1182 rmnnonra
1449 1090 1645 1180 *rann
1663 1091 1885 1180 anun

502 1515 530 1576 1.
552 1489 727 1592 Ars'quid
749 1508 823 1571 est?
842 1505 1114 1592 uniuscuiusque
1137 1506 1188 1570 rei
1210 1505 1365 1570 scientia.

495 1615 527 1678 2.
549 1611 686 1676 Artium
710 1627 837 1693 genera
858 1619 946 1693 quot
967 1611 1069 1672 sunt?
1091 1607 1153 1672 111.

496 1717 527 1779 3.
551 1713 651 1795 Quae
678 1714 780 1776 sunt?
806 1709 976 1796 quaedam
1005 1709 1114 1774 animi
1140 1721 1293 1788 tantum,
1317 1705 1486 1792 quaedam
1510 1708 1688 1794 corporis,
1713 1704 1883 1792 quaedam

412 1816 520 1881 animi
543 1826 577 1879 et
599 1813 768 1898 corporis.

498 1919 527 1981 4.
552 1915 651 2000 Quae
675 1926 755 1978 sunt
782 1913 890 1976 animi
918 1915 1075 1976 tantum?
1103 1912 1241 1998 poetice
1259 1911 1300 1994 ²),
1323 1911 1454 1974 musice
1473 1904 1513 1994 ³),
1536 1910 1742 2002 astrologia,
1765 1929 1882 1994 gram-

411 2018 537 2084 matice
552 2009 601 2099 ⁴),
624 2015 798 2080 rhetorice
810 2009 858 2097 ⁵),
881 2016 966 2079 iuris
989 2015 1152 2090 scientia,
1175 2013 1408 2099 philosophia.

496 2126 526 2184 5.
553 2118 652 2201 Quae
676 2117 857 2202 corporis?
878 2111 1205 2195 iaculatio‚'s'altus‚
1226 2115 1412 2190 velocitas,
1435 2113 1551 2178 oneris
1574 2125 1763 2197 gestamen.

497 2222 527 2287 6.
551 2220 651 2304 Quae
675 2220 782 2283 animi
806 2230 839 2283 et
862 2219 1043 2305 corporis?
1063 2219 1153 2282 ruris
1176 2217 1322 2296 cultura,
1344 2217 1516 2302 palaestra
1533 2207 1575 2298 ⁶),
1598 2215 1786 2291 medicina,
1811 2233 1885 2277 me·

413 2322 556 2387 chanice
573 2323 620 2404 ⁷),
644 2323 817 2386 teutonice
834 2315 873 2404 ⁸).
1000 2385 1005 2390 ,

496 2428 528 2490 7.
559 2420 658 2506 Q'nae
687 2437 767 2488 sunt
796 2422 938 2499 exuis,
969 2441 1059 2506 qnae
1087 2419 1388 2486 aliis'nominibus
1403 2422 1433 2502 9)
1465 2420 1633 2484 discretae
1656 2421 1758 2482 aunt?
1783 2441 1883 2480 aeac-

411 2528 533 2602 τιγνὶιι,
555 2529 757 2607 daodorapvlu
779 2526 839 2607 ¹⁰),
866 2527 1083 2604 pararoaayaia
1104 2524 1155 2607 ΙΙ).
1178 2527 1375 2600 nuncupet«
1393 2525 1432 2606 ¹²)
1456 2542 1544 2608 qnae
1567 2523 1639 2584 est?
1667 2521 1821 2584 oratoria
1841 2518 1882 2602 ⁸).

498 2629 530 2692 8.
556 2626 673 2709 Quare
695 2629 904 2702 amorraeis?
931 2627 960 2688 si
983 2625 1124 2711 quidem
1148 2625 1321 2689 malitioso
1344 2637 1420 2688 astu
1442 2625 1479 2687 in
1501 2625 1538 2687 id
1560 2625 1655 2708 qnod
1677 2621 1884 2708 persuadere

413 2727 550 2812 quaerit
563 2729 706 2804 intenta,
721 2727 927 2814 plerumque
944 2728 987 2791 ad
1002 2727 1266 2813 pervertendam
1279 2728 1403 2790 nititur
1416 2728 1616 2802 veritatem
1637 2715 1884 2808 drotmaaaiass)

412 2830 567 2914 itemque
598 2842 665 2907 est,
694 2849 783 2914 quae
816 2830 952 2893 animos
980 2830 1164 2894 hominum
1193 2849 1383 2912 sensusque
1412 2827 1561 2914 quadam
1591 2828 1707 2916 specie
1729 2826 1883 2890 veritatis

412 2931 550 3007 inludit,
572 2932 680 2996 veluti
703 2940 755 2994 est
776 2932 951 3016 pictorum
974 2943 1008 2995 et
1030 2931 1332 3017 praestigiatorum
1356 2921 1406 3013 Ι4).

497 3037 528 3101 9.
552 3032 648 3115 Quid
675 3038 893 3114 pararemus
921 3027 981 3115 '⁵)?
1010 3053 1098 3118 quae
1121 3033 1278 3098 difficiles
1306 3032 1448 3119 quidem
1471 3053 1542 3109 res,
1572 3051 1644 3097 non
1668 3044 1783 3096 tamen
1806 3031 1884 3096 nsni

411 3135 639 3211 necessarias,
663 3133 762 3212 lacit,
784 3147 824 3198 ut
844 3147 930 3222 puta
947 3127 987 3218 16)
1011 3134 1214 3212 funambuli.

458 3459 482 3532 ¹)
508 3455 680 3514 Palaemonis
698 3493 734 3504 -
751 3457 904 3533 palemonia
925 3463 993 3516 0011.
1014 3461 1038 3535 ¹)
1056 3461 1168 3533 poetice
1185 3492 1221 3503 —
1238 3461 1365 3532 poeticae
1385 3459 1454 3514 Coei.
1475 3464 1497 3531 ³)
1511 3459 1615 3512 musice
1628 3459 1794 3511 -musicae
1814 3459 1883 3512 cor.

518 3548 544 3621 ⁴)
563 3547 789 3616 grammatice-
808 3550 997 3620 grammaticae
1018 3549 1085 3602 Cod.
1107 3549 1128 3620 ι)
1148 3545 1285 3602 rhetorica
1302 3579 1339 3591 -·
1357 3545 1508 3601 rhetoricae
1529 3549 1596 3602 cod.
1616 3567 1651 3602 ea
1669 3566 1720 3600 am.
1738 3565 1825 3618 pum.
1840 3563 1883 3597 rc-

518 3635 620 3688 loricac
641 3636 709 3689 Cori.
730 3656 748 3689 a
765 3655 807 3708 pr.
826 3657 861 3690 m.
887 3637 910 3707 ⁶)
929 3635 1065 3708 palaestra
1083 3635 1255 3708 -palestra
1277 3637 1343 3689 coa.
1370 3637 1396 3708 7)
1412 3629 1570 3688 mechanico
1588 3667 1623 3676 -
1640 3631 1795 3686 mechanici
1816 3634 1882 3686 cod.

517 3743 551 3776 ex
568 3743 619 3776 em.
644 3743 687 3794 pr.
706 3741 741 3775 m.
765 3721 923 3776 mechanica
944 3725 1010 3778 cdd.
1030 3745 1048 3778 a
1066 3744 1108 3794 pr.
1127 3743 1162 3776 m.
1199 3725 1223 3796 ⁸)
1243 3723 1381 3776 tectonica
1399 3753 1435 3764 -
1453 3720 1605 3776 tlrectonici
1625 3723 1693 3776 cod.
1717 3723 1881 3794 ’luciniani-

518 3811 571 3865 bus
589 3799 722 3864 -ffi
742 3813 809 3866 coa.
839 3813 874 3882 ¹⁰)
892 3804 1064 3884 ψιυδοτιχνία
1081 3843 1117 3854 -
1135 3818 1295 3884 paucaeque
1322 3811 1389 3864 cod.
1409 3815 1480 3864 irater
1496 3811 1544 3863 lia.
1569 3811 1606 3862 ab
1629 3811 1690 3874 aad.
1709 3826 1744 3861 m.
1775 3810 1811 3880 ¹¹)
1830 3829 1882 3881 pa·

517 3901 673 3973 tuterapiu
697 3927 734 3942 -
759 3915 944 3978 parapaaxaca
970 3904 1041 3952 inter
1066 3902 1114 3953 lira.
1140 3900 1175 3953 al
1195 3901 1258 3954 ead.
1276 3917 1311 3957 m.
1339 3901 1374 3970 ¹¹)
1392 3903 1550 3970 καιοτιχνία
1576 3900 1793 3969 supplevimus
1815 3896 1884 3950 Cod.

521 3985 604 4039 Gotlr.
630 3991 679 4057 qui
703 3993 770 4039 mire
788 3991 921 4040 consentit
946 4005 1007 4040 cum
1025 4001 1129 4050 nostro,
1147 3991 1184 4058 cfi
1200 3988 1322 4040 Lindem.
1350 3991 1380 4040 ira
1407 3998 1476 4039 nott.
1494 3986 1532 4038 ad
1550 3985 1628 4038 Mae.
1649 3985 1755 4040 Victor.
1770 4005 1799 4056 p·
1819 3990 1883 4042 271.

522 4075 555 4141 ¹¹)
575 4065 749 4145 ψιυδοτιχνία
766 4103 803 4118 -
820 4080 961 4148 querquea
982 4075 1049 4127 eoa.
1067 4077 1101 4145 ¹⁴)
1120 4076 1359 4146 praestigiatorum
1376 4106 1412 4117 -
1429 4073 1695 4147 praestrigiatorum3
1714 4077 1755 4125 ita
1773 4091 1885 4146 qnoque

402 4175 411 4186 ·
522 4160 589 4212 eod.
602 4161 684 4214 Gotla.
705 4163 739 4230 ¹⁵)
758 4163 950 4237 paratuque
967 4192 1003 4204 -
1020 4163 1168 4216 mattacnia
1188 4164 1255 4217 cod.
1277 4165 1311 4233 Ιὓ)
1330 4169 1499 4233 utputa-
1516 4169 1613 4232 utpote
1635 4161 1703 4214 eod.

449 4267 480 4336 a)
509 4264 588 4338 Quae
607 4263 652 4317 liic
670 4263 826 4320 Palaemoni
845 4265 1016 4330 tribuuntur,
1034 4284 1097 4318 cum
1114 4267 1159 4331 iia,
1178 4286 1247 4340 quae
1267 4267 1338 4320 Max.
1358 4268 1518 4321 Victorinus
1537 4265 1566 4319 ln
1585 4275 1642 4318 arta
1661 4264 1837 4336 grammatica
1856 4285 1884 4338 p.

518 4357 579 4410 271.
600 4351 725 4406 Lindem.
745 4350 844 4418 habet,
869 4353 951 4427 plana
975 4355 1170 4418 consentiunt,
1194 4356 1247 4408 nisi
1265 4353 1346 4438 quod¹
1360 4354 1388 4410 in
1406 4364 1501 4410 nostro
1520 4351 1618 4409 itanum
1637 4353 1817 4408 scotomatica
1837 4371 1884 4406 ca-

518 4440 610 4512 posita
628 4451 702 4497 aunt.
723 4445 750 4514 l)
771 4443 813 4498 (ΣΙ.
834 4442 970 4517 Qadnctil.
989 4443 1025 4496 Η.
1043 4447 1085 4502 15.
1105 4449 1132 4502 2.
1154 4451 1181 4496 et
1199 4443 1233 4496 11.
1253 4449 1297 4502 20.

976 4731 1309 4772 *ᾤκ-
