4050 6064
387 569 454 640 ως
715 557 1082 617 casertanus
1119 557 1532 616 onsnnsrtca„

475 715 506 776 5.
531 709 703 795 Quotiens
718 726 804 772 vero
824 727 887 792 pes
901 706 1090 794 praecedit,
1114 705 1176 792 qni
1189 707 1338 776 mediam
1352 705 1493 772 brevem
1508 704 1625 782 habet,
1645 705 1683 774 id
1700 716 1764 784 est,
1786 723 1865 772 am-

282 814 590 902 tros-phimum
613 809 767 892 dactylus
786 801 841 892 ³⁶),
864 808 1076 892 tribrachys,¹
1091 809 1129 873 bi
1150 829 1236 895 ergo
1258 809 1455 874 subiciendi
1476 820 1574 872 sunta
1595 799 1613 840 l
1630 807 1866 883 ditrochaeus,

390 929 429 982 ut
456 913 600 980 sidera
626 910 910 990 iudicabant,
946 913 1172 999 antispastus,
1193 925 1234 986 nt
1255 905 1422 977 Helena
1442 909 1672 976 maritalis.
1702 907 1867 978 Carina

390 1039 435 1083 re
476 1016 717 1100 eroussa⁴h

441 1039 507 1187 Pli.
532 1117 704 1204 Quotiens
717 1129 832 1181 autem
846 1115 1021 1203 spondeus
1034 1116 1224 1204 praecedit,
1246 1111 1412 1181 bacchius
1424 1114 1700 1203 postponendus,
1723 1126 1763 1179 ut
1784 1114 1866 1178 lul-

389 1241 483 1286 men
505 1220 693 1296 tonauti3
714 1217 771 1284 sel
794 1219 985 1284 molossum
1008 1230 1043 1284 et
1056 1218 1332 1305 amphibrachyn
1347 1213 1406 1302 ³⁷),
1430 1218 1604 1284 invadit
1624 1229 1864 1295 tonantem,

387 1335 428 1388 ut
456 1322 563 1388 addas
593 1321 781 1404 syllabam,
813 1339 894 1386 uam
922 1331 1071 1386 metrum
1101 1333 1164 1386 est.
1194 1321 1347 1406 Quidam
1375 1320 1512 1388 metrici
1541 1321 1612 1385 hoc
1627 1331 1752 1384 metro
1775 1320 1865 1384 scri·

388 1425 490 1492 bunt:
514 1423 677 1488 tulmen
699 1423 908 1488 tonantis.
1817 1475 1819 1478 .

472 1532 504 1594 7.
527 1527 601 1592 Hae
624 1537 704 1591 suut
725 1525 880 1612 optimae
902 1537 1107 1604 structurae,
1129 1545 1219 1612 quse
1233 1545 1278 1589 ex
1290 1526 1455 1591 trochaeo
1470 1535 1505 1588 et
1519 1523 1674 1590 molosso
1688 1535 1863 1600 constant,

389 1651 493 1716 quem
514 1628 706 1693 molossum
729 1628 931 1713 praeposito
954 1629 1119 1694 trochaeo
1142 1629 1191 1692 ita
1212 1627 1331 1706 solvis,
1354 1638 1413 1691 aut
1435 1611 1549 1712 ipsum
1571 1626 1773 1692 trochaeum
1791 1623 1864 1690 sol-

387 1751 448 1796 vas
470 1730 506 1795 in
529 1728 729 1811 tribrachyn
748 1723 807 1812 ³⁸),
829 1741 870 1792 ut
889 1742 1069 1794 naturae
1090 1729 1262 1795 tribuit.
1658 1799 1662 1808 ,

474 1835 506 1900 8.
529 1831 568 1898 Si
582 1844 696 1896 autem
708 1831 862 1896 volueris
874 1831 1135 1918 ampliationem
1158 1831 1283 1908 iacere,
1306 1831 1495 1918 praeponis
1516 1829 1591 1895 istis
1611 1828 1760 1917 pedibus
1783 1830 1864 1914 qui-

388 1953 511 2002 narum
535 1933 744 2017 syllabarum
766 1932 910 2020 quosvis
933 1935 1020 1999 alios
1041 1935 1080 1998 itt
1102 1933 1319 2009 elocutione,
1342 1933 1404 2018 qui
1425 1932 1569 2018 quidem
1590 1951 1665 1998 non
1686 1951 1864 2018 quaerun-

388 2052 460 2117 tur,
485 2038 515 2101 si
536 2037 634 2122 longi
656 2048 736 2100 suot
766 2049 825 2101 aut
846 2037 987 2114 breves,
1016 2038 1085 2102 ltoc
1107 2035 1236 2102 etenim
1265 2047 1399 2100 tantum
1429 2035 1628 2120 requiretur
1648 2033 1864 2121 penultimus

388 2152 423 2206 ct
451 2139 611 2216 ultimus,
647 2155 720 2202 nott
748 2139 1042 2226 antepenultimua
1072 2149 1107 2202 ct
1136 2138 1351 2223 superiores,
1391 2148 1540 2222 excepta
1570 2136 1636 2201 hac
1668 2146 1863 2211 structura,

387 2234 535 2328 quaen)
557 2241 715 2327 quinque
736 2238 858 2305 breves
881 2238 986 2304 habat
1007 2250 1042 2304 ct
1064 2250 1116 2304 est
1136 2237 1373 2306 barbarismus
1393 2238 1492 2316 Afer,
1515 2237 1573 2304 vel
1593 2257 1637 2303 aa
1659 2237 1776 2323 longis
1798 2235 1863 2300 Hi-

386 2363 524 2431 spanus.
549 2339 646 2426 Quot
668 2341 855 2406 debeamus
879 2343 916 2406 in
938 2343 1007 2408 line
1026 2341 1257 2408 clausularum
1280 2340 1466 2406 obseruare
1479 2333 1537 2424 ⁴⁰).
1559 2340 1627 2406 Vel
1648 2361 1695 2405 ne
1716 2339 1789 2404 sint
1810 2336 1861 2402 lil

385 2443 529 2528 lonqae,
552 2456 613 2508 aut
634 2444 704 2510 1111
726 2443 867 2522 breves,
890 2464 934 2509 ne
957 2441 1198 2527 monosyllabo
1213 2436 1258 2528 ⁴¹)
1280 2461 1362 2529 pars
1384 2443 1554 2508 orationis
1575 2443 1794 2517 terminetur,
1816 2459 1861 2504 ne
1959 2506 1966 2516 ‚

386 2547 457 2612 sint
485 2545 538 2608 111
565 2545 743 2622 trochaei,
772 2564 817 2610 ne
845 2546 890 2611 sit
918 2567 1038 2611 versus
1068 2545 1201 2611 heroici
1222 2545 1438 2631 principium
1460 2544 1516 2622 vel
1538 2545 1632 2621 finis,
1666 2557 1701 2608 et
1722 2563 1768 2606 ue
1791 2542 1861 2605 siut

387 2647 475 2712 duae
497 2647 638 2723 breves,
661 2657 730 2710 tres
752 2645 878 2730 longae
901 2658 936 2711 et
957 2661 1026 2712 tres
1049 2645 1186 2730 dactyli.
1212 2643 1395 2711 Clausulas
1412 2645 1612 2711 nouaclum
1634 2645 1743 2732 pleno
1758 2663 1862 2708 sensu

386 2747 514 2813 debent
535 2747 631 2826 lieri,
660 2766 781 2812 verum
805 2759 840 2812 et
861 2749 899 2812 in
920 2749 1151 2814 commatibus
1182 2747 1327 2834 siugulis
1349 2761 1385 2812 et
1405 2747 1538 2812 divisae
1560 2760 1595 2812 et
1616 2745 1742 2836 plenae
1764 2747 1861 2810 liant.

387 2849 478 2916 Sane
500 2849 538 2914 in
562 2863 701 2915 oratore
723 2849 771 2914 ait
794 2847 929 2916 Tullius
952 2853 1020 2916 hoc
1043 2871 1119 2914 esse
1139 2850 1339 2916 vitandum:

528 2949 694 3037 Quinque
709 2949 844 3030 breves,
859 2951 1004 3017 totidem
1018 2951 1139 3038 longas
1149 2949 1181 3037 ⁵)
1195 2951 1438 3039 triplicemque
1456 2951 1660 3016 trochaeum

519 3053 737 3140 ¹lieroicique
761 3067 865 3140 caput
886 3055 1060 3141 finemque
1085 3066 1203 3120 cavete
1225 3053 1357 3120 diserti.
1441 3103 1443 3106 .
1579 3093 1583 3100 -

471 3159 501 3225 9.
526 3155 811 3231 luitinmvcrsus,
826 3168 980 3242 utputa:
1000 3169 1099 3222 vota
1120 3155 1317 3224 Minerva
1338 3155 1484 3234 iuvat3
1503 3155 1798 3244 penthemimeres
1814 3145 1857 3233 ᾖ’)
1900 3241 1903 3248 y

386 3269 453 3336 est;
477 3259 595 3321 linem:
618 3276 719 3320 vera
739 3268 947 3345 potestas.

473 3363 523 3424 10.
548 3357 714 3447 Optimae
734 3370 926 3422 structurae
947 3361 1011 3423 bae
1034 3373 1115 3424 aunt
1129 3357 1233 3424 dnae:
1257 3381 1303 3426 eat
1324 3363 1492 3426 trochaeo
1507 3372 1541 3423 et
1564 3357 1737 3435 molosso,
1760 3370 1799 3422 ut
1817 3393 1861 3406 -

385 3461 528 3526 laetus
554 3459 723 3527 Aeneas
749 3497 792 3509 -
820 3459 904 3524 item
935 3481 980 3525 ex
1006 3463 1172 3527 trochaeo
1214 3475 1249 3528 et
1278 3481 1413 3551 paeone
1444 3461 1566 3538 tertio,
1595 3473 1634 3524 ut
1655 3478 1862 3545 -poena

387 3557 604 3648 capitalis.

472 3665 522 3730 ll.
546 3660 617 3728 Sed
632 3676 672 3728 ut
683 3654 727 3748 ⁴³)
748 3661 964 3743 brevissime,
987 3665 1036 3730 ait
1050 3663 1197 3742 Probus,
1212 3666 1256 3730 de
1271 3665 1451 3730 structuris
1465 3662 1717 3728 delectantibus
1734 3661 1866 3728 doces*

385 3781 473 3841 mus,
498 3763 753 3830 observandum
776 3777 829 3831 est
850 3758 906 3850 ⁴⁴),
928 3783 987 3830 tte·
1002 3775 1061 3831 aut
1091 3787 1229 3832 reraum
1252 3767 1385 3831 heroici
1407 3767 1509 3830 metri
1535 3765 1716 3840 iaciamus,
1740 3764 1859 3826 autin

385 3878 510 3929 natura
523 3856 567 3948 ⁴⁵)
590 3865 732 3950 longam
755 3866 921 3948 syllabam
944 3868 1138 3956 penultimo
1161 3867 1269 3934 verbo
1285 3867 1471 3933 terminate
1494 3865 1673 3948 trisyllabo
1691 3857 1735 3949 ⁴⁶)
1758 3865 1859 3928 finia-

388 3987 464 4031 mus
485 3957 549 4050 ⁴⁷),
582 3967 704 4032 ceteris
733 3989 823 4054 pene
852 3970 1014 4036 omnibus
1041 3969 1216 4035 auditores
1238 3987 1423 4056 possumus
1450 3967 1634 4033 delectare.
1657 3965 1719 4030 Est
1742 3979 1857 4030 autem

388 4081 560 4134 structura
588 4066 774 4133 verborum
804 4073 1034 4158 compositio,
1060 4071 1154 4136 dicta
1182 4092 1203 4139 a
1232 4072 1415 4148 struendo,
1446 4071 1484 4136 id
1505 4083 1574 4149 est,
1605 4061 1860 4154 conponendc,

430 4391 469 4464 ³⁶)
496 4387 623 4460 dactylas
645 4419 683 4434 -
700 4385 818 4444 dactilus
843 4390 910 4446 cea
938 4391 977 4463 ¹⁷)
1002 4387 1219 4464 suptilis-dyo
1235 4421 1272 4436 --
1288 4389 1567 4465 supibrsetuoot,
1587 4392 1625 4462 ¹⁸)
1645 4387 1806 4460 tribrachyn
1823 4419 1861 4434 -

492 4475 646 4532 tribracbin
673 4477 740 4534 cod.
765 4479 801 4550 ⁸⁹)
824 4493 895 4551 quaa
922 4479 990 4536 eea
1017 4499 1053 4534 sa
1069 4497 1120 4534 em.
1136 4499 1181 4552 pr.
1199 4499 1235 4536 rt.
1254 4511 1289 4526 ·-
1316 4480 1379 4554 qais
1398 4501 1417 4536 s
1431 4499 1477 4553 pr.
1495 4499 1531 4533 sss.
1557 4480 1593 4550 ⁸⁰)
1619 4477 1699 4552 Quot
1717 4474 1745 4530 d.
1765 4479 1785 4530 i,
1805 4475 1860 4530 lina

492 4582 517 4620 c.
536 4585 562 4622 e·
580 4594 617 4610 -
634 4583 706 4641 quos
724 4563 752 4619 d.
770 4565 789 4622 l.
805 4561 886 4620 linem
904 4582 928 4620 c.
947 4585 974 4622 o.
993 4565 1063 4624 cod.
1091 4569 1127 4638 ⁴¹)
1146 4565 1338 4638 uososyasbo
1355 4598 1391 4609 -
1409 4565 1564 4638 monosylla
1585 4567 1653 4624 eod.
1683 4567 1719 4635 ⁴¹)
1738 4560 1859 4636 penthe-

491 4655 619 4710 mimeres
636 4653 896 4728 -psotaraimares
916 4655 985 4710 coa.
1004 4655 1041 4728 ⁴’l
1060 4663 1091 4710 nt
1103 4658 1317 4728 supplevimus
1337 4655 1438 4710 Probo.
1456 4656 1492 4726 ⁴⁴)
1511 4651 1715 4710 observandum
1734 4661 1788 4706 est.
1813 4653 1861 4707 Sic

491 4745 693 4800 amentissimus
711 4743 891 4816 sPrclopre
903 4747 1000 4800 sitisse
1015 4739 1194 4799 observantes
1208 4741 1276 4800 Oed.
1296 4743 1333 4816 ⁴⁵)
1352 4749 1449 4798 nature
1466 4773 1503 4787 -
1520 4749 1644 4798 usturam
1665 4739 1732 4814 Ced,
1753 4737 1790 4807 ⁴⁸)
1810 4737 1861 4791 tri·

492 4827 600 4902 syllsbo
624 4864 660 4876 -
685 4829 843 4910 trissyllabo
863 4832 932 4888 Cod.
960 4832 997 4905 ι7)
1019 4829 1146 4888 tumus
1164 4835 1204 4888 tta
1222 4851 1238 4886 a
1254 4831 1346 4888 Proto
1363 4836 1524 4906 corrigimus
1541 4851 1594 4904 pro
1611 4833 1709 4884 videm
1725 4826 1862 4880 t'aciaum

496 4919 564 4974 ced.

440 5039 472 5110 a)
498 5039 603 5096 carim
628 5059 795 5115 reputasses.
821 5041 881 5096 llcc
905 5051 934 5097 et
950 5059 1007 5099 ssu
1024 5057 1113 5116 pasca
1136 5038 1369 5115 insequentibus
1386 5049 1517 5116 surrupta
1535 5047 1617 5103 aaut,
1642 5055 1712 5112 qaas
1730 5036 1859 5109 aspasio·

494 5124 572 5182 ribua
599 5127 771 5183 emendanda
794 5127 982 5202 reliuqslnss.
1014 5129 1090 5186 Satis
1112 5127 1197 5186 stabla
1224 5130 1278 5186 tait
1294 5147 1328 5186 aa
1351 5128 1388 5186 sd
1411 5129 1495 5188 lidron
1521 5127 1637 5190 Gotliris
1663 5123 1792 5197 religiose
1811 5139 1862 5178 ex·

370 5229 371 5240 ¹
496 5210 597 5268 hibere.
619 5217 644 5284 bl
665 5219 769 5286 longos.
790 5209 831 5270 ltu
849 5213 996 5274 scribtam
1013 5235 1065 5292 pro
1084 5218 1183 5276 vitioso
1203 5220 1303 5294 langue
1321 5216 1394 5278 esd.
