4032 6070
608 546 1164 610 raosrsssntuoa.
1551 559 1622 642 2⁸³
1734 539 1739 552 '

156 698 301 772 enimus,
327 687 401 760 iub
393 695 422 777 )
443 695 596 780 positivo
618 697 728 781 gradu
750 699 967 764 nominativo
983 720 1066 766 casu
1086 701 1421 787 numerisingnlaris
1443 701 1564 770 decem
1577 698 1621 789 ⁰⁸)

156 802 203 863 his
221 799 342 862 iorrnis
360 797 572 862 desumuntur
587 794 795 884 tantum‘)
820 803 902 866 ··ΛΧ
925 803 1009 866 ··ΕΧ
1033 803 1103 866 ··ΙΧ
1126 801 1216 868 ··ΟΧ
1240 803 1351 870 ··ΛΝ8
1374 805 1486 872 ··ΕΝ5
1510 807 1621 872 ·ERS·

155 901 269 966 ·ORs·
293 901 374 965 ·Us·
398 901 494 965 ·.ΔΝ·

243 1004 312 1068 136.
336 1003 439 1066 Nunc
461 1004 648 1068 earundem
680 1005 851 1070 rationem
882 1005 1087 1083 subicimus,
1116 1027 1185 1092 qua
1212 1007 1439 1094 dinoscantur
1459 1011 1620 1088 nomina,

156 1106 445 1192 quemadmodum
469 1125 515 1168 ex
537 1107 621 1192 ipsis
644 1107 764 1171 formis
786 1109 912 1191 gradus
935 1109 1143 1174 conlationis
1167 1110 1278 1174 iacere
1300 1125 1456 1196 possunt.

240 1211 309 1274 137.
332 1208 396 1270 DE
419 1209 492 1272 AX.
515 1208 766 1294 Quaecumque
787 1211 932 1274 nomina
954 1211 1091 1294 generis
1113 1212 1248 1276 scilicet
1270 1215 1383 1277 omnis
1405 1215 1442 1276 in
1468 1215 1619 1300 positivo

155 1311 261 1396 gradu
282 1309 500 1374 nominativo
529 1329 610 1374 casu
629 1315 670 1394 ¹⁸⁰)
698 1312 835 1375 numeri
858 1312 1043 1396 singularis
1067 1312 1150 1377 ·ΑΧ·
1178 1313 1303 1378 litteris
1332 1315 1559 1393 definiuntur,
1590 1318 1619 1381 si
1630 1343 1659 1391 v·
1678 1355 1727 1404 ,79

156 1413 407 1499 comparativus
429 1413 557 1496 gradus
581 1431 625 1476 ex
648 1425 686 1476 se*
707 1413 819 1478 iacere
843 1427 1004 1500 possunt,
1028 1415 1113 1479 haec
1136 1416 1172 1488 in
1195 1417 1311 1482 dativo
1331 1420 1373 1500 ⁷¹)
1397 1438 1477 1481 casu
1490 1421 1532 1500 ³²)
1554 1439 1620 1485 ιιιι·

155 1517 238 1580 meri
260 1514 445 1600 singularis
470 1513 560 1580 ·ou·
583 1515 749 1597 syllabam
772 1517 950 1602 accipiunt
972 1529 1006 1581 et
1021 1521 1294 1603 comparativum
1314 1521 1459 1604 gradum
1484 1521 1621 1603 generis

155 1619 346 1682 communis
374 1618 571 1682 ostendunt.
605 1615 747 1683 Scilicet
776 1621 960 1704 qnoniam,
991 1620 1093 1683 sicuti
1124 1640 1226 1706 saepe
1254 1621 1425 1699 diximus,
1460 1623 1622 1707 quicum-

155 1741 217 1804 que
234 1715 278 1802 ⁷³)
302 1720 530 1806 comparativi
557 1716 684 1804 gradus
711 1722 928 1785 nominativo
958 1743 1039 1786 casu
1061 1724 1197 1786 numeri
1225 1724 1409 1808 singularis
1432 1717 1623 1789 uolutu-

156 1816 1621 1910 mwssmwmmmmffimffloemmmfflumm

156 1923 343 1988 masculino
374 1925 590 1988 nominativo
621 1943 703 1988 casu
731 1927 867 1988 numeri
895 1926 1078 2010 singularis
1109 1928 1192 1990 ·EX·
1219 1927 1345 1990 litteris
1371 1928 1516 1992 nomina
1537 1929 1622 1992 dess-

154 2027 310 2103 niuutur,
341 2028 460 2090 venire
489 2027 754 2111 intelleguntur,
784 2027 820 2090 hi
843 2029 980 2110 generis
1002 2030 1197 2092 communis
1227 2050 1300 2092 esso
1323 2030 1559 2115 reperiuntur,
1582 2043 1621 2094 ut

155 2141 248 2214 puta:
281 2130 347 2192 bie
375 2142 408 2193 et
440 2131 542 2193 baec
565 2140 599 2192 et
621 2131 700 2194 boc
722 2129 874 2205 audax,
899 2129 997 2194 huic
1020 2131 1189 2208 audaci,
1218 2132 1288 2194 bio
1312 2145 1345 2195 et
1368 2133 1471 2197 baec
1493 2131 1620 2196 auda·

156 2232 241 2295 cior
268 2231 382 2295 iacere
411 2231 545 2296 debeat.
576 2231 679 2294 Nune
710 2233 809 2294 baec·
824 2232 944 2296 eadem
968 2233 1158 2318 supradicti
1185 2235 1323 2317 generis
1345 2234 1505 2308 nomina,
1529 2255 1619 2319 quae

154 2331 302 2398 diximus'
325 2335 361 2396 in
385 2335 583 2420 supradicto
607 2333 716 2418 gradu
739 2335 955 2400 nominativo
980 2355 1061 2399 casu
1082 2337 1219 2400 numeri
1248 2335 1432 2420 singularis
1453 2336 1538 2400 ·ΑΧ·
1562 2335 1620 2400 lit·

156 2433 231 2498 teris
254 2437 392 2499 deliniri
415 2437 451 2499 in
474 2437 591 2500 dativo
615 2455 697 2499 casu
718 2437 855 2499 numeri
879 2436 1064 2521 singularis
1093 2437 1173 2502 ·US·
1197 2427 1362 2520 syllabam
1386 2437 1563 2524 accipiunt
1585 2451 1620 2502 et

156 2555 221 2600 nou
242 2549 379 2601 tautum
403 2539 679 2624 comparativum
702 2538 848 2622 gradum
871 2541 1008 2623 generis
1030 2542 1145 2604 neutri
1167 2539 1228 2604 sod
1251 2553 1285 2604 et
1305 2534 1348 2624 ⁷⁶)
1375 2538 1618 2604 adverbiorum

155 2641 344 2704 ostendunt.
382 2639 524 2706 Scilicet
552 2640 717 2726 quoniam
750 2641 963 2726 quicumque
992 2643 1220 2726 comparativi
1242 2643 1370 2727 gradus
1403 2643 1620 2708 nombsativo

156 2761 229 2804 casu
257 2743 396 2805 numeri
424 2741 608 2826 singularis
640 2742 738 2806 ·IUS·
768 2743 891 2806 litteris
915 2744 1141 2820 definiuntur,
1172 2745 1209 2807 bi
1230 2763 1303 2808 non
1325 2757 1459 2808 tautum
1482 2743 1620 2828 generis

154 2843 1620 2931 nmmmdmfflamfflmmmmoemmmmmnmwwhmuhucm
1720 2877 1724 2882 ·

153 2943 227 3008 boc
248 2947 406 3022 audax,
429 2947 525 3010 huic
547 2946 714 3022 audaci,
739 2947 939 3011 audacius
960 2949 1100 3033 utrique
1124 2949 1319 3034 respondet.
1343 2948 1412 3013 Sed
1427 2949 1562 3015 tunobi
1578 2949 1619 3029 7)

152 3047 281 3130 generis
313 3047 428 3111 neutri
456 3069 529 3112 esse
561 3049 797 3134 reperiuntur,
830 3047 988 3134 quando,
1020 3063 1058 3113 ut
1089 3069 1194 3136 snpra
1223 3049 1394 3124 diximus,
1432 3048 1618 3133 generibus

151 3150 275 3214 uentris
298 3149 397 3234 iungi
420 3151 464 3232 5⁰).
492 3152 733 3226 inveniuntur,
763 3163 803 3214 ut
824 3163 923 3236 puta:
947 3151 1147 3215 audacius
1171 3152 1448 3235 mancipium3
1478 3163 1617 3214 atvero

152 3252 286 3334 mando
315 3270 386 3316 non
416 3252 601 3336 generibus
632 3253 783 3326 neutris,
814 3252 975 3316 aeduum
1000 3253 1067 3316 alia
1090 3252 1244 3337 qualibet
1265 3246 1306 3334 ⁰)
1329 3264 1426 3338 parte
1450 3251 1618 3316 orationis
1669 3317 1671 3322 ,

152 3352 353 3429 miscentur,
389 3353 631 3418 adverbiorum
664 3375 737 3418 esse
764 3355 1036 3439 pronuntiantur
1053 3347 1114 3437 ’·),
1143 3366 1303 3439 utputa:
1328 3353 1535 3416 audacius
1558 3353 1618 3416 di-

151 3453 222 3518 xit
245 3455 304 3520 Sic
328 3455 444 3519 etalii
467 3456 695 3541 comparativi
718 3457 844 3540 gradus
868 3456 1008 3542 quando
1031 3456 1152 3542 generi
1174 3467 1298 3520 neutro
1320 3455 1376 3520 vel
1400 3455 1539 3541 quaudo
1556 3455 1618 3518 ad-

152 3555 266 3621 verbio
289 3559 522 3644 respondeant
545 3556 803 3642 intelleguntur.

234 3663 303 3725 1³8.
326 3659 430 3723 Nunc
453 3661 537 3722 haec
554 3653 598 3742 ⁸²)
622 3661 743 3724 eadem
766 3659 909 3726 nomina
931 3662 1068 3745 generis
1092 3659 1225 3725 scilicet
1246 3659 1378 3734 omnis,
1408 3679 1497 3744 quae
1525 3658 1618 3725 dixi-

153 3779 226 3824 mus
255 3763 291 3824 in
320 3761 471 3848 positivo
499 3761 610 3845 gradu
639 3763 856 3828 nominativo
885 3783 967 3832 casu
993 3764 1129 3826 numeri
1165 3761 1349 3845 singularis
1380 3761 1464 3824 ·ΑΧ·
1493 3760 1617 3826 litteris

152 3861 293 3940 deliniri,
318 3864 347 3926 si
370 3863 597 3950 superlativos
620 3864 747 3949 gradus
770 3885 873 3928 exse
897 3865 1009 3928 iacere
1031 3877 1187 3951 possunt,
1210 3865 1247 3928 in
1270 3863 1431 3946 genetivo
1455 3882 1536 3928 casu
1552 3881 1618 3926 nu·

151 3963 234 4026 meri
256 3965 441 4049 singularis
465 3965 630 4030 ·SlMUS·
654 3966 802 4047 syllabas
824 3967 1002 4052 accipiunt
1024 3979 1058 4030 et
1080 3965 1327 4052 superlativum
1343 3964 1488 4049 gradum
1511 3985 1618 4046 gene-

151 4061 195 4125 ris
217 4066 397 4130 masculini
419 4065 621 4144 ostendunt,
644 4079 802 4152 utputa:
827 4069 894 4132 bio
918 4070 1078 4134 ethaeo
1102 4080 1136 4132 et
1158 4062 1292 4151 hoo⁸³)
1315 4066 1471 4142 audax,
1496 4067 1617 4131 buius

151 4165 341 4245 audacis,
374 4169 440 4232 bic
471 4171 780 4235 audacissimus
809 4171 922 4234 iacere
953 4170 1085 4234 debeat.
1118 4171 1203 4233 ltsm
1231 4173 1317 4234 haec
1347 4168 1467 4232 eadem
1495 4188 1618 4254 supra-

151 4263 233 4331 dicti
255 4271 390 4352 generis
412 4273 555 4336 nomina
579 4272 614 4333 in
638 4271 838 4356 supradicto
862 4291 944 4336 casu
975 4271 1111 4336 ·SlMA·
1134 4271 1282 4353 syllabas
1305 4271 1481 4357 accipiunt
1504 4284 1538 4336 et
1560 4290 1617 4333 su-

150 4367 351 4449 perlativum
375 4373 520 4458 gradum
544 4368 681 4459 generis
705 4373 863 4437 feminini
886 4374 1091 4450 ostendunt,
1115 4387 1154 4437 ut
1176 4386 1275 4459 puta:
1306 4375 1376 4436 hic
1400 4386 1435 4436 et
1456 4374 1560 4436 haec
1583 4383 1618 4436 st

150 4467 225 4536 boc
253 4473 407 4553 audax,
439 4475 564 4540 huius
593 4476 782 4555 audacis,
811 4479 917 4542 baec
945 4475 1236 4544 audacissima
1265 4475 1377 4539 iacere
1403 4474 1536 4539 debeat.
1571 4474 1617 4538 At
1717 4499 1724 4517 ·

154 4671 605 4688 m

188 4775 226 4845 ⁸1)
248 4774 275 4828 is
293 4777 328 4831 V.
348 4779 379 4833 P.
396 4801 434 4832 ·.-·
452 4782 488 4834 A.
509 4782 545 4849 ι’)
564 4778 660 4832 decem
679 4781 714 4834 V.
734 4784 765 4836 P.
784 4805 821 4834 =
839 4780 873 4835 A.
895 4783 933 4852 ⁸2)
954 4789 1060 4836 tantum
1082 4780 1118 4835 V.
1139 4780 1170 4834 P.
1188 4799 1224 4830 ε
1241 4776 1278 4830 A.
1306 4777 1342 4846 ⁷⁰)
1368 4772 1615 4826 nominativorum

256 4863 329 4920 V.P.
346 4887 384 4918 ιι.-
401 4867 437 4921 A.
464 4870 503 4940 7·)
521 4869 549 4920 in
565 4865 657 4920 dativo
677 4871 708 4922 P.
728 4899 762 4912 -·
785 4867 937 4922 indicativo
957 4870 993 4925 V.
1010 4868 1047 4922 A.
1068 4871 1103 4936 ⁷¹)
1123 4883 1189 4919 casu
1208 4865 1333 4921 V·P·-
1351 4859 1436 4932 endu
1454 4860 1491 4916 Α·
1511 4861 1617 4932 ⁷¹)qni-

256 4967 367 5025 tumque
386 4955 423 5008 V.
441 4983 478 4998 ·-
498 4971 684 5028 quascumque
702 4957 738 5010 A.
757 4958 794 5026 ⁷⁴)
816 4957 897 5010 ·lott·
915 4955 1017 5008 litteris
1036 4955 1073 5010 V·
1092 4953 1123 5007 P.
1141 4975 1179 5004 =
1196 4951 1232 5008 A.
1253 4953 1288 5020 ⁷⁵)
1309 4969 1361 5022 qu·
1381 4951 1463 5006 V·-
1482 4965 1562 5020 quatu
1577 4949 1615 5003 A·

257 5067 289 5080 -··
307 5059 375 5114 quae
393 5043 427 5094 P.
456 5044 491 5110 ιθ)
511 5051 540 5095 st
559 5044 594 5096 V.
613 5067 650 5094 =
668 5044 702 5097 A.
724 5046 763 5116 7··)
782 5052 810 5096 et
829 5045 865 5100 V.
884 5067 919 5095 =
936 5042 971 5097 A.
999 5044 1035 5110 Ρ)
1054 5039 1083 5092 bi
1101 5043 1139 5096 V.
1152 5041 1188 5096 A.
1206 5063 1242 5090 ·..-.
1261 5040 1292 5094 P.
1321 5043 1357 5106 ⁷⁹)
1376 5037 1452 5108 iungi
1472 5038 1508 5092 V.
1525 5037 1561 5090 A.
1580 5067 1617 5080 ·-

257 5123 339 5182 ioucli
357 5131 388 5183 Ρ.
409 5132 445 5201 ⁸⁶)
465 5127 517 5182 alia
536 5129 659 5203 qnalibet
680 5133 715 5186 V.
736 5135 767 5188 Ρ.
786 5162 820 5175 -
840 5128 1001 5204 aliqudibst
1018 5132 1055 5187 A.
1083 5129 1120 5194 ⁸¹)
1138 5125 1330 5182 adverbiorum
1355 5143 1416 5180 csse
1435 5124 1617 5198 pronuntian-

259 5219 305 5266 tur.
325 5217 360 5270 V.
375 5218 405 5272 P.
420 5219 504 5273 ==A.
524 5221 561 5289 ⁸²)
580 5215 647 5304 chc
666 5220 704 5274 V.
721 5243 758 5269 =
775 5219 814 5275 A.
834 5221 872 5292 ⁸³)
891 5227 919 5273 el
936 5215 990 5271 boc
1009 5217 1045 5272 V·
1065 5217 1095 5272 P·
1114 5239 1150 5266 π
1168 5215 1205 5269 A.
