<?xml version="1.0" encoding="UTF-8"?>
<!DOCTYPE html PUBLIC "-//W3C//DTD XHTML 1.0 Transitional//EN"
    "http://www.w3.org/TR/xhtml1/DTD/xhtml1-transitional.dtd">
<html xmlns="http://www.w3.org/1999/xhtml" xml:lang="en" lang="en">
 <head>
  <title>
</title>
<meta http-equiv="Content-Type" content="text/html;charset=utf-8" />
  <meta name='ocr-system' content='tesseract 3.04.00' />
  <meta name='ocr-capabilities' content='ocr_page ocr_carea ocr_par ocr_line ocrx_word'/>
</head>
<body>
  <div class='ocr_page' id='page_1' title='image "./analectagrammat00eichgoog_0561.png"; bbox 0 0 4104 6064; ppageno 0'>
   <div class='ocr_carea' id='block_1_1' title="bbox 411 535 1562 620">
    <p class='ocr_par' dir='ltr' id='par_1_1' title="bbox 411 535 1562 620">
     <span class='ocr_line' id='line_1_1' title="bbox 411 535 1562 620; baseline -0.004 -25"><span class='ocrx_word' id='word_1_1' title='bbox 411 547 481 620; x_wconf 63' lang='lat' dir='ltr'><strong>m</strong></span> <span class='ocrx_word' id='word_1_2' title='bbox 737 535 1562 595; x_wconf 79' lang='lat' dir='ltr'><strong>rascnsnrscnsnusrrca.</strong></span> 
     </span>
    </p>
   </div>
   <div class='ocr_carea' id='block_1_2' title="bbox 311 145 2045 3023">
    <p class='ocr_par' dir='ltr' id='par_1_2' title="bbox 311 145 2045 3023">
     <span class='ocr_line' id='line_1_2' title="bbox 2044 145 2045 188; baseline 0 0"><span class='ocrx_word' id='word_1_3' title='bbox 2044 145 2045 188; x_wconf 86' lang='lat' dir='ltr'><strong>l</strong></span> 
     </span>
     <span class='ocr_line' id='line_1_3' title="bbox 414 683 1884 772; baseline -0.004 -16"><span class='ocrx_word' id='word_1_4' title='bbox 414 701 663 758; x_wconf 82' lang='lat' dir='ltr'><strong>commemorat</strong></span> <span class='ocrx_word' id='word_1_5' title='bbox 689 689 746 772; x_wconf 76' lang='lat'><strong>·):</strong></span> <span class='ocrx_word' id='word_1_6' title='bbox 785 687 1030 772; x_wconf 84' lang='lat' dir='ltr'><strong>grammaticos</strong></span> <span class='ocrx_word' id='word_1_7' title='bbox 1068 683 1279 749; x_wconf 87' lang='lat' dir='ltr'><strong>Glaucum</strong></span> <span class='ocrx_word' id='word_1_8' title='bbox 1316 683 1474 748; x_wconf 88' lang='lat' dir='ltr'><strong>Samium</strong></span> <span class='ocrx_word' id='word_1_9' title='bbox 1508 693 1542 748; x_wconf 89' lang='lat' dir='ltr'><strong>et</strong></span> <span class='ocrx_word' id='word_1_10' title='bbox 1570 683 1884 752; x_wconf 65' lang='lat' dir='ltr'><strong>Hermocraten</strong></span> 
     </span>
     <span class='ocr_line' id='line_1_4' title="bbox 324 779 1886 878; baseline -0.004 -20"><span class='ocrx_word' id='word_1_11' title='bbox 324 817 328 825; x_wconf 93' lang='lat'>·</span> <span class='ocrx_word' id='word_1_12' title='bbox 413 793 540 859; x_wconf 80' lang='lat' dir='ltr'><strong>larium</strong></span> <span class='ocrx_word' id='word_1_13' title='bbox 561 795 608 878; x_wconf 88' lang='lat'><strong>&#39;);</strong></span> <span class='ocrx_word' id='word_1_14' title='bbox 631 793 713 856; x_wconf 88' lang='lat' dir='ltr'><strong>item</strong></span> <span class='ocrx_word' id='word_1_15' title='bbox 735 789 984 876; x_wconf 89' lang='lat' dir='ltr'><strong>philosophum</strong></span> <span class='ocrx_word' id='word_1_16' title='bbox 1011 788 1041 871; x_wconf 88' lang='lat'><strong>²)</strong></span> <span class='ocrx_word' id='word_1_17' title='bbox 1072 787 1426 872; x_wconf 78' lang='lat' dir='ltr'><strong>Theophrastum</strong></span> <span class='ocrx_word' id='word_1_18' title='bbox 1454 779 1482 870; x_wconf 83' lang='lat'><strong>³)</strong></span> <span class='ocrx_word' id='word_1_19' title='bbox 1505 785 1795 873; x_wconf 72' lang='lat' dir='ltr'><strong>Peripateticum,</strong></span> <span class='ocrx_word' id='word_1_20' title='bbox 1828 790 1886 854; x_wconf 89' lang='lat' dir='ltr'><strong>cui</strong></span> 
     </span>
     <span class='ocr_line' id='line_1_5' title="bbox 411 885 2045 974; baseline -0.006 -15"><span class='ocrx_word' id='word_1_21' title='bbox 411 893 698 960; x_wconf 81' lang='lat' dir='ltr'><strong>divinalacundia</strong></span> <span class='ocrx_word' id='word_1_22' title='bbox 713 910 843 958; x_wconf 88' lang='lat' dir='ltr'><strong>nomen</strong></span> <span class='ocrx_word' id='word_1_23' title='bbox 852 891 1008 966; x_wconf 88' lang='lat' dir='ltr'><strong>adscivit,</strong></span> <span class='ocrx_word' id='word_1_24' title='bbox 1030 909 1181 954; x_wconf 90' lang='lat' dir='ltr'><strong>necnon</strong></span> <span class='ocrx_word' id='word_1_25' title='bbox 1196 888 1351 954; x_wconf 88' lang='lat' dir='ltr'><strong>eiusdem</strong></span> <span class='ocrx_word' id='word_1_26' title='bbox 1365 899 1478 952; x_wconf 90' lang='lat' dir='ltr'><strong>sectae</strong></span> <span class='ocrx_word' id='word_1_27' title='bbox 1500 888 1825 955; x_wconf 77' lang='lat' dir='ltr'><strong>Athenodorum</strong></span> <span class='ocrx_word' id='word_1_28' title='bbox 1840 885 1883 974; x_wconf 78' lang='lat'><strong>⁴),</strong></span> <span class='ocrx_word' id='word_1_29' title='bbox 2044 895 2045 912; x_wconf 65' lang='lat'>¹</span> 
     </span>
     <span class='ocr_line' id='line_1_6' title="bbox 411 985 1882 1080; baseline -0.003 -19"><span class='ocrx_word' id='word_1_30' title='bbox 411 999 536 1062; x_wconf 89' lang='lat' dir='ltr'><strong>summi</strong></span> <span class='ocrx_word' id='word_1_31' title='bbox 559 997 730 1062; x_wconf 73' lang='lat' dir='ltr'><strong>acuminis</strong></span> <span class='ocrx_word' id='word_1_32' title='bbox 758 995 892 1072; x_wconf 81' lang='lat' dir='ltr'><strong>virum,</strong></span> <span class='ocrx_word' id='word_1_33' title='bbox 924 995 985 1080; x_wconf 88' lang='lat' dir='ltr'><strong>qni</strong></span> <span class='ocrx_word' id='word_1_34' title='bbox 1008 993 1182 1080; x_wconf 57' lang='lat' dir='ltr'><strong>mandam</strong></span> <span class='ocrx_word' id='word_1_35' title='bbox 1205 991 1405 1078; x_wconf 82' lang='lat' dir='ltr'><strong>prosodiam</strong></span> <span class='ocrx_word' id='word_1_36' title='bbox 1427 986 1458 1074; x_wconf 86' lang='lat'><strong>⁵)</strong></span> <span class='ocrx_word' id='word_1_37' title='bbox 1477 985 1688 1075; x_wconf 66' lang='lat' dir='ltr'><strong>postremas)</strong></span> <span class='ocrx_word' id='word_1_38' title='bbox 1711 991 1882 1078; x_wconf 86' lang='lat' dir='ltr'><strong>appellat,</strong></span> 
     </span>
     <span class='ocr_line' id='line_1_7' title="bbox 410 1093 1712 1186; baseline -0.005 -21"><span class='ocrx_word' id='word_1_39' title='bbox 410 1119 498 1186; x_wconf 87' lang='lat' dir='ltr'><strong>quae</strong></span> <span class='ocrx_word' id='word_1_40' title='bbox 521 1100 660 1165; x_wconf 81' lang='lat' dir='ltr'><strong>uidetur</strong></span> <span class='ocrx_word' id='word_1_41' title='bbox 679 1118 752 1162; x_wconf 92' lang='lat' dir='ltr'><strong>nou</strong></span> <span class='ocrx_word' id='word_1_42' title='bbox 775 1096 842 1162; x_wconf 86' lang='lat' dir='ltr'><strong>alia</strong></span> <span class='ocrx_word' id='word_1_43' title='bbox 864 1118 957 1174; x_wconf 87' lang='lat' dir='ltr'><strong>csse,</strong></span> <span class='ocrx_word' id='word_1_44' title='bbox 980 1115 1085 1183; x_wconf 91' lang='lat' dir='ltr'><strong>quam</strong></span> <span class='ocrx_word' id='word_1_45' title='bbox 1109 1095 1240 1171; x_wconf 86' lang='lat' dir='ltr'><strong>media,</strong></span> <span class='ocrx_word' id='word_1_46' title='bbox 1262 1094 1345 1158; x_wconf 91' lang='lat' dir='ltr'><strong>licet</strong></span> <span class='ocrx_word' id='word_1_47' title='bbox 1367 1094 1506 1158; x_wconf 89' lang='lat' dir='ltr'><strong>diverso</strong></span> <span class='ocrx_word' id='word_1_48' title='bbox 1527 1093 1712 1160; x_wconf 84' lang='lat' dir='ltr'><strong>vocabulo.</strong></span> 
     </span>
     <span class='ocr_line' id='line_1_8' title="bbox 493 1197 1883 1285; baseline -0.004 -17"><span class='ocrx_word' id='word_1_49' title='bbox 493 1205 547 1269; x_wconf 76' lang='lat' dir='ltr'><strong>nt.</strong></span> <span class='ocrx_word' id='word_1_50' title='bbox 569 1203 644 1266; x_wconf 87' lang='lat' dir='ltr'><strong>Nec</strong></span> <span class='ocrx_word' id='word_1_51' title='bbox 667 1202 790 1266; x_wconf 90' lang='lat' dir='ltr'><strong>desunt</strong></span> <span class='ocrx_word' id='word_1_52' title='bbox 804 1198 859 1284; x_wconf 70' lang='lat'><strong>¹),</strong></span> <span class='ocrx_word' id='word_1_53' title='bbox 884 1199 944 1285; x_wconf 93' lang='lat' dir='ltr'><strong>qui</strong></span> <span class='ocrx_word' id='word_1_54' title='bbox 966 1197 1147 1285; x_wconf 82' lang='lat' dir='ltr'><strong>prosodiae</strong></span> <span class='ocrx_word' id='word_1_55' title='bbox 1165 1199 1193 1281; x_wconf 76' lang='grc'><strong>7)</strong></span> <span class='ocrx_word' id='word_1_56' title='bbox 1215 1197 1332 1282; x_wconf 90' lang='lat' dir='ltr'><strong>plures</strong></span> <span class='ocrx_word' id='word_1_57' title='bbox 1355 1217 1447 1274; x_wconf 89' lang='lat' dir='ltr'><strong>esse,</strong></span> <span class='ocrx_word' id='word_1_58' title='bbox 1477 1215 1580 1280; x_wconf 89' lang='lat' dir='ltr'><strong>quam</strong></span> <span class='ocrx_word' id='word_1_59' title='bbox 1609 1208 1760 1281; x_wconf 89' lang='lat' dir='ltr'><strong>quatuor</strong></span> <span class='ocrx_word' id='word_1_60' title='bbox 1781 1209 1883 1283; x_wconf 88' lang='lat' dir='ltr'><strong>puta-</strong></span> 
     </span>
     <span class='ocr_line' id='line_1_9' title="bbox 409 1287 2045 1386; baseline -0.003 -16"><span class='ocrx_word' id='word_1_61' title='bbox 409 1304 541 1382; x_wconf 83' lang='lat' dir='ltr'><strong>verint,</strong></span> <span class='ocrx_word' id='word_1_62' title='bbox 570 1316 609 1368; x_wconf 91' lang='lat' dir='ltr'><strong>ut</strong></span> <span class='ocrx_word' id='word_1_63' title='bbox 633 1303 827 1370; x_wconf 83' lang='lat' dir='ltr'><strong>Glaucus</strong></span> <span class='ocrx_word' id='word_1_64' title='bbox 852 1301 1008 1378; x_wconf 89' lang='lat' dir='ltr'><strong>Samius,</strong></span> <span class='ocrx_word' id='word_1_65' title='bbox 1038 1321 1059 1366; x_wconf 93' lang='lat' dir='ltr'><strong>a</strong></span> <span class='ocrx_word' id='word_1_66' title='bbox 1081 1319 1152 1386; x_wconf 90' lang='lat' dir='ltr'><strong>quo</strong></span> <span class='ocrx_word' id='word_1_67' title='bbox 1175 1319 1237 1362; x_wconf 82' lang='lat' dir='ltr'><strong>sex</strong></span> <span class='ocrx_word' id='word_1_68' title='bbox 1258 1299 1444 1384; x_wconf 84' lang='lat' dir='ltr'><strong>prosodiae</strong></span> <span class='ocrx_word' id='word_1_69' title='bbox 1466 1309 1546 1362; x_wconf 91' lang='lat' dir='ltr'><strong>sunt</strong></span> <span class='ocrx_word' id='word_1_70' title='bbox 1568 1296 1633 1362; x_wconf 87' lang='lat' dir='ltr'><strong>suh</strong></span> <span class='ocrx_word' id='word_1_71' title='bbox 1654 1298 1750 1364; x_wconf 87' lang='lat' dir='ltr'><strong>hisce</strong></span> <span class='ocrx_word' id='word_1_72' title='bbox 1765 1293 1795 1382; x_wconf 86' lang='lat'><strong>⁸)</strong></span> <span class='ocrx_word' id='word_1_73' title='bbox 1817 1319 1883 1366; x_wconf 87' lang='lat' dir='ltr'><strong>nc-</strong></span> <span class='ocrx_word' id='word_1_74' title='bbox 2044 1287 2045 1294; x_wconf 7' lang='grc' dir='ltr'>ἵ</span> 
     </span>
     <span class='ocr_line' id='line_1_10' title="bbox 409 1401 1884 1489; baseline -0.004 -21"><span class='ocrx_word' id='word_1_75' title='bbox 409 1405 578 1471; x_wconf 86' lang='lat' dir='ltr'><strong>minibus:</strong></span> <span class='ocrx_word' id='word_1_76' title='bbox 601 1407 758 1489; x_wconf 64' lang='lat' dir='ltr'><strong>laomim),</strong></span> <span class='ocrx_word' id='word_1_77' title='bbox 779 1407 874 1486; x_wconf 74' lang='lat' dir='ltr'><strong>pict),</strong></span> <span class='ocrx_word' id='word_1_78' title='bbox 897 1401 1113 1486; x_wconf 61' lang='lat' dir='ltr'><strong>intersepsit„</strong></span> <span class='ocrx_word' id='word_1_79' title='bbox 1133 1405 1346 1482; x_wconf 68' lang='grc' dir='ltr'><strong>κεκλασμένη,</strong></span> <span class='ocrx_word' id='word_1_80' title='bbox 1367 1402 1681 1479; x_wconf 68' lang='grc' dir='ltr'><strong>ι’ντιιναιλιιὲομίιη,</strong></span> <span class='ocrx_word' id='word_1_81' title='bbox 1700 1405 1777 1482; x_wconf 66' lang='grc' dir='ltr'><strong>νήτη</strong></span> <span class='ocrx_word' id='word_1_82' title='bbox 1791 1404 1823 1485; x_wconf 76' lang='grc'><strong>9)</strong></span> <span class='ocrx_word' id='word_1_83' title='bbox 1838 1407 1884 1488; x_wconf 71' lang='grc'><strong>’).</strong></span> 
     </span>
     <span class='ocr_line' id='line_1_11' title="bbox 409 1501 1884 1595; baseline -0.001 -24"><span class='ocrx_word' id='word_1_84' title='bbox 409 1505 479 1572; x_wconf 87' lang='lat' dir='ltr'><strong>Sed</strong></span> <span class='ocrx_word' id='word_1_85' title='bbox 499 1509 559 1573; x_wconf 91' lang='lat' dir='ltr'><strong>hic</strong></span> <span class='ocrx_word' id='word_1_86' title='bbox 581 1529 722 1595; x_wconf 87' lang='lat' dir='ltr'><strong>qnoque</strong></span> <span class='ocrx_word' id='word_1_87' title='bbox 744 1528 817 1572; x_wconf 92' lang='lat' dir='ltr'><strong>uon</strong></span> <span class='ocrx_word' id='word_1_88' title='bbox 838 1507 997 1574; x_wconf 88' lang='lat' dir='ltr'><strong>dissentit</strong></span> <span class='ocrx_word' id='word_1_89' title='bbox 1009 1511 1053 1588; x_wconf 87' lang='grc'><strong>.”)</strong></span> <span class='ocrx_word' id='word_1_90' title='bbox 1075 1526 1095 1569; x_wconf 92' lang='lat' dir='ltr'><strong>a</strong></span> <span class='ocrx_word' id='word_1_91' title='bbox 1117 1503 1237 1580; x_wconf 89' lang='lat' dir='ltr'><strong>nobis;</strong></span> <span class='ocrx_word' id='word_1_92' title='bbox 1267 1524 1348 1568; x_wconf 93' lang='lat' dir='ltr'><strong>nam</strong></span> <span class='ocrx_word' id='word_1_93' title='bbox 1373 1503 1484 1568; x_wconf 79' lang='lat' dir='ltr'><strong>cuivis</strong></span> <span class='ocrx_word' id='word_1_94' title='bbox 1506 1522 1552 1568; x_wconf 86' lang='lat' dir='ltr'><strong>cx</strong></span> <span class='ocrx_word' id='word_1_95' title='bbox 1573 1501 1658 1588; x_wconf 88' lang='lat' dir='ltr'><strong>ipsis</strong></span> <span class='ocrx_word' id='word_1_96' title='bbox 1679 1505 1884 1572; x_wconf 82' lang='lat' dir='ltr'><strong>nominihus</strong></span> 
     </span>
     <span class='ocr_line' id='line_1_12' title="bbox 408 1604 2045 1698; baseline -0.002 -25"><span class='ocrx_word' id='word_1_97' title='bbox 408 1610 586 1676; x_wconf 90' lang='lat' dir='ltr'><strong>intellectu</strong></span> <span class='ocrx_word' id='word_1_98' title='bbox 616 1609 775 1698; x_wconf 88' lang='lat' dir='ltr'><strong>proclive</strong></span> <span class='ocrx_word' id='word_1_99' title='bbox 797 1622 865 1686; x_wconf 88' lang='lat' dir='ltr'><strong>est,</strong></span> <span class='ocrx_word' id='word_1_100' title='bbox 897 1622 966 1673; x_wconf 92' lang='lat' dir='ltr'><strong>tres</strong></span> <span class='ocrx_word' id='word_1_101' title='bbox 988 1609 1120 1694; x_wconf 86' lang='lat' dir='ltr'><strong>primas</strong></span> <span class='ocrx_word' id='word_1_102' title='bbox 1142 1628 1215 1672; x_wconf 88' lang='lat' dir='ltr'><strong>esse</strong></span> <span class='ocrx_word' id='word_1_103' title='bbox 1237 1604 1414 1692; x_wconf 82' lang='lat' dir='ltr'><strong>simplices</strong></span> <span class='ocrx_word' id='word_1_104' title='bbox 1436 1617 1471 1668; x_wconf 88' lang='lat' dir='ltr'><strong>et</strong></span> <span class='ocrx_word' id='word_1_105' title='bbox 1491 1624 1564 1668; x_wconf 90' lang='lat' dir='ltr'><strong>nou</strong></span> <span class='ocrx_word' id='word_1_106' title='bbox 1586 1605 1671 1670; x_wconf 91' lang='lat' dir='ltr'><strong>alias</strong></span> <span class='ocrx_word' id='word_1_107' title='bbox 1694 1625 1799 1691; x_wconf 88' lang='lat' dir='ltr'><strong>qnam</strong></span> <span class='ocrx_word' id='word_1_108' title='bbox 1820 1615 1881 1688; x_wconf 73' lang='grc' dir='ltr'><strong>ῥα-</strong></span> <span class='ocrx_word' id='word_1_109' title='bbox 2044 1673 2045 1684; x_wconf 28' lang='lat'>2</span> 
     </span>
     <span class='ocr_line' id='line_1_13' title="bbox 407 1707 1880 1800; baseline -0.001 -25"><span class='ocrx_word' id='word_1_110' title='bbox 407 1721 514 1790; x_wconf 75' lang='lat' dir='ltr'><strong>patae,</strong></span> <span class='ocrx_word' id='word_1_111' title='bbox 539 1715 654 1793; x_wconf 58' lang='grc' dir='ltr'>μίαν,</span> <span class='ocrx_word' id='word_1_112' title='bbox 685 1713 790 1797; x_wconf 73' lang='grc' dir='ltr'><strong>ὀξεῖαι</strong></span> <span class='ocrx_word' id='word_1_113' title='bbox 811 1713 873 1794; x_wconf 84' lang='grc'><strong>”),</strong></span> <span class='ocrx_word' id='word_1_114' title='bbox 900 1723 1095 1797; x_wconf 88' lang='lat' dir='ltr'><strong>postremas</strong></span> <span class='ocrx_word' id='word_1_115' title='bbox 1122 1723 1235 1774; x_wconf 87' lang='lat' dir='ltr'><strong>antem</strong></span> <span class='ocrx_word' id='word_1_116' title='bbox 1264 1722 1333 1773; x_wconf 89' lang='lat' dir='ltr'><strong>tres</strong></span> <span class='ocrx_word' id='word_1_117' title='bbox 1363 1707 1521 1800; x_wconf 80' lang='lat' dir='ltr'><strong>duplices</strong></span> <span class='ocrx_word' id='word_1_118' title='bbox 1551 1719 1586 1770; x_wconf 91' lang='lat' dir='ltr'><strong>et</strong></span> <span class='ocrx_word' id='word_1_119' title='bbox 1616 1708 1717 1792; x_wconf 89' lang='lat' dir='ltr'><strong>quasi</strong></span> <span class='ocrx_word' id='word_1_120' title='bbox 1746 1710 1880 1794; x_wconf 84' lang='lat' dir='ltr'><strong>species</strong></span> 
     </span>
     <span class='ocr_line' id='line_1_14' title="bbox 407 1811 2013 1901; baseline -0.002 -23"><span class='ocrx_word' id='word_1_121' title='bbox 407 1815 510 1878; x_wconf 89' lang='lat' dir='ltr'><strong>nnius</strong></span> <span class='ocrx_word' id='word_1_122' title='bbox 533 1815 657 1890; x_wconf 87' lang='lat' dir='ltr'><strong>flexae,</strong></span> <span class='ocrx_word' id='word_1_123' title='bbox 689 1835 779 1901; x_wconf 90' lang='lat' dir='ltr'><strong>quae</strong></span> <span class='ocrx_word' id='word_1_124' title='bbox 805 1826 857 1878; x_wconf 88' lang='lat' dir='ltr'><strong>est</strong></span> <span class='ocrx_word' id='word_1_125' title='bbox 879 1833 1006 1898; x_wconf 80' lang='lat' dir='ltr'><strong>genere</strong></span> <span class='ocrx_word' id='word_1_126' title='bbox 1027 1833 1114 1889; x_wconf 85' lang='lat' dir='ltr'><strong>una;</strong></span> <span class='ocrx_word' id='word_1_127' title='bbox 1142 1815 1231 1876; x_wconf 90' lang='lat' dir='ltr'><strong>hanc</strong></span> <span class='ocrx_word' id='word_1_128' title='bbox 1254 1812 1347 1874; x_wconf 88' lang='lat' dir='ltr'><strong>enim</strong></span> <span class='ocrx_word' id='word_1_129' title='bbox 1370 1812 1460 1874; x_wconf 80' lang='lat' dir='ltr'><strong>necti</strong></span> <span class='ocrx_word' id='word_1_130' title='bbox 1482 1829 1555 1874; x_wconf 86' lang='lat' dir='ltr'><strong>non</strong></span> <span class='ocrx_word' id='word_1_131' title='bbox 1576 1811 1778 1892; x_wconf 77' lang='lat' dir='ltr'><strong>utromodo</strong></span> <span class='ocrx_word' id='word_1_132' title='bbox 1799 1831 1878 1876; x_wconf 85' lang='lat' dir='ltr'><strong>om·</strong></span> <span class='ocrx_word' id='word_1_133' title='bbox 2007 1833 2013 1844; x_wconf 95' lang='lat'><em>·</em></span> 
     </span>
     <span class='ocr_line' id='line_1_15' title="bbox 407 1913 1879 2003; baseline -0.001 -23"><span class='ocrx_word' id='word_1_134' title='bbox 407 1935 468 1981; x_wconf 87' lang='lat' dir='ltr'><strong>nes</strong></span> <span class='ocrx_word' id='word_1_135' title='bbox 490 1929 716 2003; x_wconf 80' lang='lat' dir='ltr'><strong>putaverunt3</strong></span> <span class='ocrx_word' id='word_1_136' title='bbox 740 1916 1058 1980; x_wconf 82' lang='lat' dir='ltr'><strong>Eratosthenes</strong></span> <span class='ocrx_word' id='word_1_137' title='bbox 1079 1915 1119 1996; x_wconf 84' lang='lat'><strong>¹²)</strong></span> <span class='ocrx_word' id='word_1_138' title='bbox 1142 1931 1187 1978; x_wconf 87' lang='lat' dir='ltr'><strong>ex</strong></span> <span class='ocrx_word' id='word_1_139' title='bbox 1208 1925 1305 1998; x_wconf 91' lang='lat' dir='ltr'><strong>parte</strong></span> <span class='ocrx_word' id='word_1_140' title='bbox 1327 1914 1444 1998; x_wconf 91' lang='lat' dir='ltr'><strong>priore</strong></span> <span class='ocrx_word' id='word_1_141' title='bbox 1467 1925 1568 1977; x_wconf 88' lang='lat' dir='ltr'><strong>acuta</strong></span> <span class='ocrx_word' id='word_1_142' title='bbox 1589 1913 1627 1975; x_wconf 90' lang='lat' dir='ltr'><strong>in</strong></span> <span class='ocrx_word' id='word_1_143' title='bbox 1648 1932 1791 1997; x_wconf 79' lang='lat' dir='ltr'><strong>gravem</strong></span> <span class='ocrx_word' id='word_1_144' title='bbox 1813 1935 1879 2000; x_wconf 92' lang='lat' dir='ltr'><strong>po-</strong></span> 
     </span>
     <span class='ocr_line' id='line_1_16' title="bbox 348 2010 1880 2103; baseline -0.001 -20"><span class='ocrx_word' id='word_1_145' title='bbox 348 2032 353 2040; x_wconf 89' lang='grc'><em>·</em></span> <span class='ocrx_word' id='word_1_146' title='bbox 406 2020 587 2084; x_wconf 88' lang='lat' dir='ltr'><strong>eteriorem</strong></span> <span class='ocrx_word' id='word_1_147' title='bbox 609 2013 661 2103; x_wconf 82' lang='lat'><strong>¹³),</strong></span> <span class='ocrx_word' id='word_1_148' title='bbox 680 2018 933 2084; x_wconf 84' lang='lat' dir='ltr'><strong>Theodorus</strong></span> <span class='ocrx_word' id='word_1_149' title='bbox 956 2029 1072 2080; x_wconf 89' lang='lat' dir='ltr'><strong>autem</strong></span> <span class='ocrx_word' id='word_1_150' title='bbox 1089 2010 1127 2102; x_wconf 82' lang='lat'><strong>¹⁴)</strong></span> <span class='ocrx_word' id='word_1_151' title='bbox 1138 2015 1326 2101; x_wconf 88' lang='lat' dir='ltr'><strong>aliqnando</strong></span> <span class='ocrx_word' id='word_1_152' title='bbox 1342 2017 1444 2079; x_wconf 86' lang='lat' dir='ltr'><strong>etiam</strong></span> <span class='ocrx_word' id='word_1_153' title='bbox 1457 2035 1503 2078; x_wconf 83' lang='lat' dir='ltr'><strong>ex</strong></span> <span class='ocrx_word' id='word_1_154' title='bbox 1516 2017 1614 2099; x_wconf 81' lang='lat' dir='ltr'><strong>gravi</strong></span> <span class='ocrx_word' id='word_1_155' title='bbox 1630 2015 1667 2078; x_wconf 91' lang='lat' dir='ltr'><strong>in</strong></span> <span class='ocrx_word' id='word_1_156' title='bbox 1683 2017 1880 2080; x_wconf 80' lang='lat' dir='ltr'><strong>acutiorem</strong></span> 
     </span>
     <span class='ocr_line' id='line_1_17' title="bbox 405 2116 1879 2222; baseline -0.001 -38"><span class='ocrx_word' id='word_1_157' title='bbox 405 2121 617 2186; x_wconf 86' lang='lat' dir='ltr'><strong>exscendere</strong></span> <span class='ocrx_word' id='word_1_158' title='bbox 634 2117 692 2222; x_wconf 84' lang='lat'><strong>¹⁵);</strong></span> <span class='ocrx_word' id='word_1_159' title='bbox 717 2133 870 2186; x_wconf 88' lang='lat' dir='ltr'><strong>ceterum</strong></span> <span class='ocrx_word' id='word_1_160' title='bbox 893 2119 1029 2184; x_wconf 82' lang='lat' dir='ltr'><strong>Varro</strong></span> <span class='ocrx_word' id='word_1_161' title='bbox 1052 2118 1091 2182; x_wconf 91' lang='lat' dir='ltr'><strong>in</strong></span> <span class='ocrx_word' id='word_1_162' title='bbox 1111 2131 1258 2204; x_wconf 87' lang='lat' dir='ltr'><strong>utraque</strong></span> <span class='ocrx_word' id='word_1_163' title='bbox 1273 2131 1371 2204; x_wconf 88' lang='lat' dir='ltr'><strong>parte</strong></span> <span class='ocrx_word' id='word_1_164' title='bbox 1389 2117 1523 2182; x_wconf 82' lang='lat' dir='ltr'><strong>moveri</strong></span> <span class='ocrx_word' id='word_1_165' title='bbox 1540 2116 1737 2194; x_wconf 84' lang='lat' dir='ltr'><strong>arbitratur,</strong></span> <span class='ocrx_word' id='word_1_166' title='bbox 1760 2139 1879 2205; x_wconf 84' lang='lat' dir='ltr'><strong>neque</strong></span> 
     </span>
     <span class='ocr_line' id='line_1_18' title="bbox 404 2214 2045 2306; baseline -0.002 -20"><span class='ocrx_word' id='word_1_167' title='bbox 404 2223 463 2286; x_wconf 91' lang='lat' dir='ltr'><strong>hic</strong></span> <span class='ocrx_word' id='word_1_168' title='bbox 486 2222 585 2288; x_wconf 78' lang='lat' dir='ltr'><strong>facile</strong></span> <span class='ocrx_word' id='word_1_169' title='bbox 607 2225 683 2289; x_wconf 82' lang='lat' dir='ltr'><strong>heri</strong></span> <span class='ocrx_word' id='word_1_170' title='bbox 704 2225 779 2288; x_wconf 91' lang='lat' dir='ltr'><strong>sine</strong></span> <span class='ocrx_word' id='word_1_171' title='bbox 795 2222 928 2298; x_wconf 76' lang='lat' dir='ltr'><strong>medis,</strong></span> <span class='ocrx_word' id='word_1_172' title='bbox 944 2241 1090 2306; x_wconf 89' lang='lat' dir='ltr'><strong>eamque</strong></span> <span class='ocrx_word' id='word_1_173' title='bbox 1104 2232 1238 2285; x_wconf 85' lang='lat' dir='ltr'><strong>acutam</strong></span> <span class='ocrx_word' id='word_1_174' title='bbox 1252 2221 1460 2306; x_wconf 86' lang='lat' dir='ltr'><strong>plerumque</strong></span> <span class='ocrx_word' id='word_1_175' title='bbox 1482 2239 1555 2282; x_wconf 92' lang='lat' dir='ltr'><strong>esse</strong></span> <span class='ocrx_word' id='word_1_176' title='bbox 1577 2219 1694 2304; x_wconf 88' lang='lat' dir='ltr'><strong>potius</strong></span> <span class='ocrx_word' id='word_1_177' title='bbox 1711 2214 1751 2303; x_wconf 80' lang='lat'><strong>¹⁰)</strong></span> <span class='ocrx_word' id='word_1_178' title='bbox 1769 2242 1875 2306; x_wconf 87' lang='lat' dir='ltr'><strong>quam</strong></span> <span class='ocrx_word' id='word_1_179' title='bbox 2044 2245 2045 2292; x_wconf 77' lang='lat' dir='ltr'><strong>l</strong></span> 
     </span>
     <span class='ocr_line' id='line_1_19' title="bbox 402 2318 1876 2412; baseline 0.001 -26"><span class='ocrx_word' id='word_1_180' title='bbox 402 2343 544 2408; x_wconf 77' lang='lat' dir='ltr'><strong>gravem</strong></span> <span class='ocrx_word' id='word_1_181' title='bbox 570 2327 629 2409; x_wconf 78' lang='lat'><strong>¹⁷),</strong></span> <span class='ocrx_word' id='word_1_182' title='bbox 663 2325 759 2412; x_wconf 86' lang='lat' dir='ltr'><strong>quod</strong></span> <span class='ocrx_word' id='word_1_183' title='bbox 789 2345 829 2390; x_wconf 89' lang='lat' dir='ltr'><strong>ea</strong></span> <span class='ocrx_word' id='word_1_184' title='bbox 854 2325 1000 2410; x_wconf 75' lang='lat' dir='ltr'><strong>propius</strong></span> <span class='ocrx_word' id='word_1_185' title='bbox 1025 2318 1067 2406; x_wconf 83' lang='lat'><strong>¹⁸)</strong></span> <span class='ocrx_word' id='word_1_186' title='bbox 1088 2335 1271 2409; x_wconf 89' lang='lat' dir='ltr'><strong>utramque</strong></span> <span class='ocrx_word' id='word_1_187' title='bbox 1297 2324 1336 2405; x_wconf 81' lang='lat'><strong>¹⁹)</strong></span> <span class='ocrx_word' id='word_1_188' title='bbox 1358 2336 1425 2400; x_wconf 89' lang='lat' dir='ltr'><strong>est,</strong></span> <span class='ocrx_word' id='word_1_189' title='bbox 1449 2339 1553 2406; x_wconf 86' lang='lat' dir='ltr'><strong>qnam</strong></span> <span class='ocrx_word' id='word_1_190' title='bbox 1576 2320 1638 2384; x_wconf 85' lang='lat' dir='ltr'><strong>illa</strong></span> <span class='ocrx_word' id='word_1_191' title='bbox 1660 2323 1822 2408; x_wconf 86' lang='lat' dir='ltr'><strong>superior</strong></span> <span class='ocrx_word' id='word_1_192' title='bbox 1842 2336 1876 2388; x_wconf 89' lang='lat' dir='ltr'><strong>et</strong></span> 
     </span>
     <span class='ocr_line' id='line_1_20' title="bbox 352 2424 2045 2513; baseline -0.001 -26"><span class='ocrx_word' id='word_1_193' title='bbox 352 2455 356 2463; x_wconf 93' lang='lat'><em>·</em></span> <span class='ocrx_word' id='word_1_194' title='bbox 403 2424 548 2490; x_wconf 78' lang='lat' dir='ltr'><strong>interior</strong></span> <span class='ocrx_word' id='word_1_195' title='bbox 568 2427 661 2492; x_wconf 91' lang='lat' dir='ltr'><strong>inter</strong></span> <span class='ocrx_word' id='word_1_196' title='bbox 681 2449 718 2492; x_wconf 91' lang='lat' dir='ltr'><strong>se</strong></span> <span class='ocrx_word' id='word_1_197' title='bbox 734 2425 780 2513; x_wconf 68' lang='lat'><strong>1).</strong></span> <span class='ocrx_word' id='word_1_198' title='bbox 2044 2479 2045 2486; x_wconf 74' lang='grc'>,</span> 
     </span>
     <span class='ocr_line' id='line_1_21' title="bbox 488 2515 2045 2614; baseline -0.001 -21"><span class='ocrx_word' id='word_1_199' title='bbox 488 2529 541 2593; x_wconf 77' lang='grc'><strong>23.</strong></span> <span class='ocrx_word' id='word_1_200' title='bbox 565 2527 634 2592; x_wconf 87' lang='lat' dir='ltr'><strong>Sed</strong></span> <span class='ocrx_word' id='word_1_201' title='bbox 656 2529 724 2594; x_wconf 92' lang='lat' dir='ltr'><strong>hoc</strong></span> <span class='ocrx_word' id='word_1_202' title='bbox 747 2529 790 2594; x_wconf 91' lang='lat' dir='ltr'><strong>de</strong></span> <span class='ocrx_word' id='word_1_203' title='bbox 804 2531 847 2614; x_wconf 80' lang='lat'><strong>³⁰)</strong></span> <span class='ocrx_word' id='word_1_204' title='bbox 869 2527 984 2594; x_wconf 89' lang='lat' dir='ltr'><strong>media</strong></span> <span class='ocrx_word' id='word_1_205' title='bbox 1005 2527 1171 2614; x_wconf 89' lang='lat' dir='ltr'><strong>prosodia</strong></span> <span class='ocrx_word' id='word_1_206' title='bbox 1184 2529 1227 2612; x_wconf 88' lang='lat'><strong>²¹)</strong></span> <span class='ocrx_word' id='word_1_207' title='bbox 1249 2527 1349 2605; x_wconf 89' lang='lat' dir='ltr'><strong>satia,</strong></span> <span class='ocrx_word' id='word_1_208' title='bbox 1372 2547 1443 2613; x_wconf 87' lang='lat' dir='ltr'><strong>qno</strong></span> <span class='ocrx_word' id='word_1_209' title='bbox 1462 2527 1540 2613; x_wconf 84' lang='lat' dir='ltr'><strong>quis</strong></span> <span class='ocrx_word' id='word_1_210' title='bbox 1563 2527 1650 2592; x_wconf 87' lang='lat' dir='ltr'><strong>sciat</strong></span> <span class='ocrx_word' id='word_1_211' title='bbox 1672 2547 1747 2592; x_wconf 89' lang='lat' dir='ltr'><strong>esee</strong></span> <span class='ocrx_word' id='word_1_212' title='bbox 1769 2547 1876 2614; x_wconf 87' lang='lat' dir='ltr'><strong>qnae-</strong></span> <span class='ocrx_word' id='word_1_213' title='bbox 2044 2515 2045 2600; x_wconf 57' lang='grc' dir='ltr'>ἶ</span> 
     </span>
     <span class='ocr_line' id='line_1_22' title="bbox 311 2624 1876 2716; baseline 0.001 -24"><span class='ocrx_word' id='word_1_214' title='bbox 311 2627 652 2713; x_wconf 68' lang='lat' dir='ltr'><strong>o¹·1srsndam¹¹)⁴.</strong></span> <span class='ocrx_word' id='word_1_215' title='bbox 677 2628 839 2694; x_wconf 90' lang='lat' dir='ltr'><strong>Ceterum</strong></span> <span class='ocrx_word' id='word_1_216' title='bbox 863 2631 924 2715; x_wconf 91' lang='lat' dir='ltr'><strong>qui</strong></span> <span class='ocrx_word' id='word_1_217' title='bbox 947 2632 1036 2693; x_wconf 84' lang='lat' dir='ltr'><strong>hanc</strong></span> <span class='ocrx_word' id='word_1_218' title='bbox 1058 2631 1238 2715; x_wconf 80' lang='lat' dir='ltr'><strong>ignorant,</strong></span> <span class='ocrx_word' id='word_1_219' title='bbox 1261 2631 1343 2715; x_wconf 90' lang='lat' dir='ltr'><strong>quia</strong></span> <span class='ocrx_word' id='word_1_220' title='bbox 1366 2629 1440 2694; x_wconf 89' lang='lat' dir='ltr'><strong>sola</strong></span> <span class='ocrx_word' id='word_1_221' title='bbox 1461 2643 1645 2708; x_wconf 81' lang='lat' dir='ltr'><strong>noverunt,</strong></span> <span class='ocrx_word' id='word_1_222' title='bbox 1667 2651 1757 2716; x_wconf 88' lang='lat' dir='ltr'><strong>quse</strong></span> <span class='ocrx_word' id='word_1_223' title='bbox 1779 2632 1818 2694; x_wconf 90' lang='lat' dir='ltr'><strong>in</strong></span> <span class='ocrx_word' id='word_1_224' title='bbox 1832 2624 1876 2715; x_wconf 79' lang='lat'><strong>¹³)</strong></span> 
     </span>
     <span class='ocr_line' id='line_1_23' title="bbox 402 2719 1877 2816; baseline 0.002 -21"><span class='ocrx_word' id='word_1_225' title='bbox 402 2729 533 2795; x_wconf 84' lang='lat' dir='ltr'><strong>scholis</strong></span> <span class='ocrx_word' id='word_1_226' title='bbox 547 2719 592 2814; x_wconf 76' lang='lat'><strong>¹⁴)</strong></span> <span class='ocrx_word' id='word_1_227' title='bbox 614 2731 819 2796; x_wconf 82' lang='lat' dir='ltr'><strong>studuerunt</strong></span> <span class='ocrx_word' id='word_1_228' title='bbox 833 2725 890 2816; x_wconf 88' lang='lat'><strong>²⁵),</strong></span> <span class='ocrx_word' id='word_1_229' title='bbox 914 2749 986 2794; x_wconf 89' lang='lat' dir='ltr'><strong>non</strong></span> <span class='ocrx_word' id='word_1_230' title='bbox 1009 2743 1089 2794; x_wconf 88' lang='lat' dir='ltr'><strong>sunt</strong></span> <span class='ocrx_word' id='word_1_231' title='bbox 1111 2731 1288 2816; x_wconf 86' lang='lat' dir='ltr'><strong>culpandi.</strong></span> <span class='ocrx_word' id='word_1_232' title='bbox 1310 2732 1379 2796; x_wconf 92' lang='lat' dir='ltr'><strong>Sed</strong></span> <span class='ocrx_word' id='word_1_233' title='bbox 1401 2751 1467 2796; x_wconf 90' lang='lat' dir='ltr'><strong>nec</strong></span> <span class='ocrx_word' id='word_1_234' title='bbox 1489 2732 1687 2816; x_wconf 80' lang='lat' dir='ltr'><strong>magistros,</strong></span> <span class='ocrx_word' id='word_1_235' title='bbox 1717 2733 1780 2816; x_wconf 85' lang='lat' dir='ltr'><strong>qni</strong></span> <span class='ocrx_word' id='word_1_236' title='bbox 1803 2745 1877 2798; x_wconf 89' lang='lat' dir='ltr'><strong>tres</strong></span> 
     </span>
     <span class='ocr_line' id='line_1_24' title="bbox 403 2831 1876 2917; baseline 0.002 -21"><span class='ocrx_word' id='word_1_237' title='bbox 403 2831 494 2896; x_wconf 89' lang='lat' dir='ltr'><strong>solae</strong></span> <span class='ocrx_word' id='word_1_238' title='bbox 517 2833 773 2911; x_wconf 88' lang='lat' dir='ltr'><strong>demonstrant,</strong></span> <span class='ocrx_word' id='word_1_239' title='bbox 796 2833 924 2898; x_wconf 87' lang='lat' dir='ltr'><strong>erroris</strong></span> <span class='ocrx_word' id='word_1_240' title='bbox 947 2832 1140 2917; x_wconf 77' lang='lat' dir='ltr'><strong>arguerim,</strong></span> <span class='ocrx_word' id='word_1_241' title='bbox 1163 2833 1193 2896; x_wconf 91' lang='lat' dir='ltr'><strong>si</strong></span> <span class='ocrx_word' id='word_1_242' title='bbox 1215 2833 1321 2897; x_wconf 93' lang='lat' dir='ltr'><strong>modo</strong></span> <span class='ocrx_word' id='word_1_243' title='bbox 1343 2835 1411 2898; x_wconf 90' lang='lat' dir='ltr'><strong>hoc</strong></span> <span class='ocrx_word' id='word_1_244' title='bbox 1433 2834 1583 2899; x_wconf 90' lang='lat' dir='ltr'><strong>docendi</strong></span> <span class='ocrx_word' id='word_1_245' title='bbox 1604 2853 1706 2897; x_wconf 89' lang='lat' dir='ltr'><strong>cansa</strong></span> <span class='ocrx_word' id='word_1_246' title='bbox 1728 2833 1876 2912; x_wconf 84' lang='lat' dir='ltr'><strong>iaciunt,</strong></span> 
     </span>
     <span class='ocr_line' id='line_1_25' title="bbox 403 2927 1875 3023; baseline 0.002 -26"><span class='ocrx_word' id='word_1_247' title='bbox 403 2955 480 2998; x_wconf 92' lang='lat' dir='ltr'><strong>cnm</strong></span> <span class='ocrx_word' id='word_1_248' title='bbox 504 2935 599 3022; x_wconf 90' lang='lat' dir='ltr'><strong>ipsos</strong></span> <span class='ocrx_word' id='word_1_249' title='bbox 617 2927 660 3019; x_wconf 78' lang='lat'><strong>²⁶)</strong></span> <span class='ocrx_word' id='word_1_250' title='bbox 683 2947 807 3022; x_wconf 87' lang='lat' dir='ltr'><strong>quarta</strong></span> <span class='ocrx_word' id='word_1_251' title='bbox 827 2955 899 3000; x_wconf 92' lang='lat' dir='ltr'><strong>non</strong></span> <span class='ocrx_word' id='word_1_252' title='bbox 922 2935 1035 3000; x_wconf 89' lang='lat' dir='ltr'><strong>lateat.</strong></span> <span class='ocrx_word' id='word_1_253' title='bbox 1059 2934 1146 3000; x_wconf 86' lang='lat' dir='ltr'><strong>Tres</strong></span> <span class='ocrx_word' id='word_1_254' title='bbox 1168 2936 1349 3021; x_wconf 89' lang='lat' dir='ltr'><strong>prosodias</strong></span> <span class='ocrx_word' id='word_1_255' title='bbox 1380 2937 1416 3000; x_wconf 92' lang='lat' dir='ltr'><strong>iu</strong></span> <span class='ocrx_word' id='word_1_256' title='bbox 1438 2956 1503 3000; x_wconf 92' lang='lat' dir='ltr'><strong>nsu</strong></span> <span class='ocrx_word' id='word_1_257' title='bbox 1526 2957 1598 3000; x_wconf 88' lang='lat' dir='ltr'><strong>esee</strong></span> <span class='ocrx_word' id='word_1_258' title='bbox 1620 2937 1711 3000; x_wconf 88' lang='lat' dir='ltr'><strong>scire</strong></span> <span class='ocrx_word' id='word_1_259' title='bbox 1733 2949 1875 3023; x_wconf 88' lang='lat' dir='ltr'><strong>oportet</strong></span> 
     </span>
    </p>
   </div>
   <div class='ocr_carea' id='block_1_3' title="bbox 425 3234 1871 4538">
    <p class='ocr_par' dir='ltr' id='par_1_3' title="bbox 455 3234 1871 4277">
     <span class='ocr_line' id='line_1_26' title="bbox 455 3234 1871 3309; baseline 0.001 -21"><span class='ocrx_word' id='word_1_260' title='bbox 455 3239 477 3307; x_wconf 84' lang='lat'><strong>¹)</strong></span> <span class='ocrx_word' id='word_1_261' title='bbox 503 3235 605 3288; x_wconf 80' lang='lat' dir='ltr'><strong>latium</strong></span> <span class='ocrx_word' id='word_1_262' title='bbox 626 3238 670 3291; x_wconf 89' lang='lat' dir='ltr'><strong>W.</strong></span> <span class='ocrx_word' id='word_1_263' title='bbox 695 3249 722 3291; x_wconf 89' lang='lat' dir='ltr'><strong>at</strong></span> <span class='ocrx_word' id='word_1_264' title='bbox 743 3237 811 3290; x_wconf 78' lang='lat' dir='ltr'><strong>Ceti.</strong></span> <span class='ocrx_word' id='word_1_265' title='bbox 837 3249 930 3290; x_wconf 82' lang='lat' dir='ltr'><strong>noster</strong></span> <span class='ocrx_word' id='word_1_266' title='bbox 953 3239 1039 3307; x_wconf 79' lang='lat' dir='ltr'><strong>persio</strong></span> <span class='ocrx_word' id='word_1_267' title='bbox 1066 3239 1181 3304; x_wconf 78' lang='lat' dir='ltr'><strong>inferius</strong></span> <span class='ocrx_word' id='word_1_268' title='bbox 1199 3267 1232 3278; x_wconf 94' lang='lat'>-</span> <span class='ocrx_word' id='word_1_269' title='bbox 1251 3236 1357 3288; x_wconf 86' lang='lat' dir='ltr'><strong>ioseurn</strong></span> <span class='ocrx_word' id='word_1_270' title='bbox 1387 3238 1453 3293; x_wconf 83' lang='lat' dir='ltr'><strong>Cod.</strong></span> <span class='ocrx_word' id='word_1_271' title='bbox 1471 3238 1498 3290; x_wconf 84' lang='lat' dir='ltr'><strong>h.</strong></span> <span class='ocrx_word' id='word_1_272' title='bbox 1517 3239 1536 3290; x_wconf 89' lang='lat'><strong>1.</strong></span> <span class='ocrx_word' id='word_1_273' title='bbox 1564 3241 1587 3308; x_wconf 86' lang='lat'><strong>¹)</strong></span> <span class='ocrx_word' id='word_1_274' title='bbox 1607 3234 1804 3309; x_wconf 82' lang='lat' dir='ltr'><strong>philosophum</strong></span> <span class='ocrx_word' id='word_1_275' title='bbox 1826 3240 1871 3292; x_wconf 99' lang='lat' dir='ltr'><strong>W.</strong></span> 
     </span>
     <span class='ocr_line' id='line_1_27' title="bbox 504 3321 1871 3396; baseline 0.002 -21"><span class='ocrx_word' id='word_1_276' title='bbox 504 3354 541 3364; x_wconf 95' lang='lat'>—</span> <span class='ocrx_word' id='word_1_277' title='bbox 560 3321 730 3395; x_wconf 83' lang='lat' dir='ltr'><strong>philosoium</strong></span> <span class='ocrx_word' id='word_1_278' title='bbox 749 3325 817 3379; x_wconf 80' lang='lat' dir='ltr'><strong>ch.</strong></span> <span class='ocrx_word' id='word_1_279' title='bbox 844 3327 867 3394; x_wconf 84' lang='lat'><strong>¹)</strong></span> <span class='ocrx_word' id='word_1_280' title='bbox 886 3322 1107 3396; x_wconf 83' lang='lat' dir='ltr'><strong>Theophrastum</strong></span> <span class='ocrx_word' id='word_1_281' title='bbox 1128 3325 1172 3379; x_wconf 89' lang='lat' dir='ltr'><strong>W.</strong></span> <span class='ocrx_word' id='word_1_282' title='bbox 1190 3353 1227 3366; x_wconf 91' lang='lat'><em>-</em></span> <span class='ocrx_word' id='word_1_283' title='bbox 1244 3321 1434 3396; x_wconf 78' lang='lat' dir='ltr'><strong>theoprastum</strong></span> <span class='ocrx_word' id='word_1_284' title='bbox 1454 3325 1521 3378; x_wconf 78' lang='lat' dir='ltr'><strong>cod.</strong></span> <span class='ocrx_word' id='word_1_285' title='bbox 1550 3325 1573 3394; x_wconf 76' lang='lat'><strong>⁴)</strong></span> <span class='ocrx_word' id='word_1_286' title='bbox 1593 3321 1799 3378; x_wconf 76' lang='lat' dir='ltr'><strong>Athenodorum</strong></span> <span class='ocrx_word' id='word_1_287' title='bbox 1823 3331 1871 3380; x_wconf 77' lang='lat' dir='ltr'><strong>W.</strong></span> 
     </span>
     <span class='ocr_line' id='line_1_28' title="bbox 503 3408 1871 3486; baseline 0 -22"><span class='ocrx_word' id='word_1_288' title='bbox 503 3439 540 3452; x_wconf 91' lang='lat'><em>-</em></span> <span class='ocrx_word' id='word_1_289' title='bbox 559 3421 590 3465; x_wconf 88' lang='lat' dir='ltr'><strong>ut</strong></span> <span class='ocrx_word' id='word_1_290' title='bbox 607 3409 789 3466; x_wconf 81' lang='lat' dir='ltr'><strong>henotlroram</strong></span> <span class='ocrx_word' id='word_1_291' title='bbox 810 3413 877 3466; x_wconf 77' lang='lat' dir='ltr'><strong>eod.</strong></span> <span class='ocrx_word' id='word_1_292' title='bbox 896 3432 914 3465; x_wconf 80' lang='lat' dir='ltr'><strong>a</strong></span> <span class='ocrx_word' id='word_1_293' title='bbox 931 3431 974 3482; x_wconf 78' lang='lat' dir='ltr'><strong>pr.</strong></span> <span class='ocrx_word' id='word_1_294' title='bbox 993 3431 1028 3466; x_wconf 84' lang='lat' dir='ltr'><strong>m.</strong></span> <span class='ocrx_word' id='word_1_295' title='bbox 1048 3440 1081 3456; x_wconf 91' lang='lat'><strong>·-</strong></span> <span class='ocrx_word' id='word_1_296' title='bbox 1108 3408 1317 3466; x_wconf 85' lang='lat' dir='ltr'><strong>athenethorutn</strong></span> <span class='ocrx_word' id='word_1_297' title='bbox 1338 3412 1406 3466; x_wconf 77' lang='lat' dir='ltr'><strong>ch.</strong></span> <span class='ocrx_word' id='word_1_298' title='bbox 1425 3432 1457 3465; x_wconf 75' lang='lat' dir='ltr'><strong>ea</strong></span> <span class='ocrx_word' id='word_1_299' title='bbox 1476 3433 1526 3466; x_wconf 82' lang='lat' dir='ltr'><strong>eat.</strong></span> <span class='ocrx_word' id='word_1_300' title='bbox 1543 3433 1588 3484; x_wconf 84' lang='lat' dir='ltr'><strong>pr.</strong></span> <span class='ocrx_word' id='word_1_301' title='bbox 1607 3431 1644 3466; x_wconf 82' lang='lat' dir='ltr'><strong>aa.</strong></span> <span class='ocrx_word' id='word_1_302' title='bbox 1670 3415 1694 3486; x_wconf 80' lang='lat'><strong>⁸)</strong></span> <span class='ocrx_word' id='word_1_303' title='bbox 1712 3411 1871 3484; x_wconf 83' lang='lat' dir='ltr'><strong>prosodiam</strong></span> 
     </span>
     <span class='ocr_line' id='line_1_29' title="bbox 508 3496 1871 3574; baseline 0 -21"><span class='ocrx_word' id='word_1_304' title='bbox 508 3501 552 3554; x_wconf 89' lang='lat' dir='ltr'><strong>W.</strong></span> <span class='ocrx_word' id='word_1_305' title='bbox 572 3513 598 3556; x_wconf 86' lang='lat' dir='ltr'><strong>et</strong></span> <span class='ocrx_word' id='word_1_306' title='bbox 619 3501 687 3554; x_wconf 75' lang='lat' dir='ltr'><strong>cod.</strong></span> <span class='ocrx_word' id='word_1_307' title='bbox 715 3519 751 3555; x_wconf 81' lang='lat' dir='ltr'><strong>aa</strong></span> <span class='ocrx_word' id='word_1_308' title='bbox 767 3519 817 3554; x_wconf 82' lang='lat' dir='ltr'><strong>am.</strong></span> <span class='ocrx_word' id='word_1_309' title='bbox 835 3519 877 3572; x_wconf 83' lang='lat' dir='ltr'><strong>pr.</strong></span> <span class='ocrx_word' id='word_1_310' title='bbox 897 3517 932 3553; x_wconf 83' lang='lat' dir='ltr'><strong>aa.</strong></span> <span class='ocrx_word' id='word_1_311' title='bbox 950 3528 987 3542; x_wconf 91' lang='lat'>-</span> <span class='ocrx_word' id='word_1_312' title='bbox 1010 3496 1177 3572; x_wconf 88' lang='lat' dir='ltr'><strong>prosodoam</strong></span> <span class='ocrx_word' id='word_1_313' title='bbox 1198 3501 1265 3553; x_wconf 80' lang='lat' dir='ltr'><strong>Ced.</strong></span> <span class='ocrx_word' id='word_1_314' title='bbox 1285 3520 1303 3553; x_wconf 84' lang='lat' dir='ltr'><strong>a</strong></span> <span class='ocrx_word' id='word_1_315' title='bbox 1320 3519 1362 3571; x_wconf 78' lang='lat' dir='ltr'><strong>pr.</strong></span> <span class='ocrx_word' id='word_1_316' title='bbox 1382 3517 1417 3554; x_wconf 85' lang='lat' dir='ltr'><strong>aa.</strong></span> <span class='ocrx_word' id='word_1_317' title='bbox 1443 3503 1467 3574; x_wconf 81' lang='lat'><strong>⁶)</strong></span> <span class='ocrx_word' id='word_1_318' title='bbox 1485 3501 1628 3574; x_wconf 69' lang='lat' dir='ltr'><strong>pateream</strong></span> <span class='ocrx_word' id='word_1_319' title='bbox 1646 3529 1681 3546; x_wconf 93' lang='lat'>-</span> <span class='ocrx_word' id='word_1_320' title='bbox 1699 3510 1871 3554; x_wconf 81' lang='lat' dir='ltr'><strong>noootouos</strong></span> 
     </span>
     <span class='ocr_line' id='line_1_30' title="bbox 507 3588 1870 3661; baseline 0.002 -21"><span class='ocrx_word' id='word_1_321' title='bbox 507 3589 553 3642; x_wconf 91' lang='lat' dir='ltr'><strong>W.</strong></span> <span class='ocrx_word' id='word_1_322' title='bbox 571 3602 599 3643; x_wconf 86' lang='lat' dir='ltr'><strong>at</strong></span> <span class='ocrx_word' id='word_1_323' title='bbox 618 3589 686 3644; x_wconf 73' lang='lat' dir='ltr'><strong>ose.</strong></span> <span class='ocrx_word' id='word_1_324' title='bbox 705 3609 723 3642; x_wconf 84' lang='lat' dir='ltr'><strong>a</strong></span> <span class='ocrx_word' id='word_1_325' title='bbox 740 3607 782 3660; x_wconf 79' lang='lat' dir='ltr'><strong>pe·</strong></span> <span class='ocrx_word' id='word_1_326' title='bbox 803 3607 837 3642; x_wconf 86' lang='lat' dir='ltr'><strong>nt.</strong></span> <span class='ocrx_word' id='word_1_327' title='bbox 863 3619 898 3630; x_wconf 89' lang='lat'><strong>·-</strong></span> <span class='ocrx_word' id='word_1_328' title='bbox 915 3597 1095 3642; x_wconf 87' lang='lat' dir='ltr'><strong>monotomcn</strong></span> <span class='ocrx_word' id='word_1_329' title='bbox 1116 3588 1183 3642; x_wconf 72' lang='lat' dir='ltr'><strong>coa</strong></span> <span class='ocrx_word' id='word_1_330' title='bbox 1203 3609 1238 3642; x_wconf 80' lang='lat' dir='ltr'><strong>ear</strong></span> <span class='ocrx_word' id='word_1_331' title='bbox 1254 3607 1303 3642; x_wconf 85' lang='lat' dir='ltr'><strong>em.</strong></span> <span class='ocrx_word' id='word_1_332' title='bbox 1322 3608 1365 3660; x_wconf 82' lang='lat' dir='ltr'><strong>pr.</strong></span> <span class='ocrx_word' id='word_1_333' title='bbox 1383 3606 1419 3642; x_wconf 85' lang='lat' dir='ltr'><strong>aa.</strong></span> <span class='ocrx_word' id='word_1_334' title='bbox 1444 3592 1467 3659; x_wconf 85' lang='lat'><strong>⁷)</strong></span> <span class='ocrx_word' id='word_1_335' title='bbox 1485 3589 1632 3661; x_wconf 84' lang='lat' dir='ltr'><strong>prosodiae</strong></span> <span class='ocrx_word' id='word_1_336' title='bbox 1654 3592 1699 3644; x_wconf 87' lang='lat' dir='ltr'><strong>W.</strong></span> <span class='ocrx_word' id='word_1_337' title='bbox 1718 3621 1753 3632; x_wconf 93' lang='lat'><strong>-·</strong></span> <span class='ocrx_word' id='word_1_338' title='bbox 1770 3607 1870 3660; x_wconf 87' lang='lat' dir='ltr'><strong>proac-</strong></span> 
     </span>
     <span class='ocr_line' id='line_1_31' title="bbox 503 3667 1870 3749; baseline 0.001 -22"><span class='ocrx_word' id='word_1_339' title='bbox 503 3673 597 3730; x_wconf 85' lang='lat' dir='ltr'><strong>dosias</strong></span> <span class='ocrx_word' id='word_1_340' title='bbox 624 3677 691 3732; x_wconf 74' lang='lat' dir='ltr'><strong>cod.</strong></span> <span class='ocrx_word' id='word_1_341' title='bbox 717 3676 741 3745; x_wconf 79' lang='lat'><strong>⁸)</strong></span> <span class='ocrx_word' id='word_1_342' title='bbox 766 3673 844 3728; x_wconf 87' lang='lat' dir='ltr'><strong>hisce</strong></span> <span class='ocrx_word' id='word_1_343' title='bbox 864 3677 932 3729; x_wconf 74' lang='lat' dir='ltr'><strong>eod.</strong></span> <span class='ocrx_word' id='word_1_344' title='bbox 960 3707 995 3720; x_wconf 88' lang='lat'><em>-</em></span> <span class='ocrx_word' id='word_1_345' title='bbox 1019 3672 1128 3747; x_wconf 80' lang='lat' dir='ltr'><strong>hiisque</strong></span> <span class='ocrx_word' id='word_1_346' title='bbox 1150 3678 1195 3730; x_wconf 88' lang='lat' dir='ltr'><strong>W.</strong></span> <span class='ocrx_word' id='word_1_347' title='bbox 1221 3681 1245 3745; x_wconf 66' lang='grc' dir='ltr'><strong>ί)</strong></span> <span class='ocrx_word' id='word_1_348' title='bbox 1272 3667 1395 3748; x_wconf 75' lang='lat' dir='ltr'><strong>siastpa‘tm</strong></span> <span class='ocrx_word' id='word_1_349' title='bbox 1411 3708 1447 3720; x_wconf 88' lang='lat'><em>-</em></span> <span class='ocrx_word' id='word_1_350' title='bbox 1464 3677 1532 3736; x_wconf 79' lang='lat' dir='ltr'><strong>atim</strong></span> <span class='ocrx_word' id='word_1_351' title='bbox 1555 3709 1591 3722; x_wconf 85' lang='lat'><em>-</em></span> <span class='ocrx_word' id='word_1_352' title='bbox 1609 3679 1732 3731; x_wconf 85' lang='lat' dir='ltr'><strong>aneimen</strong></span> <span class='ocrx_word' id='word_1_353' title='bbox 1750 3674 1870 3749; x_wconf 89' lang='lat' dir='ltr'><strong>himesip</strong></span> 
     </span>
     <span class='ocr_line' id='line_1_32' title="bbox 502 3761 1870 3836; baseline 0.001 -20"><span class='ocrx_word' id='word_1_354' title='bbox 502 3771 648 3836; x_wconf 82' lang='lat' dir='ltr'><strong>polemeus</strong></span> <span class='ocrx_word' id='word_1_355' title='bbox 675 3779 818 3817; x_wconf 83' lang='lat' dir='ltr'><strong>eecasmea</strong></span> <span class='ocrx_word' id='word_1_356' title='bbox 836 3772 966 3815; x_wconf 88' lang='lat' dir='ltr'><strong>antanaca</strong></span> <span class='ocrx_word' id='word_1_357' title='bbox 991 3761 1145 3816; x_wconf 87' lang='lat' dir='ltr'><strong>homeuehc</strong></span> <span class='ocrx_word' id='word_1_358' title='bbox 1165 3765 1232 3818; x_wconf 75' lang='lat' dir='ltr'><strong>cod.</strong></span> <span class='ocrx_word' id='word_1_359' title='bbox 1251 3795 1284 3807; x_wconf 88' lang='lat'>-</span> <span class='ocrx_word' id='word_1_360' title='bbox 1304 3781 1339 3818; x_wconf 91' lang='lat' dir='ltr'><strong>aa</strong></span> <span class='ocrx_word' id='word_1_361' title='bbox 1365 3763 1540 3818; x_wconf 78' lang='lat' dir='ltr'><strong>aintenhimes</strong></span> <span class='ocrx_word' id='word_1_362' title='bbox 1558 3765 1588 3836; x_wconf 91' lang='lat' dir='ltr'><strong>ip</strong></span> <span class='ocrx_word' id='word_1_363' title='bbox 1606 3773 1770 3836; x_wconf 73' lang='lat' dir='ltr'><strong>pertemere</strong></span> <span class='ocrx_word' id='word_1_364' title='bbox 1789 3783 1870 3818; x_wconf 85' lang='lat' dir='ltr'><strong>ceca-</strong></span> 
     </span>
     <span class='ocr_line' id='line_1_33' title="bbox 502 3848 1869 3932; baseline 0.004 -30"><span class='ocrx_word' id='word_1_365' title='bbox 502 3866 580 3904; x_wconf 83' lang='lat' dir='ltr'><strong>emen</strong></span> <span class='ocrx_word' id='word_1_366' title='bbox 606 3860 736 3905; x_wconf 85' lang='lat' dir='ltr'><strong>antanaea</strong></span> <span class='ocrx_word' id='word_1_367' title='bbox 762 3848 915 3904; x_wconf 85' lang='lat' dir='ltr'><strong>homeneclt</strong></span> <span class='ocrx_word' id='word_1_368' title='bbox 942 3852 986 3904; x_wconf 88' lang='grc'><strong>17.</strong></span> <span class='ocrx_word' id='word_1_369' title='bbox 1014 3856 1049 3923; x_wconf 87' lang='grc'><strong>”)</strong></span> <span class='ocrx_word' id='word_1_370' title='bbox 1078 3848 1209 3906; x_wconf 76' lang='lat' dir='ltr'><strong>dissentit</strong></span> <span class='ocrx_word' id='word_1_371' title='bbox 1237 3853 1280 3906; x_wconf 92' lang='grc'><strong>17.</strong></span> <span class='ocrx_word' id='word_1_372' title='bbox 1305 3883 1341 3893; x_wconf 89' lang='grc'>-</span> <span class='ocrx_word' id='word_1_373' title='bbox 1359 3850 1483 3908; x_wconf 86' lang='lat' dir='ltr'><strong>desentit</strong></span> <span class='ocrx_word' id='word_1_374' title='bbox 1503 3853 1571 3906; x_wconf 73' lang='lat' dir='ltr'><strong>osc.</strong></span> <span class='ocrx_word' id='word_1_375' title='bbox 1602 3856 1635 3921; x_wconf 92' lang='grc'><strong>”)</strong></span> <span class='ocrx_word' id='word_1_376' title='bbox 1655 3853 1764 3932; x_wconf 61' lang='lat' dir='ltr'><strong>§aprina</strong></span> <span class='ocrx_word' id='word_1_377' title='bbox 1783 3855 1869 3926; x_wconf 78' lang='lat' dir='ltr'><strong>piem</strong></span> 
     </span>
     <span class='ocr_line' id='line_1_34' title="bbox 501 3929 1866 4010; baseline -0.001 -16"><span class='ocrx_word' id='word_1_378' title='bbox 501 3929 591 4010; x_wconf 64' lang='lat' dir='ltr'><strong>destos</strong></span> <span class='ocrx_word' id='word_1_379' title='bbox 619 3939 662 3994; x_wconf 87' lang='lat' dir='ltr'><strong>W.</strong></span> <span class='ocrx_word' id='word_1_380' title='bbox 685 3969 722 3982; x_wconf 91' lang='lat'><em>-</em></span> <span class='ocrx_word' id='word_1_381' title='bbox 746 3939 847 3994; x_wconf 78' lang='lat' dir='ltr'><strong>variam</strong></span> <span class='ocrx_word' id='word_1_382' title='bbox 869 3939 1046 3992; x_wconf 81' lang='lat' dir='ltr'><strong>meaenoxian</strong></span> <span class='ocrx_word' id='word_1_383' title='bbox 1073 3941 1140 3992; x_wconf 73' lang='lat' dir='ltr'><strong>con.</strong></span> <span class='ocrx_word' id='word_1_384' title='bbox 1170 3943 1205 4010; x_wconf 89' lang='lat'><strong>¹¹)</strong></span> <span class='ocrx_word' id='word_1_385' title='bbox 1227 3937 1425 3993; x_wconf 77' lang='lat' dir='ltr'><strong>Eratosthenes</strong></span> <span class='ocrx_word' id='word_1_386' title='bbox 1455 3941 1498 3994; x_wconf 91' lang='lat' dir='ltr'><strong>W.</strong></span> <span class='ocrx_word' id='word_1_387' title='bbox 1525 3971 1559 3984; x_wconf 90' lang='lat'><strong>-·</strong></span> <span class='ocrx_word' id='word_1_388' title='bbox 1579 3947 1637 3992; x_wconf 86' lang='lat' dir='ltr'><strong>erat</strong></span> <span class='ocrx_word' id='word_1_389' title='bbox 1667 3950 1778 3994; x_wconf 87' lang='lat' dir='ltr'><strong>catenes</strong></span> <span class='ocrx_word' id='word_1_390' title='bbox 1799 3943 1866 3994; x_wconf 83' lang='lat' dir='ltr'><strong>Cod.</strong></span> 
     </span>
     <span class='ocr_line' id='line_1_35' title="bbox 504 4025 1867 4098; baseline 0.001 -18"><span class='ocrx_word' id='word_1_391' title='bbox 504 4030 538 4098; x_wconf 79' lang='lat'><strong>¹³)</strong></span> <span class='ocrx_word' id='word_1_392' title='bbox 557 4027 740 4098; x_wconf 87' lang='lat' dir='ltr'><strong>posteriorem</strong></span> <span class='ocrx_word' id='word_1_393' title='bbox 761 4027 828 4080; x_wconf 73' lang='lat' dir='ltr'><strong>cod.</strong></span> <span class='ocrx_word' id='word_1_394' title='bbox 847 4049 884 4077; x_wconf 83' lang='lat'><em>=</em></span> <span class='ocrx_word' id='word_1_395' title='bbox 904 4029 947 4080; x_wconf 89' lang='lat' dir='ltr'><strong>W.</strong></span> <span class='ocrx_word' id='word_1_396' title='bbox 970 4029 1005 4096; x_wconf 89' lang='grc'><strong>”)</strong></span> <span class='ocrx_word' id='word_1_397' title='bbox 1024 4035 1115 4079; x_wconf 85' lang='lat' dir='ltr'><strong>autem</strong></span> <span class='ocrx_word' id='word_1_398' title='bbox 1135 4028 1202 4081; x_wconf 82' lang='lat' dir='ltr'><strong>God.</strong></span> <span class='ocrx_word' id='word_1_399' title='bbox 1221 4049 1257 4075; x_wconf 92' lang='lat'><em>=</em></span> <span class='ocrx_word' id='word_1_400' title='bbox 1278 4028 1322 4080; x_wconf 91' lang='lat' dir='ltr'><strong>W.</strong></span> <span class='ocrx_word' id='word_1_401' title='bbox 1344 4029 1379 4097; x_wconf 80' lang='lat'><strong>¹⁵)</strong></span> <span class='ocrx_word' id='word_1_402' title='bbox 1398 4025 1564 4080; x_wconf 78' lang='lat' dir='ltr'><strong>exscendcre</strong></span> <span class='ocrx_word' id='word_1_403' title='bbox 1582 4026 1781 4080; x_wconf 81' lang='lat' dir='ltr'><strong>-eacendere</strong></span> <span class='ocrx_word' id='word_1_404' title='bbox 1799 4029 1867 4082; x_wconf 78' lang='lat' dir='ltr'><strong>Ccd.</strong></span> 
     </span>
     <span class='ocr_line' id='line_1_36' title="bbox 503 4113 1866 4187; baseline 0.001 -19"><span class='ocrx_word' id='word_1_405' title='bbox 503 4145 535 4156; x_wconf 94' lang='lat'><strong>·-</strong></span> <span class='ocrx_word' id='word_1_406' title='bbox 561 4113 710 4169; x_wconf 84' lang='lat' dir='ltr'><strong>extendere</strong></span> <span class='ocrx_word' id='word_1_407' title='bbox 736 4117 779 4169; x_wconf 95' lang='lat' dir='ltr'><strong>W.</strong></span> <span class='ocrx_word' id='word_1_408' title='bbox 808 4115 844 4183; x_wconf 78' lang='lat'><strong>¹⁰)</strong></span> <span class='ocrx_word' id='word_1_409' title='bbox 870 4115 966 4184; x_wconf 91' lang='lat' dir='ltr'><strong>potius</strong></span> <span class='ocrx_word' id='word_1_410' title='bbox 988 4115 1031 4166; x_wconf 92' lang='lat' dir='ltr'><strong>W.</strong></span> <span class='ocrx_word' id='word_1_411' title='bbox 1050 4143 1085 4158; x_wconf 86' lang='lat'><em>-</em></span> <span class='ocrx_word' id='word_1_412' title='bbox 1103 4115 1197 4184; x_wconf 80' lang='lat' dir='ltr'><strong>polius</strong></span> <span class='ocrx_word' id='word_1_413' title='bbox 1216 4115 1287 4176; x_wconf 70' lang='lat' dir='ltr'><strong>Cori.</strong></span> <span class='ocrx_word' id='word_1_414' title='bbox 1315 4117 1349 4178; x_wconf 79' lang='lat'><strong>¹⁷)</strong></span> <span class='ocrx_word' id='word_1_415' title='bbox 1377 4132 1484 4186; x_wconf 70' lang='lat' dir='ltr'><strong>gravem</strong></span> <span class='ocrx_word' id='word_1_416' title='bbox 1506 4118 1550 4170; x_wconf 94' lang='lat' dir='ltr'><strong>W.</strong></span> <span class='ocrx_word' id='word_1_417' title='bbox 1568 4129 1595 4168; x_wconf 85' lang='lat' dir='ltr'><strong>at</strong></span> <span class='ocrx_word' id='word_1_418' title='bbox 1614 4117 1682 4170; x_wconf 82' lang='lat' dir='ltr'><strong>ch.</strong></span> <span class='ocrx_word' id='word_1_419' title='bbox 1701 4137 1737 4169; x_wconf 80' lang='lat' dir='ltr'><strong>aar</strong></span> <span class='ocrx_word' id='word_1_420' title='bbox 1754 4137 1801 4170; x_wconf 82' lang='lat' dir='ltr'><strong>aaa</strong></span> <span class='ocrx_word' id='word_1_421' title='bbox 1822 4136 1866 4187; x_wconf 79' lang='lat' dir='ltr'><strong>pr.</strong></span> 
     </span>
     <span class='ocr_line' id='line_1_37' title="bbox 501 4197 1868 4277; baseline 0.004 -25"><span class='ocrx_word' id='word_1_422' title='bbox 501 4221 536 4253; x_wconf 87' lang='lat' dir='ltr'><strong>m.</strong></span> <span class='ocrx_word' id='word_1_423' title='bbox 555 4232 591 4244; x_wconf 88' lang='lat'><strong>-·</strong></span> <span class='ocrx_word' id='word_1_424' title='bbox 609 4199 718 4274; x_wconf 67' lang='lat' dir='ltr'><strong>psaltem</strong></span> <span class='ocrx_word' id='word_1_425' title='bbox 736 4222 755 4255; x_wconf 81' lang='lat' dir='ltr'><strong>a</strong></span> <span class='ocrx_word' id='word_1_426' title='bbox 772 4221 814 4273; x_wconf 78' lang='lat' dir='ltr'><strong>pr.</strong></span> <span class='ocrx_word' id='word_1_427' title='bbox 833 4219 868 4254; x_wconf 82' lang='lat' dir='ltr'><strong>aa.</strong></span> <span class='ocrx_word' id='word_1_428' title='bbox 895 4204 931 4275; x_wconf 82' lang='grc' dir='ltr'><strong>Ἰ)</strong></span> <span class='ocrx_word' id='word_1_429' title='bbox 950 4201 1077 4273; x_wconf 88' lang='lat' dir='ltr'><strong>proprias</strong></span> <span class='ocrx_word' id='word_1_430' title='bbox 1100 4203 1144 4256; x_wconf 91' lang='lat' dir='ltr'><strong>W.</strong></span> <span class='ocrx_word' id='word_1_431' title='bbox 1164 4233 1199 4242; x_wconf 92' lang='lat'>-</span> <span class='ocrx_word' id='word_1_432' title='bbox 1217 4197 1347 4272; x_wconf 83' lang='lat' dir='ltr'><strong>probrioa</strong></span> <span class='ocrx_word' id='word_1_433' title='bbox 1368 4205 1435 4256; x_wconf 73' lang='lat' dir='ltr'><strong>cad.</strong></span> <span class='ocrx_word' id='word_1_434' title='bbox 1467 4207 1499 4272; x_wconf 70' lang='grc' dir='ltr'><strong>Ι9)</strong></span> <span class='ocrx_word' id='word_1_435' title='bbox 1523 4213 1665 4277; x_wconf 72' lang='lat' dir='ltr'><strong>utramque</strong></span> <span class='ocrx_word' id='word_1_436' title='bbox 1687 4205 1777 4256; x_wconf 90' lang='lat' dir='ltr'><strong>W.—</strong></span> <span class='ocrx_word' id='word_1_437' title='bbox 1794 4213 1868 4258; x_wconf 85' lang='lat' dir='ltr'><strong>utra·</strong></span> 
     </span>
    </p>

    <p class='ocr_par' dir='ltr' id='par_1_4' title="bbox 425 4275 1867 4538">
     <span class='ocr_line' id='line_1_38' title="bbox 425 4275 1867 4363; baseline 0.005 -23"><span class='ocrx_word' id='word_1_438' title='bbox 425 4275 427 4280; x_wconf 35' lang='lat'><strong><em>¹</em></strong></span> <span class='ocrx_word' id='word_1_439' title='bbox 500 4306 556 4358; x_wconf 89' lang='lat' dir='ltr'><strong>que</strong></span> <span class='ocrx_word' id='word_1_440' title='bbox 576 4289 642 4344; x_wconf 75' lang='lat' dir='ltr'><strong>Coti.</strong></span> <span class='ocrx_word' id='word_1_441' title='bbox 671 4293 707 4358; x_wconf 80' lang='lat'><strong>⁸⁰)</strong></span> <span class='ocrx_word' id='word_1_442' title='bbox 728 4285 781 4353; x_wconf 82' lang='lat' dir='ltr'><strong>de,</strong></span> <span class='ocrx_word' id='word_1_443' title='bbox 799 4295 829 4342; x_wconf 86' lang='lat' dir='ltr'><strong>ita</strong></span> <span class='ocrx_word' id='word_1_444' title='bbox 849 4291 917 4343; x_wconf 82' lang='lat' dir='ltr'><strong>Cori.</strong></span> <span class='ocrx_word' id='word_1_445' title='bbox 936 4294 1081 4350; x_wconf 82' lang='lat' dir='ltr'><strong>omissum,</strong></span> <span class='ocrx_word' id='word_1_446' title='bbox 1099 4291 1255 4342; x_wconf 80' lang='lat' dir='ltr'><strong>adiecimus.</strong></span> <span class='ocrx_word' id='word_1_447' title='bbox 1276 4291 1311 4360; x_wconf 86' lang='lat'><strong>¹¹)</strong></span> <span class='ocrx_word' id='word_1_448' title='bbox 1331 4287 1421 4342; x_wconf 86' lang='lat' dir='ltr'><strong>media</strong></span> <span class='ocrx_word' id='word_1_449' title='bbox 1440 4289 1623 4362; x_wconf 87' lang='lat' dir='ltr'><strong>prosodia-</strong></span> <span class='ocrx_word' id='word_1_450' title='bbox 1642 4290 1749 4344; x_wconf 86' lang='lat' dir='ltr'><strong>mediae</strong></span> <span class='ocrx_word' id='word_1_451' title='bbox 1768 4309 1867 4363; x_wconf 73' lang='lat' dir='ltr'><strong>proso·</strong></span> 
     </span>
     <span class='ocr_line' id='line_1_39' title="bbox 500 4373 1866 4450; baseline 0.007 -25"><span class='ocrx_word' id='word_1_452' title='bbox 500 4373 563 4427; x_wconf 85' lang='lat' dir='ltr'><strong>diae</strong></span> <span class='ocrx_word' id='word_1_453' title='bbox 584 4376 652 4430; x_wconf 74' lang='lat' dir='ltr'><strong>coc.</strong></span> <span class='ocrx_word' id='word_1_454' title='bbox 672 4377 708 4448; x_wconf 82' lang='lat'><strong>¹⁸)</strong></span> <span class='ocrx_word' id='word_1_455' title='bbox 728 4376 910 4450; x_wconf 86' lang='lat' dir='ltr'><strong>quaerendam</strong></span> <span class='ocrx_word' id='word_1_456' title='bbox 931 4407 966 4420; x_wconf 90' lang='lat'>-</span> <span class='ocrx_word' id='word_1_457' title='bbox 984 4374 1149 4448; x_wconf 84' lang='lat' dir='ltr'><strong>querendam</strong></span> <span class='ocrx_word' id='word_1_458' title='bbox 1169 4379 1236 4432; x_wconf 73' lang='lat' dir='ltr'><strong>oon.</strong></span> <span class='ocrx_word' id='word_1_459' title='bbox 1257 4379 1295 4449; x_wconf 76' lang='lat'><strong>²³)</strong></span> <span class='ocrx_word' id='word_1_460' title='bbox 1316 4377 1356 4440; x_wconf 88' lang='lat' dir='ltr'><strong>in,</strong></span> <span class='ocrx_word' id='word_1_461' title='bbox 1374 4383 1403 4430; x_wconf 84' lang='lat' dir='ltr'><strong>ita</strong></span> <span class='ocrx_word' id='word_1_462' title='bbox 1429 4381 1497 4432; x_wconf 74' lang='lat' dir='ltr'><strong>cod.</strong></span> <span class='ocrx_word' id='word_1_463' title='bbox 1516 4385 1654 4442; x_wconf 77' lang='lat' dir='ltr'><strong>omissum,</strong></span> <span class='ocrx_word' id='word_1_464' title='bbox 1671 4385 1866 4450; x_wconf 74' lang='lat' dir='ltr'><strong>supplevimus.</strong></span> 
     </span>
     <span class='ocr_line' id='line_1_40' title="bbox 498 4459 1866 4538; baseline 0.006 -23"><span class='ocrx_word' id='word_1_465' title='bbox 498 4462 537 4532; x_wconf 62' lang='grc' dir='ltr'><strong>ἰ)</strong></span> <span class='ocrx_word' id='word_1_466' title='bbox 556 4459 660 4516; x_wconf 81' lang='lat' dir='ltr'><strong>scholia</strong></span> <span class='ocrx_word' id='word_1_467' title='bbox 678 4495 713 4506; x_wconf 92' lang='lat'>-</span> <span class='ocrx_word' id='word_1_468' title='bbox 742 4463 826 4518; x_wconf 86' lang='lat' dir='ltr'><strong>acolis</strong></span> <span class='ocrx_word' id='word_1_469' title='bbox 847 4467 914 4520; x_wconf 72' lang='lat' dir='ltr'><strong>(iod.</strong></span> <span class='ocrx_word' id='word_1_470' title='bbox 942 4467 978 4538; x_wconf 74' lang='lat'><strong>⁹⁵)</strong></span> <span class='ocrx_word' id='word_1_471' title='bbox 997 4461 1164 4519; x_wconf 85' lang='lat' dir='ltr'><strong>studuerunt</strong></span> <span class='ocrx_word' id='word_1_472' title='bbox 1180 4496 1216 4509; x_wconf 95' lang='lat'><em>-</em></span> <span class='ocrx_word' id='word_1_473' title='bbox 1233 4463 1382 4520; x_wconf 77' lang='lat' dir='ltr'><strong>studerunt</strong></span> <span class='ocrx_word' id='word_1_474' title='bbox 1402 4467 1469 4520; x_wconf 74' lang='lat' dir='ltr'><strong>cod.</strong></span> <span class='ocrx_word' id='word_1_475' title='bbox 1497 4467 1629 4538; x_wconf 74' lang='lat' dir='ltr'><strong>³⁸)ipaos</strong></span> <span class='ocrx_word' id='word_1_476' title='bbox 1647 4467 1775 4538; x_wconf 88' lang='lat' dir='ltr'><strong>-ipsas</strong></span> <span class='ocrx_word' id='word_1_477' title='bbox 1798 4471 1866 4524; x_wconf 79' lang='lat' dir='ltr'><strong>Cori.</strong></span> 
     </span>
    </p>
   </div>
   <div class='ocr_carea' id='block_1_4' title="bbox 399 4589 1868 5191">
    <p class='ocr_par' dir='ltr' id='par_1_5' title="bbox 445 4589 1868 5019">
     <span class='ocr_line' id='line_1_41' title="bbox 445 4589 1866 4666; baseline 0.005 -25"><span class='ocrx_word' id='word_1_478' title='bbox 445 4589 477 4662; x_wconf 85' lang='lat' dir='ltr'><strong>n)</strong></span> <span class='ocrx_word' id='word_1_479' title='bbox 494 4589 629 4660; x_wconf 80' lang='lat' dir='ltr'><strong>plurimos</strong></span> <span class='ocrx_word' id='word_1_480' title='bbox 648 4604 675 4644; x_wconf 90' lang='lat' dir='ltr'><strong>et</strong></span> <span class='ocrx_word' id='word_1_481' title='bbox 692 4626 735 4644; x_wconf 85' lang='lat'><strong>...</strong></span> <span class='ocrx_word' id='word_1_482' title='bbox 752 4605 952 4648; x_wconf 74' lang='lat' dir='ltr'><strong>commemorat.</strong></span> <span class='ocrx_word' id='word_1_483' title='bbox 972 4591 1046 4643; x_wconf 84' lang='lat' dir='ltr'><strong>liaeo</strong></span> <span class='ocrx_word' id='word_1_484' title='bbox 1064 4590 1179 4644; x_wconf 86' lang='lat' dir='ltr'><strong>Wasius</strong></span> <span class='ocrx_word' id='word_1_485' title='bbox 1198 4591 1236 4644; x_wconf 89' lang='lat' dir='ltr'><strong>ita</strong></span> <span class='ocrx_word' id='word_1_486' title='bbox 1255 4589 1406 4645; x_wconf 82' lang='lat' dir='ltr'><strong>contrahit:</strong></span> <span class='ocrx_word' id='word_1_487' title='bbox 1426 4593 1522 4656; x_wconf 75' lang='lat' dir='ltr'><strong>„Hm</strong></span> <span class='ocrx_word' id='word_1_488' title='bbox 1541 4593 1648 4649; x_wconf 82' lang='lat' dir='ltr'><strong>Varro:</strong></span> <span class='ocrx_word' id='word_1_489' title='bbox 1667 4599 1716 4666; x_wconf 83' lang='lat' dir='ltr'><strong>qni</strong></span> <span class='ocrx_word' id='word_1_490' title='bbox 1732 4596 1866 4664; x_wconf 82' lang='lat' dir='ltr'><strong>plurimos</strong></span> 
     </span>
     <span class='ocr_line' id='line_1_42' title="bbox 497 4667 1868 4752; baseline 0.004 -22"><span class='ocrx_word' id='word_1_491' title='bbox 497 4667 524 4730; x_wconf 72' lang='lat' dir='ltr'><strong>ct</strong></span> <span class='ocrx_word' id='word_1_492' title='bbox 551 4681 719 4732; x_wconf 81' lang='lat' dir='ltr'><strong>clarissimos</strong></span> <span class='ocrx_word' id='word_1_493' title='bbox 743 4699 867 4752; x_wconf 80' lang='lat' dir='ltr'><strong>quosque</strong></span> <span class='ocrx_word' id='word_1_494' title='bbox 891 4682 997 4733; x_wconf 85' lang='lat' dir='ltr'><strong>mediae</strong></span> <span class='ocrx_word' id='word_1_495' title='bbox 1023 4679 1104 4732; x_wconf 79' lang='lat' dir='ltr'><strong>huius</strong></span> <span class='ocrx_word' id='word_1_496' title='bbox 1128 4681 1179 4734; x_wconf 78' lang='lat' dir='ltr'><strong>sibi</strong></span> <span class='ocrx_word' id='word_1_497' title='bbox 1193 4681 1288 4748; x_wconf 83' lang='lat' dir='ltr'><strong>fnisse</strong></span> <span class='ocrx_word' id='word_1_498' title='bbox 1306 4693 1416 4734; x_wconf 81' lang='lat' dir='ltr'><strong>catores</strong></span> <span class='ocrx_word' id='word_1_499' title='bbox 1442 4695 1642 4735; x_wconf 77' lang='lat' dir='ltr'><strong>somnaemorat.</strong></span> <span class='ocrx_word' id='word_1_500' title='bbox 1664 4683 1868 4738; x_wconf 79' lang='lat' dir='ltr'><strong>Grammaticos</strong></span> 
     </span>
     <span class='ocr_line' id='line_1_43' title="bbox 499 4765 1867 4840; baseline 0.002 -22"><span class='ocrx_word' id='word_1_501' title='bbox 499 4775 571 4818; x_wconf 88' lang='lat' dir='ltr'><strong>elc.“</strong></span> <span class='ocrx_word' id='word_1_502' title='bbox 591 4765 687 4838; x_wconf 54' lang='lat' dir='ltr'><strong>”Nee</strong></span> <span class='ocrx_word' id='word_1_503' title='bbox 695 4768 929 4835; x_wconf 75' lang='lat' dir='ltr'><strong>desunt3Waaiue</strong></span> <span class='ocrx_word' id='word_1_504' title='bbox 940 4768 996 4820; x_wconf 77' lang='lat' dir='ltr'><strong>sict</strong></span> <span class='ocrx_word' id='word_1_505' title='bbox 1015 4767 1263 4820; x_wconf 81' lang='lat' dir='ltr'><strong>necdeessemcnet</strong></span> <span class='ocrx_word' id='word_1_506' title='bbox 1280 4769 1432 4822; x_wconf 77' lang='lat' dir='ltr'><strong>Servius.</strong></span> <span class='ocrx_word' id='word_1_507' title='bbox 1452 4771 1477 4840; x_wconf 88' lang='lat' dir='ltr'><strong>c)</strong></span> <span class='ocrx_word' id='word_1_508' title='bbox 1498 4769 1781 4827; x_wconf 70' lang='lat' dir='ltr'><strong>nominatus...aa&#39;ss</strong></span> <span class='ocrx_word' id='word_1_509' title='bbox 1793 4769 1867 4823; x_wconf 86' lang='lat' dir='ltr'><strong>Wa-</strong></span> 
     </span>
     <span class='ocr_line' id='line_1_44' title="bbox 498 4853 1864 4928; baseline 0.004 -22"><span class='ocrx_word' id='word_1_510' title='bbox 498 4853 556 4907; x_wconf 86' lang='lat' dir='ltr'><strong>siut</strong></span> <span class='ocrx_word' id='word_1_511' title='bbox 566 4863 632 4926; x_wconf 85' lang='lat' dir='ltr'><strong>post</strong></span> <span class='ocrx_word' id='word_1_512' title='bbox 647 4857 800 4910; x_wconf 79' lang='lat' dir='ltr'><strong>nomiaidns</strong></span> <span class='ocrx_word' id='word_1_513' title='bbox 813 4865 944 4920; x_wconf 83' lang='lat' dir='ltr'><strong>monstra,</strong></span> <span class='ocrx_word' id='word_1_514' title='bbox 964 4873 1032 4927; x_wconf 84' lang='lat' dir='ltr'><strong>qnae</strong></span> <span class='ocrx_word' id='word_1_515' title='bbox 1051 4855 1080 4906; x_wconf 91' lang='lat' dir='ltr'><strong>in</strong></span> <span class='ocrx_word' id='word_1_516' title='bbox 1091 4855 1165 4910; x_wconf 85' lang='lat' dir='ltr'><strong>uotis</strong></span> <span class='ocrx_word' id='word_1_517' title='bbox 1175 4853 1279 4910; x_wconf 79' lang='lat' dir='ltr'><strong>criticis</strong></span> <span class='ocrx_word' id='word_1_518' title='bbox 1287 4853 1477 4919; x_wconf 83' lang='lat' dir='ltr'><strong>indicavimus,</strong></span> <span class='ocrx_word' id='word_1_519' title='bbox 1491 4856 1752 4928; x_wconf 82' lang='lat' dir='ltr'><strong>sequentiauncinis</strong></span> <span class='ocrx_word' id='word_1_520' title='bbox 1770 4855 1864 4912; x_wconf 81' lang='lat' dir='ltr'><strong>inelu-</strong></span> 
     </span>
     <span class='ocr_line' id='line_1_45' title="bbox 497 4934 1865 5019; baseline 0.001 -25"><span class='ocrx_word' id='word_1_521' title='bbox 497 4939 566 4996; x_wconf 89' lang='lat' dir='ltr'><strong>dena</strong></span> <span class='ocrx_word' id='word_1_522' title='bbox 587 4939 686 4996; x_wconf 86' lang='lat' dir='ltr'><strong>addit:</strong></span> <span class='ocrx_word' id='word_1_523' title='bbox 713 4947 829 4998; x_wconf 65' lang='lat' dir='ltr'><strong>ccaihio</strong></span> <span class='ocrx_word' id='word_1_524' title='bbox 855 4935 990 5018; x_wconf 64' lang='lat' dir='ltr'><strong>a’assgas&#39;m,</strong></span> <span class='ocrx_word' id='word_1_525' title='bbox 1016 4941 1103 5015; x_wconf 74' lang='lat' dir='ltr'><strong>pion,</strong></span> <span class='ocrx_word' id='word_1_526' title='bbox 1121 4934 1313 5014; x_wconf 73' lang='lat' dir='ltr'><strong>intersepiant,</strong></span> <span class='ocrx_word' id='word_1_527' title='bbox 1339 4935 1607 5016; x_wconf 67' lang='lat' dir='ltr'><strong>danaaeaietaps&#39;m</strong></span> <span class='ocrx_word' id='word_1_528' title='bbox 1625 4941 1709 5010; x_wconf 75' lang='lat' dir='ltr'><strong>ta‘rn3</strong></span> <span class='ocrx_word' id='word_1_529' title='bbox 1739 4944 1865 5019; x_wconf 79' lang='lat' dir='ltr'><strong>quinque</strong></span> 
     </span>
    </p>

    <p class='ocr_par' dir='ltr' id='par_1_6' title="bbox 399 5029 1864 5191">
     <span class='ocr_line' id='line_1_46' title="bbox 399 5029 1864 5103; baseline 0.003 -22"><span class='ocrx_word' id='word_1_530' title='bbox 399 5073 403 5081; x_wconf 94' lang='lat'><em>.</em></span> <span class='ocrx_word' id='word_1_531' title='bbox 495 5029 580 5100; x_wconf 71' lang='lat' dir='ltr'><strong>igitur</strong></span> <span class='ocrx_word' id='word_1_532' title='bbox 604 5037 709 5084; x_wconf 86' lang='lat' dir='ltr'><strong>tantum</strong></span> <span class='ocrx_word' id='word_1_533' title='bbox 733 5041 874 5086; x_wconf 83' lang='lat' dir='ltr'><strong>enumerat</strong></span> <span class='ocrx_word' id='word_1_534' title='bbox 898 5029 1062 5102; x_wconf 81' lang='lat' dir='ltr'><strong>prosodias,</strong></span> <span class='ocrx_word' id='word_1_535' title='bbox 1089 5031 1211 5103; x_wconf 73' lang='lat' dir='ltr'><strong>quamne</strong></span> <span class='ocrx_word' id='word_1_536' title='bbox 1235 5039 1332 5084; x_wconf 87' lang='lat' dir='ltr'><strong>auctor</strong></span> <span class='ocrx_word' id='word_1_537' title='bbox 1356 5029 1459 5084; x_wconf 77' lang='lat' dir='ltr'><strong>dissue</strong></span> <span class='ocrx_word' id='word_1_538' title='bbox 1482 5029 1558 5085; x_wconf 91' lang='lat' dir='ltr'><strong>dicat</strong></span> <span class='ocrx_word' id='word_1_539' title='bbox 1584 5029 1719 5086; x_wconf 81' lang='lat' dir='ltr'><strong>Glaucum</strong></span> <span class='ocrx_word' id='word_1_540' title='bbox 1745 5049 1793 5086; x_wconf 84' lang='lat' dir='ltr'><strong>aex</strong></span> <span class='ocrx_word' id='word_1_541' title='bbox 1811 5051 1864 5103; x_wconf 88' lang='lat' dir='ltr'><strong>pc·</strong></span> 
     </span>
     <span class='ocr_line' id='line_1_47' title="bbox 496 5107 1864 5191; baseline 0.003 -23"><span class='ocrx_word' id='word_1_542' title='bbox 496 5116 598 5183; x_wconf 74' lang='lat' dir='ltr'><strong>scisse,</strong></span> <span class='ocrx_word' id='word_1_543' title='bbox 623 5115 727 5174; x_wconf 82' lang='lat' dir='ltr'><strong>oblitus</strong></span> <span class='ocrx_word' id='word_1_544' title='bbox 754 5127 798 5174; x_wconf 90' lang='lat' dir='ltr'><strong>eat</strong></span> <span class='ocrx_word' id='word_1_545' title='bbox 823 5117 932 5172; x_wconf 88' lang='lat' dir='ltr'><strong>scilicet</strong></span> <span class='ocrx_word' id='word_1_546' title='bbox 957 5119 1074 5174; x_wconf 88' lang='lat' dir='ltr'><strong>Wasius</strong></span> <span class='ocrx_word' id='word_1_547' title='bbox 1100 5117 1243 5173; x_wconf 84' lang='lat' dir='ltr'><strong>emendare</strong></span> <span class='ocrx_word' id='word_1_548' title='bbox 1268 5107 1407 5176; x_wconf 73' lang='lat' dir='ltr'><strong>caesaraea</strong></span> <span class='ocrx_word' id='word_1_549' title='bbox 1432 5119 1461 5171; x_wconf 91' lang='lat' dir='ltr'><strong>in</strong></span> <span class='ocrx_word' id='word_1_550' title='bbox 1488 5112 1675 5190; x_wconf 67' lang='grc' dir='ltr'><strong>καλεομένην.</strong></span> <span class='ocrx_word' id='word_1_551' title='bbox 1702 5120 1733 5191; x_wconf 72' lang='grc' dir='ltr'><strong>ἀ)</strong></span> <span class='ocrx_word' id='word_1_552' title='bbox 1752 5120 1864 5174; x_wconf 88' lang='lat' dir='ltr'><strong>Desinit</strong></span> 
     </span>
    </p>
   </div>
   <div class='ocr_carea' id='block_1_5' title="bbox 496 5203 772 5276">
    <p class='ocr_par' dir='ltr' id='par_1_7' title="bbox 496 5203 772 5276">
     <span class='ocr_line' id='line_1_48' title="bbox 496 5203 772 5276; baseline 0 -22"><span class='ocrx_word' id='word_1_553' title='bbox 496 5209 653 5276; x_wconf 80' lang='lat' dir='ltr'><strong>excerptum</strong></span> <span class='ocrx_word' id='word_1_554' title='bbox 672 5203 772 5260; x_wconf 86' lang='lat' dir='ltr'><strong>Wasii.</strong></span> 
     </span>
    </p>
   </div>
   <div class='ocr_carea' id='block_1_6' title="bbox 0 0 2056 6064">
    <p class='ocr_par' dir='ltr' id='par_1_8' title="bbox 0 0 2056 6064">
     <span class='ocr_line' id='line_1_49' title="bbox 0 0 2056 6064; baseline 0 6"><span class='ocrx_word' id='word_1_555' title='bbox 0 0 2056 6064; x_wconf 95' lang='lat' dir='ltr'><strong> </strong></span> 
     </span>
    </p>
   </div>
  </div>
 </body>
</html>
