<?xml version="1.0" encoding="UTF-8"?>
<!DOCTYPE html PUBLIC "-//W3C//DTD XHTML 1.0 Transitional//EN"
    "http://www.w3.org/TR/xhtml1/DTD/xhtml1-transitional.dtd">
<html xmlns="http://www.w3.org/1999/xhtml" xml:lang="en" lang="en">
 <head>
  <title>
</title>
<meta http-equiv="Content-Type" content="text/html;charset=utf-8" />
  <meta name='ocr-system' content='tesseract 3.04.00' />
  <meta name='ocr-capabilities' content='ocr_page ocr_carea ocr_par ocr_line ocrx_word'/>
</head>
<body>
  <div class='ocr_page' id='page_1' title='image "./analectagrammat00eichgoog_0360.png"; bbox 0 0 4036 6068; ppageno 0'>
   <div class='ocr_carea' id='block_1_1' title="bbox 588 508 1606 590">
    <p class='ocr_par' dir='ltr' id='par_1_1' title="bbox 588 508 1606 590">
     <span class='ocr_line' id='line_1_1' title="bbox 588 508 1606 590; baseline 0.004 -26"><span class='ocrx_word' id='word_1_1' title='bbox 588 508 1145 570; x_wconf 76' lang='lat' dir='ltr'><strong>rnorrsnsuruon.</strong></span> <span class='ocrx_word' id='word_1_2' title='bbox 1280 547 1282 552; x_wconf 83' lang='lat'>-</span> <span class='ocrx_word' id='word_1_3' title='bbox 1539 513 1606 590; x_wconf 64' lang='lat' dir='ltr'><strong>m</strong></span> 
     </span>
    </p>
   </div>
   <div class='ocr_carea' id='block_1_2' title="bbox 111 653 1609 2072">
    <p class='ocr_par' dir='ltr' id='par_1_2' title="bbox 145 653 1606 1152">
     <span class='ocr_line' id='line_1_2' title="bbox 217 653 1605 746; baseline 0.006 -26"><span class='ocrx_word' id='word_1_4' title='bbox 217 653 363 720; x_wconf 69' lang='lat' dir='ltr'><strong>Numeri</strong></span> <span class='ocrx_word' id='word_1_5' title='bbox 386 653 589 741; x_wconf 85' lang='lat' dir='ltr'><strong>singularis:</strong></span> <span class='ocrx_word' id='word_1_6' title='bbox 612 656 682 722; x_wconf 90' lang='lat' dir='ltr'><strong>hie</strong></span> <span class='ocrx_word' id='word_1_7' title='bbox 704 657 813 722; x_wconf 91' lang='lat' dir='ltr'><strong>iuris</strong></span> <span class='ocrx_word' id='word_1_8' title='bbox 836 659 1024 744; x_wconf 89' lang='lat' dir='ltr'><strong>peritus,</strong></span> <span class='ocrx_word' id='word_1_9' title='bbox 1047 659 1170 726; x_wconf 87' lang='lat' dir='ltr'><strong>buius</strong></span> <span class='ocrx_word' id='word_1_10' title='bbox 1194 659 1482 746; x_wconf 87' lang='lat' dir='ltr'><strong>iurisperiti,</strong></span> <span class='ocrx_word' id='word_1_11' title='bbox 1506 663 1605 730; x_wconf 89' lang='lat' dir='ltr'><strong>bnic</strong></span> 
     </span>
     <span class='ocr_line' id='line_1_3' title="bbox 145 757 1605 849; baseline 0.006 -27"><span class='ocrx_word' id='word_1_12' title='bbox 145 757 426 844; x_wconf 86' lang='lat' dir='ltr'><strong>iurisperito,</strong></span> <span class='ocrx_word' id='word_1_13' title='bbox 458 758 565 821; x_wconf 91' lang='lat' dir='ltr'><strong>bunc</strong></span> <span class='ocrx_word' id='word_1_14' title='bbox 588 757 697 824; x_wconf 91' lang='lat' dir='ltr'><strong>iuris</strong></span> <span class='ocrx_word' id='word_1_15' title='bbox 724 761 928 846; x_wconf 90' lang='lat' dir='ltr'><strong>peritum,</strong></span> <span class='ocrx_word' id='word_1_16' title='bbox 960 783 981 826; x_wconf 94' lang='lat' dir='ltr'><strong>o</strong></span> <span class='ocrx_word' id='word_1_17' title='bbox 1004 763 1114 826; x_wconf 89' lang='lat' dir='ltr'><strong>iuris</strong></span> <span class='ocrx_word' id='word_1_18' title='bbox 1135 763 1292 849; x_wconf 88' lang='lat' dir='ltr'><strong>perite,</strong></span> <span class='ocrx_word' id='word_1_19' title='bbox 1324 762 1372 827; x_wconf 83' lang='lat' dir='ltr'><strong>ab</strong></span> <span class='ocrx_word' id='word_1_20' title='bbox 1395 765 1474 828; x_wconf 85' lang='lat' dir='ltr'><strong>hoo</strong></span> <span class='ocrx_word' id='word_1_21' title='bbox 1496 765 1605 832; x_wconf 90' lang='lat' dir='ltr'><strong>iuris</strong></span> 
     </span>
     <span class='ocr_line' id='line_1_4' title="bbox 145 859 1605 952; baseline 0.003 -26"><span class='ocrx_word' id='word_1_22' title='bbox 145 861 292 948; x_wconf 79' lang='lat' dir='ltr'><strong>perit03</strong></span> <span class='ocrx_word' id='word_1_23' title='bbox 323 871 357 924; x_wconf 91' lang='lat' dir='ltr'><strong>et</strong></span> <span class='ocrx_word' id='word_1_24' title='bbox 387 859 586 946; x_wconf 80' lang='lat' dir='ltr'><strong>pluraliter:</strong></span> <span class='ocrx_word' id='word_1_25' title='bbox 623 861 666 924; x_wconf 91' lang='lat' dir='ltr'><strong>bi</strong></span> <span class='ocrx_word' id='word_1_26' title='bbox 694 862 804 928; x_wconf 89' lang='lat' dir='ltr'><strong>iuris</strong></span> <span class='ocrx_word' id='word_1_27' title='bbox 834 865 989 950; x_wconf 91' lang='lat' dir='ltr'><strong>periti,</strong></span> <span class='ocrx_word' id='word_1_28' title='bbox 1026 867 1174 929; x_wconf 90' lang='lat' dir='ltr'><strong>borum</strong></span> <span class='ocrx_word' id='word_1_29' title='bbox 1206 866 1315 930; x_wconf 91' lang='lat' dir='ltr'><strong>iuris</strong></span> <span class='ocrx_word' id='word_1_30' title='bbox 1347 868 1605 952; x_wconf 89' lang='lat' dir='ltr'><strong>peritorum,</strong></span> 
     </span>
     <span class='ocr_line' id='line_1_5' title="bbox 146 955 1606 1053; baseline 0.005 -27"><span class='ocrx_word' id='word_1_31' title='bbox 146 963 202 1026; x_wconf 90' lang='lat' dir='ltr'><strong>his</strong></span> <span class='ocrx_word' id='word_1_32' title='bbox 229 962 339 1026; x_wconf 89' lang='lat' dir='ltr'><strong>iuris</strong></span> <span class='ocrx_word' id='word_1_33' title='bbox 368 962 527 1048; x_wconf 90' lang='lat' dir='ltr'><strong>peritis</strong></span> <span class='ocrx_word' id='word_1_34' title='bbox 552 955 611 1043; x_wconf 79' lang='lat'><strong>³⁰),</strong></span> <span class='ocrx_word' id='word_1_35' title='bbox 640 965 718 1029; x_wconf 89' lang='lat' dir='ltr'><strong>hos</strong></span> <span class='ocrx_word' id='word_1_36' title='bbox 747 967 854 1032; x_wconf 90' lang='lat' dir='ltr'><strong>iuris</strong></span> <span class='ocrx_word' id='word_1_37' title='bbox 883 967 1068 1053; x_wconf 89' lang='lat' dir='ltr'><strong>peritos,</strong></span> <span class='ocrx_word' id='word_1_38' title='bbox 1100 988 1121 1033; x_wconf 92' lang='lat' dir='ltr'><strong>o</strong></span> <span class='ocrx_word' id='word_1_39' title='bbox 1149 968 1259 1033; x_wconf 92' lang='lat' dir='ltr'><strong>iuris</strong></span> <span class='ocrx_word' id='word_1_40' title='bbox 1280 969 1429 1053; x_wconf 91' lang='lat' dir='ltr'><strong>periti,</strong></span> <span class='ocrx_word' id='word_1_41' title='bbox 1461 969 1512 1034; x_wconf 83' lang='lat' dir='ltr'><strong>ab</strong></span> <span class='ocrx_word' id='word_1_42' title='bbox 1533 969 1606 1034; x_wconf 88' lang='lat' dir='ltr'><strong>bis</strong></span> 
     </span>
     <span class='ocr_line' id='line_1_6' title="bbox 146 1061 887 1152; baseline 0.009 -24"><span class='ocrx_word' id='word_1_43' title='bbox 146 1066 241 1129; x_wconf 92' lang='lat' dir='ltr'><strong>iuris</strong></span> <span class='ocrx_word' id='word_1_44' title='bbox 261 1065 433 1152; x_wconf 89' lang='lat' dir='ltr'><strong>peritis.</strong></span> <span class='ocrx_word' id='word_1_45' title='bbox 458 1063 517 1128; x_wconf 89' lang='lat' dir='ltr'><strong>Sic</strong></span> <span class='ocrx_word' id='word_1_46' title='bbox 540 1076 575 1129; x_wconf 89' lang='lat' dir='ltr'><strong>et</strong></span> <span class='ocrx_word' id='word_1_47' title='bbox 596 1078 710 1130; x_wconf 86' lang='lat' dir='ltr'><strong>cetera</strong></span> <span class='ocrx_word' id='word_1_48' title='bbox 733 1068 815 1133; x_wconf 84' lang='lat' dir='ltr'><strong>talia</strong></span> <span class='ocrx_word' id='word_1_49' title='bbox 833 1061 887 1152; x_wconf 81' lang='lat'><strong>³¹).</strong></span> 
     </span>
    </p>

    <p class='ocr_par' dir='ltr' id='par_1_3' title="bbox 217 1163 1605 1258">
     <span class='ocr_line' id='line_1_7' title="bbox 217 1163 1605 1258; baseline 0.004 -26"><span class='ocrx_word' id='word_1_50' title='bbox 217 1169 292 1232; x_wconf 93' lang='grc'><strong>481.</strong></span> <span class='ocrx_word' id='word_1_51' title='bbox 316 1165 406 1231; x_wconf 88' lang='lat' dir='ltr'><strong>Sunt</strong></span> <span class='ocrx_word' id='word_1_52' title='bbox 421 1167 576 1245; x_wconf 87' lang='lat' dir='ltr'><strong>nomina,</strong></span> <span class='ocrx_word' id='word_1_53' title='bbox 591 1189 741 1253; x_wconf 88' lang='lat' dir='ltr'><strong>quorum</strong></span> <span class='ocrx_word' id='word_1_54' title='bbox 756 1170 880 1235; x_wconf 82' lang='lat' dir='ltr'><strong>ambae</strong></span> <span class='ocrx_word' id='word_1_55' title='bbox 898 1164 940 1254; x_wconf 83' lang='lat'><strong>³¹)</strong></span> <span class='ocrx_word' id='word_1_56' title='bbox 956 1183 1072 1258; x_wconf 86' lang='lat' dir='ltr'><strong>partes</strong></span> <span class='ocrx_word' id='word_1_57' title='bbox 1090 1170 1311 1236; x_wconf 78' lang='lat' dir='ltr'><strong>declinantur</strong></span> <span class='ocrx_word' id='word_1_58' title='bbox 1323 1165 1378 1254; x_wconf 78' lang='lat'><strong>³³),</strong></span> <span class='ocrx_word' id='word_1_59' title='bbox 1390 1183 1430 1235; x_wconf 92' lang='lat' dir='ltr'><strong>ut</strong></span> <span class='ocrx_word' id='word_1_60' title='bbox 1445 1185 1530 1258; x_wconf 88' lang='lat' dir='ltr'><strong>puta</strong></span> <span class='ocrx_word' id='word_1_61' title='bbox 1546 1163 1605 1256; x_wconf 75' lang='grc' dir='ltr'><strong>44)ι</strong></span> 
     </span>
    </p>

    <p class='ocr_par' dir='ltr' id='par_1_4' title="bbox 146 1268 1609 1668">
     <span class='ocr_line' id='line_1_8' title="bbox 218 1268 1608 1360; baseline 0.005 -28"><span class='ocrx_word' id='word_1_62' title='bbox 218 1268 366 1333; x_wconf 83' lang='lat' dir='ltr'><strong>Numeri</strong></span> <span class='ocrx_word' id='word_1_63' title='bbox 382 1269 586 1353; x_wconf 80' lang='lat' dir='ltr'><strong>singularis:</strong></span> <span class='ocrx_word' id='word_1_64' title='bbox 610 1271 682 1334; x_wconf 89' lang='lat' dir='ltr'><strong>bic</strong></span> <span class='ocrx_word' id='word_1_65' title='bbox 703 1271 833 1336; x_wconf 92' lang='lat' dir='ltr'><strong>Liber</strong></span> <span class='ocrx_word' id='word_1_66' title='bbox 853 1285 989 1359; x_wconf 89' lang='lat' dir='ltr'><strong>pater,</strong></span> <span class='ocrx_word' id='word_1_67' title='bbox 1011 1275 1139 1338; x_wconf 89' lang='lat' dir='ltr'><strong>huius</strong></span> <span class='ocrx_word' id='word_1_68' title='bbox 1161 1273 1314 1339; x_wconf 82' lang='lat' dir='ltr'><strong>Liberi</strong></span> <span class='ocrx_word' id='word_1_69' title='bbox 1335 1275 1486 1360; x_wconf 84' lang='lat' dir='ltr'><strong>patris,</strong></span> <span class='ocrx_word' id='word_1_70' title='bbox 1510 1274 1608 1339; x_wconf 88' lang='lat' dir='ltr'><strong>huic</strong></span> 
     </span>
     <span class='ocr_line' id='line_1_9' title="bbox 149 1367 1608 1462; baseline 0.005 -29"><span class='ocrx_word' id='word_1_71' title='bbox 149 1367 294 1434; x_wconf 88' lang='lat' dir='ltr'><strong>Libero</strong></span> <span class='ocrx_word' id='word_1_72' title='bbox 317 1371 452 1456; x_wconf 90' lang='lat' dir='ltr'><strong>patri,</strong></span> <span class='ocrx_word' id='word_1_73' title='bbox 474 1373 585 1436; x_wconf 87' lang='lat' dir='ltr'><strong>hunc</strong></span> <span class='ocrx_word' id='word_1_74' title='bbox 607 1372 804 1437; x_wconf 90' lang='lat' dir='ltr'><strong>Liberum</strong></span> <span class='ocrx_word' id='word_1_75' title='bbox 828 1387 1015 1460; x_wconf 89' lang='lat' dir='ltr'><strong>patrem,</strong></span> <span class='ocrx_word' id='word_1_76' title='bbox 1039 1375 1216 1441; x_wconf 85' lang='lat' dir='ltr'><strong>o·Liber</strong></span> <span class='ocrx_word' id='word_1_77' title='bbox 1236 1389 1373 1462; x_wconf 84' lang='lat' dir='ltr'><strong>peter,</strong></span> <span class='ocrx_word' id='word_1_78' title='bbox 1397 1375 1446 1442; x_wconf 84' lang='lat' dir='ltr'><strong>ab</strong></span> <span class='ocrx_word' id='word_1_79' title='bbox 1468 1377 1548 1440; x_wconf 89' lang='lat' dir='ltr'><strong>hoc</strong></span> <span class='ocrx_word' id='word_1_80' title='bbox 1564 1369 1608 1460; x_wconf 84' lang='lat'><strong>³⁵)</strong></span> 
     </span>
     <span class='ocr_line' id='line_1_10' title="bbox 146 1471 1609 1564; baseline 0.005 -29"><span class='ocrx_word' id='word_1_81' title='bbox 146 1471 295 1537; x_wconf 84' lang='lat' dir='ltr'><strong>Libero</strong></span> <span class='ocrx_word' id='word_1_82' title='bbox 317 1486 459 1559; x_wconf 87' lang='lat' dir='ltr'><strong>patre;</strong></span> <span class='ocrx_word' id='word_1_83' title='bbox 480 1475 617 1538; x_wconf 89' lang='lat' dir='ltr'><strong>numeri</strong></span> <span class='ocrx_word' id='word_1_84' title='bbox 639 1475 800 1561; x_wconf 80' lang='lat' dir='ltr'><strong>pluralis:</strong></span> <span class='ocrx_word' id='word_1_85' title='bbox 823 1478 866 1540; x_wconf 91' lang='lat' dir='ltr'><strong>hi</strong></span> <span class='ocrx_word' id='word_1_86' title='bbox 887 1477 1042 1541; x_wconf 81' lang='lat' dir='ltr'><strong>Liberi</strong></span> <span class='ocrx_word' id='word_1_87' title='bbox 1059 1472 1284 1564; x_wconf 81' lang='lat' dir='ltr'><strong>patres³⁶),</strong></span> <span class='ocrx_word' id='word_1_88' title='bbox 1311 1479 1461 1543; x_wconf 89' lang='lat' dir='ltr'><strong>borum</strong></span> <span class='ocrx_word' id='word_1_89' title='bbox 1483 1477 1609 1542; x_wconf 90' lang='lat' dir='ltr'><strong>Libe-</strong></span> 
     </span>
     <span class='ocr_line' id='line_1_11' title="bbox 147 1576 1608 1668; baseline 0.004 -30"><span class='ocrx_word' id='word_1_90' title='bbox 147 1595 278 1638; x_wconf 90' lang='lat' dir='ltr'><strong>rorum</strong></span> <span class='ocrx_word' id='word_1_91' title='bbox 308 1587 498 1662; x_wconf 90' lang='lat' dir='ltr'><strong>patrum,</strong></span> <span class='ocrx_word' id='word_1_92' title='bbox 528 1577 595 1640; x_wconf 91' lang='lat' dir='ltr'><strong>bis</strong></span> <span class='ocrx_word' id='word_1_93' title='bbox 622 1576 794 1644; x_wconf 88' lang='lat' dir='ltr'><strong>Liberis</strong></span> <span class='ocrx_word' id='word_1_94' title='bbox 815 1578 1036 1665; x_wconf 69' lang='lat' dir='ltr'><strong>patribus,</strong></span> <span class='ocrx_word' id='word_1_95' title='bbox 1072 1581 1147 1645; x_wconf 91' lang='lat' dir='ltr'><strong>hos</strong></span> <span class='ocrx_word' id='word_1_96' title='bbox 1177 1580 1359 1646; x_wconf 89' lang='lat' dir='ltr'><strong>Liberos</strong></span> <span class='ocrx_word' id='word_1_97' title='bbox 1388 1594 1555 1668; x_wconf 91' lang='lat' dir='ltr'><strong>patres,</strong></span> <span class='ocrx_word' id='word_1_98' title='bbox 1585 1599 1608 1644; x_wconf 88' lang='lat' dir='ltr'><strong>o</strong></span> 
     </span>
    </p>

    <p class='ocr_par' dir='ltr' id='par_1_5' title="bbox 111 1675 1061 1767">
     <span class='ocr_line' id='line_1_12' title="bbox 111 1675 1061 1767; baseline 0.007 -28"><span class='ocrx_word' id='word_1_99' title='bbox 111 1711 115 1724; x_wconf 93' lang='lat'>·</span> <span class='ocrx_word' id='word_1_100' title='bbox 149 1675 287 1742; x_wconf 81' lang='lat' dir='ltr'><strong>Liberi</strong></span> <span class='ocrx_word' id='word_1_101' title='bbox 307 1690 472 1764; x_wconf 89' lang='lat' dir='ltr'><strong>patres,</strong></span> <span class='ocrx_word' id='word_1_102' title='bbox 495 1677 546 1744; x_wconf 88' lang='lat' dir='ltr'><strong>ab</strong></span> <span class='ocrx_word' id='word_1_103' title='bbox 569 1680 635 1744; x_wconf 90' lang='lat' dir='ltr'><strong>bis</strong></span> <span class='ocrx_word' id='word_1_104' title='bbox 658 1679 828 1746; x_wconf 91' lang='lat' dir='ltr'><strong>Liberis</strong></span> <span class='ocrx_word' id='word_1_105' title='bbox 850 1680 1061 1767; x_wconf 86' lang='lat' dir='ltr'><strong>patribus.</strong></span> 
     </span>
    </p>

    <p class='ocr_par' dir='ltr' id='par_1_6' title="bbox 150 1780 1608 1968">
     <span class='ocr_line' id='line_1_13' title="bbox 220 1780 1608 1871; baseline 0.001 -25"><span class='ocrx_word' id='word_1_106' title='bbox 220 1783 293 1846; x_wconf 76' lang='grc'><strong>482.</strong></span> <span class='ocrx_word' id='word_1_107' title='bbox 322 1780 425 1844; x_wconf 84' lang='grc' dir='ltr'><strong>Νιιιιο</strong></span> <span class='ocrx_word' id='word_1_108' title='bbox 454 1781 522 1844; x_wconf 91' lang='lat' dir='ltr'><strong>boc</strong></span> <span class='ocrx_word' id='word_1_109' title='bbox 550 1802 752 1860; x_wconf 89' lang='lat' dir='ltr'><strong>monemus,</strong></span> <span class='ocrx_word' id='word_1_110' title='bbox 787 1783 884 1868; x_wconf 89' lang='lat' dir='ltr'><strong>quod</strong></span> <span class='ocrx_word' id='word_1_111' title='bbox 911 1784 980 1848; x_wconf 89' lang='lat' dir='ltr'><strong>sint</strong></span> <span class='ocrx_word' id='word_1_112' title='bbox 1001 1783 1127 1868; x_wconf 81' lang='lat' dir='ltr'><strong>aliqui,</strong></span> <span class='ocrx_word' id='word_1_113' title='bbox 1149 1786 1219 1871; x_wconf 91' lang='lat' dir='ltr'><strong>&#39;qui</strong></span> <span class='ocrx_word' id='word_1_114' title='bbox 1240 1787 1308 1850; x_wconf 90' lang='lat' dir='ltr'><strong>boc</strong></span> <span class='ocrx_word' id='word_1_115' title='bbox 1336 1803 1465 1850; x_wconf 89' lang='lat' dir='ltr'><strong>nomen</strong></span> <span class='ocrx_word' id='word_1_116' title='bbox 1486 1801 1608 1848; x_wconf 89' lang='lat' dir='ltr'><strong>nume·</strong></span> 
     </span>
     <span class='ocr_line' id='line_1_14' title="bbox 150 1878 1128 1968; baseline 0.006 -22"><span class='ocrx_word' id='word_1_117' title='bbox 150 1900 216 1946; x_wconf 84' lang='lat' dir='ltr'><strong>rum</strong></span> <span class='ocrx_word' id='word_1_118' title='bbox 239 1881 412 1968; x_wconf 83' lang='lat' dir='ltr'><strong>pluralem</strong></span> <span class='ocrx_word' id='word_1_119' title='bbox 435 1882 549 1948; x_wconf 86' lang='lat' dir='ltr'><strong>lacere</strong></span> <span class='ocrx_word' id='word_1_120' title='bbox 571 1884 694 1948; x_wconf 82' lang='lat' dir='ltr'><strong>nolint.</strong></span> <span class='ocrx_word' id='word_1_121' title='bbox 719 1884 777 1949; x_wconf 91' lang='lat' dir='ltr'><strong>Sic</strong></span> <span class='ocrx_word' id='word_1_122' title='bbox 795 1878 837 1967; x_wconf 72' lang='grc'><strong>47)</strong></span> <span class='ocrx_word' id='word_1_123' title='bbox 861 1896 895 1948; x_wconf 92' lang='lat' dir='ltr'><strong>et</strong></span> <span class='ocrx_word' id='word_1_124' title='bbox 912 1899 1027 1950; x_wconf 87' lang='lat' dir='ltr'><strong>cetera</strong></span> <span class='ocrx_word' id='word_1_125' title='bbox 1050 1885 1128 1952; x_wconf 90' lang='lat' dir='ltr'><strong>alia.</strong></span> 
     </span>
    </p>

    <p class='ocr_par' dir='ltr' id='par_1_7' title="bbox 223 1983 1072 2072">
     <span class='ocr_line' id='line_1_15' title="bbox 223 1983 1072 2072; baseline 0.002 -22"><span class='ocrx_word' id='word_1_126' title='bbox 223 1987 296 2050; x_wconf 83' lang='grc'><strong>488.</strong></span> <span class='ocrx_word' id='word_1_127' title='bbox 321 1983 410 2048; x_wconf 90' lang='lat' dir='ltr'><strong>Sunt</strong></span> <span class='ocrx_word' id='word_1_128' title='bbox 430 1987 574 2050; x_wconf 88' lang='lat' dir='ltr'><strong>nomina</strong></span> <span class='ocrx_word' id='word_1_129' title='bbox 596 1988 747 2064; x_wconf 86' lang='lat' dir='ltr'><strong>senaria,</strong></span> <span class='ocrx_word' id='word_1_130' title='bbox 769 1999 809 2050; x_wconf 91' lang='lat' dir='ltr'><strong>ut</strong></span> <span class='ocrx_word' id='word_1_131' title='bbox 832 2000 932 2072; x_wconf 86' lang='lat' dir='ltr'><strong>puta:</strong></span> <span class='ocrx_word' id='word_1_132' title='bbox 955 2008 1072 2052; x_wconf 92' lang='lat' dir='ltr'><strong>unus.</strong></span> 
     </span>
    </p>
   </div>
   <div class='ocr_carea' id='block_1_3' title="bbox 219 2085 1116 2586">
    <p class='ocr_par' dir='ltr' id='par_1_8' title="bbox 219 2085 1116 2586">
     <span class='ocr_line' id='line_1_16' title="bbox 223 2085 1054 2175; baseline 0.006 -25"><span class='ocrx_word' id='word_1_133' title='bbox 223 2085 314 2151; x_wconf 88' lang='lat' dir='ltr'><strong>Sunt</strong></span> <span class='ocrx_word' id='word_1_134' title='bbox 334 2087 479 2151; x_wconf 85' lang='lat' dir='ltr'><strong>nomina</strong></span> <span class='ocrx_word' id='word_1_135' title='bbox 501 2089 679 2172; x_wconf 89' lang='lat' dir='ltr'><strong>quinaria,</strong></span> <span class='ocrx_word' id='word_1_136' title='bbox 701 2101 741 2153; x_wconf 90' lang='lat' dir='ltr'><strong>nt</strong></span> <span class='ocrx_word' id='word_1_137' title='bbox 762 2101 861 2175; x_wconf 85' lang='lat' dir='ltr'><strong>pute:</strong></span> <span class='ocrx_word' id='word_1_138' title='bbox 885 2089 1054 2156; x_wconf 90' lang='lat' dir='ltr'><strong>doctus.</strong></span> 
     </span>
     <span class='ocr_line' id='line_1_17' title="bbox 220 2187 1077 2279; baseline 0.006 -27"><span class='ocrx_word' id='word_1_139' title='bbox 220 2187 310 2252; x_wconf 86' lang='lat' dir='ltr'><strong>Sunt</strong></span> <span class='ocrx_word' id='word_1_140' title='bbox 330 2190 475 2254; x_wconf 84' lang='lat' dir='ltr'><strong>nomina</strong></span> <span class='ocrx_word' id='word_1_141' title='bbox 497 2191 733 2276; x_wconf 88' lang='lat' dir='ltr'><strong>quaternaria,</strong></span> <span class='ocrx_word' id='word_1_142' title='bbox 756 2205 796 2256; x_wconf 91' lang='lat' dir='ltr'><strong>ut</strong></span> <span class='ocrx_word' id='word_1_143' title='bbox 817 2205 915 2278; x_wconf 84' lang='lat' dir='ltr'><strong>puta:</strong></span> <span class='ocrx_word' id='word_1_144' title='bbox 940 2195 1077 2279; x_wconf 83' lang='lat' dir='ltr'><strong>niger.</strong></span> 
     </span>
     <span class='ocr_line' id='line_1_18' title="bbox 219 2287 1116 2380; baseline 0.003 -24"><span class='ocrx_word' id='word_1_145' title='bbox 219 2289 310 2356; x_wconf 84' lang='lat' dir='ltr'><strong>Sunt</strong></span> <span class='ocrx_word' id='word_1_146' title='bbox 330 2292 474 2356; x_wconf 90' lang='lat' dir='ltr'><strong>nomina</strong></span> <span class='ocrx_word' id='word_1_147' title='bbox 495 2295 663 2370; x_wconf 87' lang='lat' dir='ltr'><strong>ternaria,</strong></span> <span class='ocrx_word' id='word_1_148' title='bbox 685 2305 845 2380; x_wconf 89' lang='lat' dir='ltr'><strong>utputa:</strong></span> <span class='ocrx_word' id='word_1_149' title='bbox 878 2307 1038 2359; x_wconf 90' lang='lat' dir='ltr'><strong>statare</strong></span> <span class='ocrx_word' id='word_1_150' title='bbox 1061 2287 1116 2374; x_wconf 78' lang='grc'><strong>44).</strong></span> 
     </span>
     <span class='ocr_line' id='line_1_19' title="bbox 223 2386 1044 2482; baseline 0.006 -26"><span class='ocrx_word' id='word_1_151' title='bbox 223 2391 315 2458; x_wconf 86' lang='lat' dir='ltr'><strong>Sunt</strong></span> <span class='ocrx_word' id='word_1_152' title='bbox 335 2396 480 2458; x_wconf 89' lang='lat' dir='ltr'><strong>nomina</strong></span> <span class='ocrx_word' id='word_1_153' title='bbox 497 2387 540 2479; x_wconf 78' lang='lat'><strong>³⁹)</strong></span> <span class='ocrx_word' id='word_1_154' title='bbox 562 2394 716 2472; x_wconf 88' lang='lat' dir='ltr'><strong>binaria,</strong></span> <span class='ocrx_word' id='word_1_155' title='bbox 739 2409 778 2459; x_wconf 90' lang='lat' dir='ltr'><strong>ut</strong></span> <span class='ocrx_word' id='word_1_156' title='bbox 800 2408 900 2482; x_wconf 83' lang='lat' dir='ltr'><strong>puta:</strong></span> <span class='ocrx_word' id='word_1_157' title='bbox 926 2418 969 2461; x_wconf 92' lang='lat' dir='ltr'><strong>se</strong></span> <span class='ocrx_word' id='word_1_158' title='bbox 987 2386 1044 2481; x_wconf 80' lang='lat'><strong>⁴⁰).</strong></span> 
     </span>
     <span class='ocr_line' id='line_1_20' title="bbox 226 2488 1085 2586; baseline 0.001 -24"><span class='ocrx_word' id='word_1_159' title='bbox 226 2491 315 2562; x_wconf 85' lang='lat' dir='ltr'><strong>Sunt</strong></span> <span class='ocrx_word' id='word_1_160' title='bbox 335 2488 537 2580; x_wconf 80' lang='lat' dir='ltr'><strong>nomina⁴¹)</strong></span> <span class='ocrx_word' id='word_1_161' title='bbox 560 2497 737 2576; x_wconf 84' lang='lat' dir='ltr'><strong>mortaria,</strong></span> <span class='ocrx_word' id='word_1_162' title='bbox 759 2511 799 2562; x_wconf 91' lang='lat' dir='ltr'><strong>nt</strong></span> <span class='ocrx_word' id='word_1_163' title='bbox 819 2512 920 2586; x_wconf 79' lang='lat' dir='ltr'><strong>putas</strong></span> <span class='ocrx_word' id='word_1_164' title='bbox 944 2517 1085 2564; x_wconf 87' lang='lat' dir='ltr'><strong>cornu.</strong></span> 
     </span>
    </p>
   </div>
   <div class='ocr_carea' id='block_1_4' title="bbox 147 2596 1716 4218">
    <p class='ocr_par' dir='ltr' id='par_1_9' title="bbox 147 2596 1716 3094">
     <span class='ocr_line' id='line_1_21' title="bbox 222 2596 1612 2685; baseline 0.001 -22"><span class='ocrx_word' id='word_1_165' title='bbox 222 2599 297 2663; x_wconf 88' lang='grc'><strong>484.</strong></span> <span class='ocrx_word' id='word_1_166' title='bbox 319 2597 574 2664; x_wconf 84' lang='lat' dir='ltr'><strong>Declinatio</strong></span> <span class='ocrx_word' id='word_1_167' title='bbox 596 2600 879 2685; x_wconf 76' lang='lat' dir='ltr'><strong>glossematis</strong></span> <span class='ocrx_word' id='word_1_168' title='bbox 901 2596 960 2683; x_wconf 79' lang='lat'><strong>⁴²).</strong></span> <span class='ocrx_word' id='word_1_169' title='bbox 983 2601 1130 2665; x_wconf 90' lang='lat' dir='ltr'><strong>Numeri</strong></span> <span class='ocrx_word' id='word_1_170' title='bbox 1153 2598 1354 2684; x_wconf 82' lang='lat' dir='ltr'><strong>singularis:</strong></span> <span class='ocrx_word' id='word_1_171' title='bbox 1388 2599 1467 2663; x_wconf 89' lang='lat' dir='ltr'><strong>boe</strong></span> <span class='ocrx_word' id='word_1_172' title='bbox 1497 2599 1612 2684; x_wconf 88' lang='lat' dir='ltr'><strong>glos-</strong></span> 
     </span>
     <span class='ocr_line' id='line_1_22' title="bbox 147 2700 1716 2788; baseline 0.004 -26"><span class='ocrx_word' id='word_1_173' title='bbox 147 2719 266 2775; x_wconf 87' lang='lat' dir='ltr'><strong>sema,</strong></span> <span class='ocrx_word' id='word_1_174' title='bbox 294 2700 417 2764; x_wconf 88' lang='lat' dir='ltr'><strong>huius</strong></span> <span class='ocrx_word' id='word_1_175' title='bbox 445 2701 740 2785; x_wconf 81' lang='lat' dir='ltr'><strong>glossematis,</strong></span> <span class='ocrx_word' id='word_1_176' title='bbox 772 2704 870 2774; x_wconf 71' lang='lat' dir='ltr'><strong>hiric</strong></span> <span class='ocrx_word' id='word_1_177' title='bbox 899 2703 1171 2788; x_wconf 89' lang='lat' dir='ltr'><strong>glossemati,</strong></span> <span class='ocrx_word' id='word_1_178' title='bbox 1203 2703 1284 2764; x_wconf 91' lang='lat' dir='ltr'><strong>hoo</strong></span> <span class='ocrx_word' id='word_1_179' title='bbox 1314 2700 1557 2785; x_wconf 88' lang='lat' dir='ltr'><strong>glossema,</strong></span> <span class='ocrx_word' id='word_1_180' title='bbox 1588 2719 1716 2785; x_wconf 69' lang='grc' dir='ltr'><strong>ιιιψ.</strong></span> 
     </span>
     <span class='ocr_line' id='line_1_23' title="bbox 147 2801 1611 2902; baseline 0.002 -37"><span class='ocrx_word' id='word_1_181' title='bbox 147 2801 375 2884; x_wconf 72' lang='lat' dir='ltr'><strong>glossema,</strong></span> <span class='ocrx_word' id='word_1_182' title='bbox 408 2803 456 2866; x_wconf 82' lang='lat' dir='ltr'><strong>ab</strong></span> <span class='ocrx_word' id='word_1_183' title='bbox 486 2805 569 2868; x_wconf 90' lang='lat' dir='ltr'><strong>hoe</strong></span> <span class='ocrx_word' id='word_1_184' title='bbox 595 2804 874 2902; x_wconf 65' lang='lat' dir='ltr'><strong>glossematm</strong></span> <span class='ocrx_word' id='word_1_185' title='bbox 905 2819 940 2870; x_wconf 92' lang='lat' dir='ltr'><strong>et</strong></span> <span class='ocrx_word' id='word_1_186' title='bbox 960 2805 1160 2892; x_wconf 74' lang='lat' dir='ltr'><strong>pluralitem</strong></span> <span class='ocrx_word' id='word_1_187' title='bbox 1194 2805 1298 2868; x_wconf 84' lang='lat' dir='ltr'><strong>base</strong></span> <span class='ocrx_word' id='word_1_188' title='bbox 1320 2803 1611 2888; x_wconf 87' lang='lat' dir='ltr'><strong>glossemata,</strong></span> 
     </span>
     <span class='ocr_line' id='line_1_24' title="bbox 148 2903 1612 2992; baseline 0.004 -28"><span class='ocrx_word' id='word_1_189' title='bbox 148 2905 286 2968; x_wconf 86' lang='lat' dir='ltr'><strong>horum</strong></span> <span class='ocrx_word' id='word_1_190' title='bbox 318 2903 640 2990; x_wconf 69' lang='lat' dir='ltr'><strong>glossematum,</strong></span> <span class='ocrx_word' id='word_1_191' title='bbox 673 2907 738 2971; x_wconf 89' lang='lat' dir='ltr'><strong>his</strong></span> <span class='ocrx_word' id='word_1_192' title='bbox 769 2907 1122 2992; x_wconf 77' lang='lat' dir='ltr'><strong>glossematibus,</strong></span> <span class='ocrx_word' id='word_1_193' title='bbox 1152 2909 1256 2972; x_wconf 86' lang='lat' dir='ltr'><strong>baec</strong></span> <span class='ocrx_word' id='word_1_194' title='bbox 1278 2906 1556 2990; x_wconf 83' lang='lat' dir='ltr'><strong>glossemata,</strong></span> <span class='ocrx_word' id='word_1_195' title='bbox 1588 2927 1612 2970; x_wconf 96' lang='lat' dir='ltr'><strong>o</strong></span> 
     </span>
     <span class='ocr_line' id='line_1_25' title="bbox 151 3004 957 3094; baseline 0.01 -26"><span class='ocrx_word' id='word_1_196' title='bbox 151 3004 423 3089; x_wconf 83' lang='lat' dir='ltr'><strong>glossemata,</strong></span> <span class='ocrx_word' id='word_1_197' title='bbox 446 3006 498 3072; x_wconf 89' lang='lat' dir='ltr'><strong>ab</strong></span> <span class='ocrx_word' id='word_1_198' title='bbox 521 3009 590 3073; x_wconf 91' lang='lat' dir='ltr'><strong>his</strong></span> <span class='ocrx_word' id='word_1_199' title='bbox 613 3008 957 3094; x_wconf 87' lang='lat' dir='ltr'><strong>glossematibus.</strong></span> 
     </span>
    </p>

    <p class='ocr_par' dir='ltr' id='par_1_10' title="bbox 149 3099 1612 3397">
     <span class='ocr_line' id='line_1_26' title="bbox 223 3099 1612 3198; baseline 0 -24"><span class='ocrx_word' id='word_1_200' title='bbox 223 3107 282 3174; x_wconf 83' lang='lat' dir='ltr'><strong>Sic</strong></span> <span class='ocrx_word' id='word_1_201' title='bbox 312 3124 348 3174; x_wconf 89' lang='lat' dir='ltr'><strong>et</strong></span> <span class='ocrx_word' id='word_1_202' title='bbox 377 3109 445 3173; x_wconf 86' lang='lat' dir='ltr'><strong>alia</strong></span> <span class='ocrx_word' id='word_1_203' title='bbox 474 3111 612 3194; x_wconf 90' lang='lat' dir='ltr'><strong>generis</strong></span> <span class='ocrx_word' id='word_1_204' title='bbox 634 3113 750 3176; x_wconf 90' lang='lat' dir='ltr'><strong>neutri</strong></span> <span class='ocrx_word' id='word_1_205' title='bbox 770 3113 932 3190; x_wconf 87' lang='lat' dir='ltr'><strong>nomina,</strong></span> <span class='ocrx_word' id='word_1_206' title='bbox 956 3130 1045 3198; x_wconf 83' lang='lat' dir='ltr'><strong>qnae</strong></span> <span class='ocrx_word' id='word_1_207' title='bbox 1066 3111 1390 3175; x_wconf 88' lang='lat' dir='ltr'><strong>nominativo·casu</strong></span> <span class='ocrx_word' id='word_1_208' title='bbox 1405 3099 1450 3193; x_wconf 80' lang='lat'><strong>⁴³)</strong></span> <span class='ocrx_word' id='word_1_209' title='bbox 1473 3109 1612 3174; x_wconf 87' lang='lat' dir='ltr'><strong>numeri</strong></span> 
     </span>
     <span class='ocr_line' id='line_1_27' title="bbox 149 3209 1611 3300; baseline 0.002 -28"><span class='ocrx_word' id='word_1_210' title='bbox 149 3209 321 3296; x_wconf 84' lang='lat' dir='ltr'><strong>singularis</strong></span> <span class='ocrx_word' id='word_1_211' title='bbox 349 3213 400 3275; x_wconf 81' lang='lat' dir='ltr'><strong>·A·</strong></span> <span class='ocrx_word' id='word_1_212' title='bbox 428 3211 544 3276; x_wconf 88' lang='lat' dir='ltr'><strong>littera</strong></span> <span class='ocrx_word' id='word_1_213' title='bbox 575 3213 824 3292; x_wconf 86' lang='lat' dir='ltr'><strong>terminantur,</strong></span> <span class='ocrx_word' id='word_1_214' title='bbox 855 3213 901 3280; x_wconf 87' lang='lat' dir='ltr'><strong>ad</strong></span> <span class='ocrx_word' id='word_1_215' title='bbox 922 3211 1123 3300; x_wconf 84' lang='lat' dir='ltr'><strong>exemplum</strong></span> <span class='ocrx_word' id='word_1_216' title='bbox 1146 3211 1425 3298; x_wconf 87' lang='lat' dir='ltr'><strong>glossematis</strong></span> <span class='ocrx_word' id='word_1_217' title='bbox 1446 3231 1511 3298; x_wconf 92' lang='lat' dir='ltr'><strong>per</strong></span> <span class='ocrx_word' id='word_1_218' title='bbox 1533 3231 1611 3277; x_wconf 90' lang='lat' dir='ltr'><strong>om-</strong></span> 
     </span>
     <span class='ocr_line' id='line_1_28' title="bbox 149 3304 635 3397; baseline 0.008 -23"><span class='ocrx_word' id='word_1_219' title='bbox 149 3329 204 3378; x_wconf 87' lang='lat' dir='ltr'><strong>ues</strong></span> <span class='ocrx_word' id='word_1_220' title='bbox 225 3333 324 3380; x_wconf 85' lang='lat' dir='ltr'><strong>casus</strong></span> <span class='ocrx_word' id='word_1_221' title='bbox 340 3304 384 3397; x_wconf 87' lang='grc'><strong>44)</strong></span> <span class='ocrx_word' id='word_1_222' title='bbox 407 3313 635 3378; x_wconf 78' lang='lat' dir='ltr'><strong>declinantur.</strong></span> 
     </span>
    </p>

    <p class='ocr_par' dir='ltr' id='par_1_11' title="bbox 150 3414 1612 3706">
     <span class='ocr_line' id='line_1_29' title="bbox 223 3414 1612 3504; baseline 0 -22"><span class='ocrx_word' id='word_1_223' title='bbox 223 3419 297 3482; x_wconf 83' lang='grc'><strong>485.</strong></span> <span class='ocrx_word' id='word_1_224' title='bbox 330 3414 421 3480; x_wconf 88' lang='lat' dir='ltr'><strong>Sane</strong></span> <span class='ocrx_word' id='word_1_225' title='bbox 452 3418 521 3480; x_wconf 89' lang='lat' dir='ltr'><strong>hcc</strong></span> <span class='ocrx_word' id='word_1_226' title='bbox 549 3436 747 3495; x_wconf 89' lang='lat' dir='ltr'><strong>monemus,</strong></span> <span class='ocrx_word' id='word_1_227' title='bbox 780 3417 876 3504; x_wconf 92' lang='lat' dir='ltr'><strong>qnod</strong></span> <span class='ocrx_word' id='word_1_228' title='bbox 898 3437 1139 3503; x_wconf 82' lang='lat' dir='ltr'><strong>quaecumque</strong></span> <span class='ocrx_word' id='word_1_229' title='bbox 1169 3415 1314 3482; x_wconf 80' lang='lat' dir='ltr'><strong>nomina</strong></span> <span class='ocrx_word' id='word_1_230' title='bbox 1336 3417 1474 3501; x_wconf 87' lang='lat' dir='ltr'><strong>generis</strong></span> <span class='ocrx_word' id='word_1_231' title='bbox 1496 3416 1612 3482; x_wconf 87' lang='lat' dir='ltr'><strong>neutri</strong></span> 
     </span>
     <span class='ocr_line' id='line_1_30' title="bbox 150 3511 1612 3604; baseline 0.003 -26"><span class='ocrx_word' id='word_1_232' title='bbox 150 3517 355 3582; x_wconf 80' lang='lat' dir='ltr'><strong>nominativo</strong></span> <span class='ocrx_word' id='word_1_233' title='bbox 379 3537 461 3582; x_wconf 86' lang='lat' dir='ltr'><strong>casu</strong></span> <span class='ocrx_word' id='word_1_234' title='bbox 482 3518 620 3583; x_wconf 88' lang='lat' dir='ltr'><strong>numeri</strong></span> <span class='ocrx_word' id='word_1_235' title='bbox 642 3518 827 3604; x_wconf 86' lang='lat' dir='ltr'><strong>singularis</strong></span> <span class='ocrx_word' id='word_1_236' title='bbox 850 3520 901 3584; x_wconf 85' lang='grc' dir='ltr'><strong>·Α·</strong></span> <span class='ocrx_word' id='word_1_237' title='bbox 924 3518 1039 3585; x_wconf 85' lang='lat' dir='ltr'><strong>littere</strong></span> <span class='ocrx_word' id='word_1_238' title='bbox 1061 3519 1302 3596; x_wconf 86' lang='lat' dir='ltr'><strong>terminantur,</strong></span> <span class='ocrx_word' id='word_1_239' title='bbox 1324 3520 1411 3582; x_wconf 88' lang='lat' dir='ltr'><strong>baec</strong></span> <span class='ocrx_word' id='word_1_240' title='bbox 1427 3537 1553 3604; x_wconf 84' lang='lat' dir='ltr'><strong>graeca</strong></span> <span class='ocrx_word' id='word_1_241' title='bbox 1567 3511 1612 3602; x_wconf 86' lang='lat'><strong>⁴⁵)</strong></span> 
     </span>
     <span class='ocr_line' id='line_1_31' title="bbox 151 3621 468 3706; baseline 0 -22"><span class='ocrx_word' id='word_1_242' title='bbox 151 3637 216 3684; x_wconf 82' lang='lat' dir='ltr'><strong>esse</strong></span> <span class='ocrx_word' id='word_1_243' title='bbox 237 3621 468 3706; x_wconf 83' lang='lat' dir='ltr'><strong>reperiuntur.</strong></span> 
     </span>
    </p>

    <p class='ocr_par' dir='ltr' id='par_1_12' title="bbox 151 3721 1616 4218">
     <span class='ocr_line' id='line_1_32' title="bbox 226 3721 1613 3809; baseline -0.001 -20"><span class='ocrx_word' id='word_1_244' title='bbox 226 3723 300 3789; x_wconf 86' lang='grc'><strong>486.</strong></span> <span class='ocrx_word' id='word_1_245' title='bbox 331 3722 417 3787; x_wconf 89' lang='lat' dir='ltr'><strong>ltem</strong></span> <span class='ocrx_word' id='word_1_246' title='bbox 449 3723 487 3786; x_wconf 92' lang='lat' dir='ltr'><strong>in</strong></span> <span class='ocrx_word' id='word_1_247' title='bbox 514 3724 569 3787; x_wconf 90' lang='lat' dir='ltr'><strong>bis</strong></span> <span class='ocrx_word' id='word_1_248' title='bbox 598 3721 799 3788; x_wconf 89' lang='lat' dir='ltr'><strong>nominibus</strong></span> <span class='ocrx_word' id='word_1_249' title='bbox 827 3725 965 3807; x_wconf 87' lang='lat' dir='ltr'><strong>generis</strong></span> <span class='ocrx_word' id='word_1_250' title='bbox 994 3724 1128 3801; x_wconf 88' lang='lat' dir='ltr'><strong>nentri,</strong></span> <span class='ocrx_word' id='word_1_251' title='bbox 1159 3742 1249 3809; x_wconf 87' lang='lat' dir='ltr'><strong>qnae</strong></span> <span class='ocrx_word' id='word_1_252' title='bbox 1276 3721 1431 3786; x_wconf 83' lang='lat' dir='ltr'><strong>diximus</strong></span> <span class='ocrx_word' id='word_1_253' title='bbox 1460 3721 1613 3788; x_wconf 78' lang='lat' dir='ltr'><strong>ablativo</strong></span> 
     </span>
     <span class='ocr_line' id='line_1_33' title="bbox 151 3824 1614 3911; baseline 0.001 -24"><span class='ocrx_word' id='word_1_254' title='bbox 151 3841 225 3887; x_wconf 87' lang='lat' dir='ltr'><strong>essu</strong></span> <span class='ocrx_word' id='word_1_255' title='bbox 249 3825 388 3888; x_wconf 87' lang='lat' dir='ltr'><strong>numeri</strong></span> <span class='ocrx_word' id='word_1_256' title='bbox 419 3824 604 3909; x_wconf 85' lang='lat' dir='ltr'><strong>singularis</strong></span> <span class='ocrx_word' id='word_1_257' title='bbox 637 3827 688 3888; x_wconf 83' lang='lat' dir='ltr'><strong>·A·</strong></span> <span class='ocrx_word' id='word_1_258' title='bbox 722 3824 838 3890; x_wconf 87' lang='lat' dir='ltr'><strong>littera</strong></span> <span class='ocrx_word' id='word_1_259' title='bbox 867 3825 1062 3901; x_wconf 85' lang='lat' dir='ltr'><strong>terminari,</strong></span> <span class='ocrx_word' id='word_1_260' title='bbox 1093 3827 1162 3890; x_wconf 90' lang='lat' dir='ltr'><strong>hoc</strong></span> <span class='ocrx_word' id='word_1_261' title='bbox 1190 3841 1388 3902; x_wconf 88' lang='lat' dir='ltr'><strong>monemus,</strong></span> <span class='ocrx_word' id='word_1_262' title='bbox 1420 3825 1516 3911; x_wconf 88' lang='lat' dir='ltr'><strong>quod</strong></span> <span class='ocrx_word' id='word_1_263' title='bbox 1545 3826 1614 3889; x_wconf 88' lang='lat' dir='ltr'><strong>boc</strong></span> 
     </span>
     <span class='ocr_line' id='line_1_34' title="bbox 152 3916 1613 4012; baseline 0.003 -26"><span class='ocrx_word' id='word_1_264' title='bbox 152 3943 250 3990; x_wconf 90' lang='lat' dir='ltr'><strong>unum</strong></span> <span class='ocrx_word' id='word_1_265' title='bbox 280 3945 412 3990; x_wconf 90' lang='lat' dir='ltr'><strong>nomen</strong></span> <span class='ocrx_word' id='word_1_266' title='bbox 440 3927 653 4012; x_wconf 88' lang='lat' dir='ltr'><strong>reperiatur,</strong></span> <span class='ocrx_word' id='word_1_267' title='bbox 684 3925 814 4004; x_wconf 90' lang='lat' dir='ltr'><strong>idest,</strong></span> <span class='ocrx_word' id='word_1_268' title='bbox 845 3927 1004 3992; x_wconf 87' lang='lat' dir='ltr'><strong>Simma</strong></span> <span class='ocrx_word' id='word_1_269' title='bbox 1022 3916 1086 4011; x_wconf 82' lang='grc'><strong>44),</strong></span> <span class='ocrx_word' id='word_1_270' title='bbox 1120 3927 1203 4011; x_wconf 85' lang='lat' dir='ltr'><strong>quia</strong></span> <span class='ocrx_word' id='word_1_271' title='bbox 1230 3939 1265 3990; x_wconf 90' lang='lat' dir='ltr'><strong>et</strong></span> <span class='ocrx_word' id='word_1_272' title='bbox 1292 3927 1613 4012; x_wconf 88' lang='lat' dir='ltr'><strong>interpretationem</strong></span> 
     </span>
     <span class='ocr_line' id='line_1_35' title="bbox 152 4018 1616 4116; baseline 0.003 -28"><span class='ocrx_word' id='word_1_273' title='bbox 152 4025 277 4093; x_wconf 84' lang='lat' dir='ltr'><strong>litterae</strong></span> <span class='ocrx_word' id='word_1_274' title='bbox 300 4027 430 4092; x_wconf 86' lang='lat' dir='ltr'><strong>babere</strong></span> <span class='ocrx_word' id='word_1_275' title='bbox 452 4028 683 4115; x_wconf 88' lang='lat' dir='ltr'><strong>intellegitur,</strong></span> <span class='ocrx_word' id='word_1_276' title='bbox 707 4029 804 4116; x_wconf 88' lang='lat' dir='ltr'><strong>quod</strong></span> <span class='ocrx_word' id='word_1_277' title='bbox 827 4043 860 4094; x_wconf 93' lang='lat' dir='ltr'><strong>et</strong></span> <span class='ocrx_word' id='word_1_278' title='bbox 883 4042 999 4116; x_wconf 82' lang='lat' dir='ltr'><strong>uptote</strong></span> <span class='ocrx_word' id='word_1_279' title='bbox 1014 4021 1059 4113; x_wconf 80' lang='grc'><strong>47)</strong></span> <span class='ocrx_word' id='word_1_280' title='bbox 1082 4028 1276 4093; x_wconf 88' lang='lat' dir='ltr'><strong>declinatur</strong></span> <span class='ocrx_word' id='word_1_281' title='bbox 1292 4018 1347 4112; x_wconf 78' lang='lat'><strong>⁴⁸),</strong></span> <span class='ocrx_word' id='word_1_282' title='bbox 1371 4029 1505 4093; x_wconf 86' lang='lat' dir='ltr'><strong>scilicet</strong></span> <span class='ocrx_word' id='word_1_283' title='bbox 1526 4048 1616 4114; x_wconf 90' lang='lat' dir='ltr'><strong>quc-</strong></span> 
     </span>
     <span class='ocr_line' id='line_1_36' title="bbox 155 4121 1615 4218; baseline 0.002 -28"><span class='ocrx_word' id='word_1_284' title='bbox 155 4129 239 4194; x_wconf 90' lang='lat' dir='ltr'><strong>uiam</strong></span> <span class='ocrx_word' id='word_1_285' title='bbox 262 4131 406 4194; x_wconf 89' lang='lat' dir='ltr'><strong>nomina</strong></span> <span class='ocrx_word' id='word_1_286' title='bbox 424 4121 469 4214; x_wconf 80' lang='grc'><strong>44)</strong></span> <span class='ocrx_word' id='word_1_287' title='bbox 491 4131 700 4208; x_wconf 89' lang='lat' dir='ltr'><strong>litterarum,</strong></span> <span class='ocrx_word' id='word_1_288' title='bbox 723 4133 825 4197; x_wconf 88' lang='lat' dir='ltr'><strong>sicuti</strong></span> <span class='ocrx_word' id='word_1_289' title='bbox 844 4132 913 4196; x_wconf 88' lang='lat' dir='ltr'><strong>iarn</strong></span> <span class='ocrx_word' id='word_1_290' title='bbox 934 4123 976 4215; x_wconf 74' lang='grc'><strong>44)</strong></span> <span class='ocrx_word' id='word_1_291' title='bbox 995 4130 1193 4207; x_wconf 87' lang='lat' dir='ltr'><strong>docuimus,</strong></span> <span class='ocrx_word' id='word_1_292' title='bbox 1227 4143 1345 4218; x_wconf 89' lang='lat' dir='ltr'><strong>aptote</strong></span> <span class='ocrx_word' id='word_1_293' title='bbox 1379 4130 1615 4195; x_wconf 83' lang='lat' dir='ltr'><strong>declinanturs</strong></span> 
     </span>
    </p>
   </div>
   <div class='ocr_carea' id='block_1_5' title="bbox 192 4315 1619 5273">
    <p class='ocr_par' dir='ltr' id='par_1_13' title="bbox 192 4315 1619 5273">
     <span class='ocr_line' id='line_1_37' title="bbox 192 4315 1616 4392; baseline -0.001 -21"><span class='ocrx_word' id='word_1_294' title='bbox 192 4317 225 4388; x_wconf 75' lang='grc' dir='ltr'><strong>4ο)</strong></span> <span class='ocrx_word' id='word_1_295' title='bbox 247 4317 347 4390; x_wconf 87' lang='lat' dir='ltr'><strong>peritis</strong></span> <span class='ocrx_word' id='word_1_296' title='bbox 374 4319 412 4375; x_wconf 94' lang='lat' dir='ltr'><strong>V.</strong></span> <span class='ocrx_word' id='word_1_297' title='bbox 431 4318 468 4372; x_wconf 92' lang='lat' dir='ltr'><strong>A.</strong></span> <span class='ocrx_word' id='word_1_298' title='bbox 486 4319 520 4375; x_wconf 87' lang='lat' dir='ltr'><strong>B.</strong></span> <span class='ocrx_word' id='word_1_299' title='bbox 546 4337 581 4373; x_wconf 76' lang='lat' dir='ltr'><strong>er</strong></span> <span class='ocrx_word' id='word_1_300' title='bbox 601 4337 651 4372; x_wconf 88' lang='lat' dir='ltr'><strong>em.</strong></span> <span class='ocrx_word' id='word_1_301' title='bbox 668 4337 710 4389; x_wconf 84' lang='lat' dir='ltr'><strong>pr.</strong></span> <span class='ocrx_word' id='word_1_302' title='bbox 726 4337 763 4374; x_wconf 86' lang='lat' dir='ltr'><strong>m.</strong></span> <span class='ocrx_word' id='word_1_303' title='bbox 781 4351 817 4362; x_wconf 90' lang='lat'>—</span> <span class='ocrx_word' id='word_1_304' title='bbox 834 4319 941 4392; x_wconf 85' lang='lat' dir='ltr'><strong>peritos</strong></span> <span class='ocrx_word' id='word_1_305' title='bbox 960 4319 991 4374; x_wconf 88' lang='lat' dir='ltr'><strong>B.</strong></span> <span class='ocrx_word' id='word_1_306' title='bbox 1011 4337 1030 4373; x_wconf 84' lang='lat' dir='ltr'><strong>o</strong></span> <span class='ocrx_word' id='word_1_307' title='bbox 1043 4337 1086 4391; x_wconf 84' lang='lat' dir='ltr'><strong>pr.</strong></span> <span class='ocrx_word' id='word_1_308' title='bbox 1100 4339 1135 4372; x_wconf 90' lang='lat' dir='ltr'><strong>m.</strong></span> <span class='ocrx_word' id='word_1_309' title='bbox 1165 4320 1202 4392; x_wconf 79' lang='lat'><strong>³¹)</strong></span> <span class='ocrx_word' id='word_1_310' title='bbox 1221 4318 1270 4373; x_wconf 85' lang='lat' dir='ltr'><strong>sie</strong></span> <span class='ocrx_word' id='word_1_311' title='bbox 1288 4327 1317 4372; x_wconf 86' lang='lat' dir='ltr'><strong>st</strong></span> <span class='ocrx_word' id='word_1_312' title='bbox 1335 4327 1427 4373; x_wconf 79' lang='lat' dir='ltr'><strong>cetera</strong></span> <span class='ocrx_word' id='word_1_313' title='bbox 1445 4315 1509 4372; x_wconf 81' lang='lat' dir='ltr'><strong>tulis</strong></span> <span class='ocrx_word' id='word_1_314' title='bbox 1527 4320 1565 4375; x_wconf 88' lang='lat' dir='ltr'><strong>V.</strong></span> <span class='ocrx_word' id='word_1_315' title='bbox 1583 4319 1616 4373; x_wconf 86' lang='lat' dir='ltr'><strong>B.</strong></span> 
     </span>
     <span class='ocr_line' id='line_1_38' title="bbox 249 4403 1618 4480; baseline 0.004 -25"><span class='ocrx_word' id='word_1_316' title='bbox 249 4408 296 4476; x_wconf 66' lang='grc' dir='ltr'><strong>(ε</strong></span> <span class='ocrx_word' id='word_1_317' title='bbox 311 4407 364 4478; x_wconf 79' lang='lat' dir='ltr'><strong>sie)</strong></span> <span class='ocrx_word' id='word_1_318' title='bbox 381 4428 419 4455; x_wconf 89' lang='lat'>=</span> <span class='ocrx_word' id='word_1_319' title='bbox 436 4406 472 4460; x_wconf 92' lang='lat' dir='ltr'><strong>A.</strong></span> <span class='ocrx_word' id='word_1_320' title='bbox 499 4409 536 4475; x_wconf 81' lang='lat'><strong>¹¹)</strong></span> <span class='ocrx_word' id='word_1_321' title='bbox 554 4403 649 4460; x_wconf 82' lang='lat' dir='ltr'><strong>srnbse</strong></span> <span class='ocrx_word' id='word_1_322' title='bbox 666 4407 748 4463; x_wconf 81' lang='lat' dir='ltr'><strong>B-V.</strong></span> <span class='ocrx_word' id='word_1_323' title='bbox 768 4408 799 4462; x_wconf 81' lang='grc' dir='ltr'><strong>Ρ.</strong></span> <span class='ocrx_word' id='word_1_324' title='bbox 818 4437 853 4450; x_wconf 92' lang='grc'>-</span> <span class='ocrx_word' id='word_1_325' title='bbox 871 4408 974 4480; x_wconf 79' lang='lat' dir='ltr'><strong>primes</strong></span> <span class='ocrx_word' id='word_1_326' title='bbox 993 4408 1028 4461; x_wconf 89' lang='lat' dir='ltr'><strong>A.</strong></span> <span class='ocrx_word' id='word_1_327' title='bbox 1057 4409 1096 4479; x_wconf 79' lang='grc'><strong>44)</strong></span> <span class='ocrx_word' id='word_1_328' title='bbox 1115 4404 1288 4459; x_wconf 77' lang='lat' dir='ltr'><strong>declinentur</strong></span> <span class='ocrx_word' id='word_1_329' title='bbox 1308 4405 1344 4462; x_wconf 87' lang='lat' dir='ltr'><strong>V.</strong></span> <span class='ocrx_word' id='word_1_330' title='bbox 1363 4406 1401 4461; x_wconf 85' lang='lat' dir='ltr'><strong>A.</strong></span> <span class='ocrx_word' id='word_1_331' title='bbox 1419 4437 1456 4451; x_wconf 96' lang='lat'>-</span> <span class='ocrx_word' id='word_1_332' title='bbox 1474 4403 1618 4460; x_wconf 85' lang='lat' dir='ltr'><strong>declinent</strong></span> 
     </span>
     <span class='ocr_line' id='line_1_39' title="bbox 249 4492 1618 4566; baseline -0.001 -18"><span class='ocrx_word' id='word_1_333' title='bbox 249 4495 282 4548; x_wconf 83' lang='lat' dir='ltr'><strong>B.</strong></span> <span class='ocrx_word' id='word_1_334' title='bbox 301 4496 340 4566; x_wconf 85' lang='grc'><strong>44)</strong></span> <span class='ocrx_word' id='word_1_335' title='bbox 359 4501 474 4566; x_wconf 81' lang='lat' dir='ltr'><strong>utputa</strong></span> <span class='ocrx_word' id='word_1_336' title='bbox 493 4495 525 4548; x_wconf 88' lang='lat' dir='ltr'><strong>B.</strong></span> <span class='ocrx_word' id='word_1_337' title='bbox 545 4494 582 4550; x_wconf 85' lang='lat' dir='ltr'><strong>V.</strong></span> <span class='ocrx_word' id='word_1_338' title='bbox 601 4515 637 4545; x_wconf 90' lang='lat'>=</span> <span class='ocrx_word' id='word_1_339' title='bbox 655 4496 692 4550; x_wconf 79' lang='lat' dir='ltr'><strong>A.</strong></span> <span class='ocrx_word' id='word_1_340' title='bbox 712 4495 750 4566; x_wconf 77' lang='lat'><strong>⁸⁵)</strong></span> <span class='ocrx_word' id='word_1_341' title='bbox 769 4492 804 4548; x_wconf 90' lang='lat' dir='ltr'><strong>sb</strong></span> <span class='ocrx_word' id='word_1_342' title='bbox 821 4492 876 4549; x_wconf 89' lang='lat' dir='ltr'><strong>boe</strong></span> <span class='ocrx_word' id='word_1_343' title='bbox 895 4497 931 4552; x_wconf 89' lang='lat' dir='ltr'><strong>V.</strong></span> <span class='ocrx_word' id='word_1_344' title='bbox 951 4496 988 4549; x_wconf 85' lang='lat' dir='ltr'><strong>A.</strong></span> <span class='ocrx_word' id='word_1_345' title='bbox 1006 4525 1043 4538; x_wconf 90' lang='lat'><em>-</em></span> <span class='ocrx_word' id='word_1_346' title='bbox 1059 4492 1142 4548; x_wconf 85' lang='lat' dir='ltr'><strong>sblst.</strong></span> <span class='ocrx_word' id='word_1_347' title='bbox 1162 4495 1194 4548; x_wconf 89' lang='lat' dir='ltr'><strong>B.</strong></span> <span class='ocrx_word' id='word_1_348' title='bbox 1215 4495 1251 4564; x_wconf 80' lang='lat'><strong>¹⁰)</strong></span> <span class='ocrx_word' id='word_1_349' title='bbox 1268 4501 1360 4566; x_wconf 76' lang='lat' dir='ltr'><strong>putres</strong></span> <span class='ocrx_word' id='word_1_350' title='bbox 1380 4494 1417 4549; x_wconf 95' lang='lat' dir='ltr'><strong>V.</strong></span> <span class='ocrx_word' id='word_1_351' title='bbox 1435 4492 1618 4565; x_wconf 84' lang='lat' dir='ltr'><strong>A.·-patris</strong></span> 
     </span>
     <span class='ocr_line' id='line_1_40' title="bbox 250 4581 1618 4656; baseline -0.001 -20"><span class='ocrx_word' id='word_1_352' title='bbox 250 4583 282 4636; x_wconf 89' lang='lat' dir='ltr'><strong>B.</strong></span> <span class='ocrx_word' id='word_1_353' title='bbox 303 4587 339 4652; x_wconf 74' lang='lat'><strong>⁸⁷)</strong></span> <span class='ocrx_word' id='word_1_354' title='bbox 358 4582 400 4634; x_wconf 87' lang='lat' dir='ltr'><strong>sio</strong></span> <span class='ocrx_word' id='word_1_355' title='bbox 417 4583 449 4636; x_wconf 83' lang='lat' dir='ltr'><strong>B.</strong></span> <span class='ocrx_word' id='word_1_356' title='bbox 470 4583 506 4638; x_wconf 84' lang='lat' dir='ltr'><strong>V.</strong></span> <span class='ocrx_word' id='word_1_357' title='bbox 526 4583 558 4637; x_wconf 85' lang='grc' dir='ltr'><strong>Ρ.</strong></span> <span class='ocrx_word' id='word_1_358' title='bbox 576 4584 657 4637; x_wconf 82' lang='lat' dir='ltr'><strong>=A.</strong></span> <span class='ocrx_word' id='word_1_359' title='bbox 677 4583 713 4651; x_wconf 78' lang='lat'><strong>¹⁸)</strong></span> <span class='ocrx_word' id='word_1_360' title='bbox 733 4589 832 4635; x_wconf 80' lang='lat' dir='ltr'><strong>stature</strong></span> <span class='ocrx_word' id='word_1_361' title='bbox 852 4583 888 4638; x_wconf 89' lang='lat' dir='ltr'><strong>V.</strong></span> <span class='ocrx_word' id='word_1_362' title='bbox 916 4599 945 4634; x_wconf 91' lang='lat' dir='ltr'><strong>re</strong></span> <span class='ocrx_word' id='word_1_363' title='bbox 962 4588 1155 4656; x_wconf 79' lang='lat' dir='ltr'><strong>suprascriptis</strong></span> <span class='ocrx_word' id='word_1_364' title='bbox 1171 4583 1285 4654; x_wconf 57' lang='lat' dir='ltr'><strong>yllsbs&#39;s</strong></span> <span class='ocrx_word' id='word_1_365' title='bbox 1302 4581 1500 4634; x_wconf 75' lang='lat' dir='ltr'><strong>suten.=A.</strong></span> <span class='ocrx_word' id='word_1_366' title='bbox 1520 4583 1618 4654; x_wconf 77' lang='lat' dir='ltr'><strong>⁸⁹)no·</strong></span> 
     </span>
     <span class='ocr_line' id='line_1_41' title="bbox 250 4667 1618 4742; baseline -0.001 -19"><span class='ocrx_word' id='word_1_367' title='bbox 250 4670 322 4723; x_wconf 83' lang='lat' dir='ltr'><strong>mins</strong></span> <span class='ocrx_word' id='word_1_368' title='bbox 341 4671 374 4725; x_wconf 80' lang='lat' dir='ltr'><strong>B.</strong></span> <span class='ocrx_word' id='word_1_369' title='bbox 392 4668 566 4725; x_wconf 83' lang='lat' dir='ltr'><strong>-voeebuls</strong></span> <span class='ocrx_word' id='word_1_370' title='bbox 585 4671 621 4726; x_wconf 92' lang='lat' dir='ltr'><strong>V.</strong></span> <span class='ocrx_word' id='word_1_371' title='bbox 640 4671 677 4724; x_wconf 89' lang='lat' dir='ltr'><strong>A.</strong></span> <span class='ocrx_word' id='word_1_372' title='bbox 686 4671 723 4742; x_wconf 80' lang='lat'><strong>⁴⁰)</strong></span> <span class='ocrx_word' id='word_1_373' title='bbox 742 4686 773 4723; x_wconf 82' lang='lat' dir='ltr'><strong>se</strong></span> <span class='ocrx_word' id='word_1_374' title='bbox 792 4670 827 4724; x_wconf 96' lang='lat' dir='ltr'><strong>V.</strong></span> <span class='ocrx_word' id='word_1_375' title='bbox 846 4671 880 4722; x_wconf 85' lang='lat' dir='ltr'><strong>B.</strong></span> <span class='ocrx_word' id='word_1_376' title='bbox 898 4693 936 4720; x_wconf 94' lang='lat'>=</span> <span class='ocrx_word' id='word_1_377' title='bbox 947 4673 984 4726; x_wconf 89' lang='lat' dir='ltr'><strong>A.</strong></span> <span class='ocrx_word' id='word_1_378' title='bbox 1005 4672 1042 4742; x_wconf 81' lang='lat'><strong>⁴¹)</strong></span> <span class='ocrx_word' id='word_1_379' title='bbox 1060 4679 1127 4725; x_wconf 83' lang='lat' dir='ltr'><strong>sunt</strong></span> <span class='ocrx_word' id='word_1_380' title='bbox 1144 4669 1254 4724; x_wconf 81' lang='lat' dir='ltr'><strong>nornine</strong></span> <span class='ocrx_word' id='word_1_381' title='bbox 1274 4670 1311 4724; x_wconf 89' lang='lat' dir='ltr'><strong>V.</strong></span> <span class='ocrx_word' id='word_1_382' title='bbox 1330 4667 1412 4722; x_wconf 71' lang='grc'><strong>1.-</strong></span> <span class='ocrx_word' id='word_1_383' title='bbox 1424 4676 1491 4720; x_wconf 80' lang='lat' dir='ltr'><strong>sunt</strong></span> <span class='ocrx_word' id='word_1_384' title='bbox 1506 4667 1618 4722; x_wconf 81' lang='lat' dir='ltr'><strong>nonnius</strong></span> 
     </span>
     <span class='ocr_line' id='line_1_42' title="bbox 252 4755 1619 4829; baseline -0.001 -17"><span class='ocrx_word' id='word_1_385' title='bbox 252 4766 315 4812; x_wconf 86' lang='lat' dir='ltr'><strong>sunt</strong></span> <span class='ocrx_word' id='word_1_386' title='bbox 331 4759 443 4812; x_wconf 82' lang='lat' dir='ltr'><strong>nemius</strong></span> <span class='ocrx_word' id='word_1_387' title='bbox 459 4759 493 4812; x_wconf 88' lang='lat' dir='ltr'><strong>B.</strong></span> <span class='ocrx_word' id='word_1_388' title='bbox 522 4760 558 4829; x_wconf 78' lang='grc'><strong>44)</strong></span> <span class='ocrx_word' id='word_1_389' title='bbox 577 4757 732 4812; x_wconf 84' lang='lat' dir='ltr'><strong>Decliuntic</strong></span> <span class='ocrx_word' id='word_1_390' title='bbox 758 4755 930 4828; x_wconf 81' lang='lat' dir='ltr'><strong>glossemstis</strong></span> <span class='ocrx_word' id='word_1_391' title='bbox 957 4758 989 4816; x_wconf 87' lang='lat' dir='ltr'><strong>B.</strong></span> <span class='ocrx_word' id='word_1_392' title='bbox 1012 4759 1048 4811; x_wconf 92' lang='lat' dir='ltr'><strong>V.</strong></span> <span class='ocrx_word' id='word_1_393' title='bbox 1067 4760 1098 4811; x_wconf 85' lang='lat' dir='ltr'><strong>P.</strong></span> <span class='ocrx_word' id='word_1_394' title='bbox 1117 4781 1154 4808; x_wconf 86' lang='lat'><em>=</em></span> <span class='ocrx_word' id='word_1_395' title='bbox 1171 4757 1208 4812; x_wconf 94' lang='lat' dir='ltr'><strong>A.</strong></span> <span class='ocrx_word' id='word_1_396' title='bbox 1226 4755 1253 4810; x_wconf 86' lang='grc' dir='ltr'><strong>Ιι.</strong></span> <span class='ocrx_word' id='word_1_397' title='bbox 1273 4758 1291 4808; x_wconf 84' lang='grc'><strong>4.</strong></span> <span class='ocrx_word' id='word_1_398' title='bbox 1307 4755 1357 4807; x_wconf 84' lang='lat' dir='ltr'><strong>sed</strong></span> <span class='ocrx_word' id='word_1_399' title='bbox 1371 4755 1619 4829; x_wconf 79' lang='lat' dir='ltr'><strong>post¹peradigmu</strong></span> 
     </span>
     <span class='ocr_line' id='line_1_43' title="bbox 256 4843 1619 4918; baseline -0.001 -20"><span class='ocrx_word' id='word_1_400' title='bbox 256 4867 327 4900; x_wconf 84' lang='lat' dir='ltr'><strong>nuru.</strong></span> <span class='ocrx_word' id='word_1_401' title='bbox 341 4851 411 4918; x_wconf 81' lang='lat' dir='ltr'><strong>sing.</strong></span> <span class='ocrx_word' id='word_1_402' title='bbox 429 4851 538 4900; x_wconf 82' lang='lat' dir='ltr'><strong>inserit:</strong></span> <span class='ocrx_word' id='word_1_403' title='bbox 556 4844 714 4900; x_wconf 84' lang='lat' dir='ltr'><strong>Declinstio</strong></span> <span class='ocrx_word' id='word_1_404' title='bbox 734 4843 905 4916; x_wconf 84' lang='lat' dir='ltr'><strong>glossematis</strong></span> <span class='ocrx_word' id='word_1_405' title='bbox 924 4845 1031 4916; x_wconf 90' lang='lat' dir='ltr'><strong>generis</strong></span> <span class='ocrx_word' id='word_1_406' title='bbox 1049 4846 1149 4899; x_wconf 87' lang='lat' dir='ltr'><strong>neutri.</strong></span> <span class='ocrx_word' id='word_1_407' title='bbox 1171 4845 1206 4914; x_wconf 75' lang='grc'><strong>44)</strong></span> <span class='ocrx_word' id='word_1_408' title='bbox 1227 4859 1290 4896; x_wconf 85' lang='lat' dir='ltr'><strong>essu</strong></span> <span class='ocrx_word' id='word_1_409' title='bbox 1311 4843 1347 4898; x_wconf 94' lang='lat' dir='ltr'><strong>V.</strong></span> <span class='ocrx_word' id='word_1_410' title='bbox 1366 4844 1402 4895; x_wconf 90' lang='lat' dir='ltr'><strong>A.</strong></span> <span class='ocrx_word' id='word_1_411' title='bbox 1421 4865 1458 4892; x_wconf 88' lang='lat'>=</span> <span class='ocrx_word' id='word_1_412' title='bbox 1474 4844 1507 4897; x_wconf 88' lang='lat' dir='ltr'><strong>B.</strong></span> <span class='ocrx_word' id='word_1_413' title='bbox 1528 4843 1564 4914; x_wconf 90' lang='grc'><strong>44)</strong></span> <span class='ocrx_word' id='word_1_414' title='bbox 1575 4861 1619 4896; x_wconf 85' lang='lat' dir='ltr'><strong>cs·</strong></span> 
     </span>
     <span class='ocr_line' id='line_1_44' title="bbox 253 4929 1619 5005; baseline -0.003 -17"><span class='ocrx_word' id='word_1_415' title='bbox 253 4951 298 4988; x_wconf 85' lang='lat' dir='ltr'><strong>sus</strong></span> <span class='ocrx_word' id='word_1_416' title='bbox 316 4937 348 4989; x_wconf 89' lang='lat' dir='ltr'><strong>B.</strong></span> <span class='ocrx_word' id='word_1_417' title='bbox 368 4936 555 4988; x_wconf 87' lang='lat' dir='ltr'><strong>A.-cssuus</strong></span> <span class='ocrx_word' id='word_1_418' title='bbox 576 4935 614 4990; x_wconf 93' lang='lat' dir='ltr'><strong>V.</strong></span> <span class='ocrx_word' id='word_1_419' title='bbox 631 4935 666 5005; x_wconf 78' lang='grc'><strong>44)</strong></span> <span class='ocrx_word' id='word_1_420' title='bbox 686 4950 781 5005; x_wconf 77' lang='lat' dir='ltr'><strong>graecu</strong></span> <span class='ocrx_word' id='word_1_421' title='bbox 801 4935 836 4989; x_wconf 93' lang='lat' dir='ltr'><strong>V.</strong></span> <span class='ocrx_word' id='word_1_422' title='bbox 856 4935 892 4987; x_wconf 91' lang='lat' dir='ltr'><strong>A.</strong></span> <span class='ocrx_word' id='word_1_423' title='bbox 911 4949 1034 5005; x_wconf 85' lang='lat' dir='ltr'><strong>-greea</strong></span> <span class='ocrx_word' id='word_1_424' title='bbox 1053 4934 1086 4986; x_wconf 89' lang='lat' dir='ltr'><strong>B.</strong></span> <span class='ocrx_word' id='word_1_425' title='bbox 1107 4931 1253 5005; x_wconf 66' lang='lat' dir='ltr'><strong>tussam·</strong></span> <span class='ocrx_word' id='word_1_426' title='bbox 1272 4932 1304 4985; x_wconf 87' lang='lat' dir='ltr'><strong>B.</strong></span> <span class='ocrx_word' id='word_1_427' title='bbox 1326 4931 1361 4987; x_wconf 91' lang='lat' dir='ltr'><strong>V.</strong></span> <span class='ocrx_word' id='word_1_428' title='bbox 1380 4932 1418 4985; x_wconf 79' lang='lat' dir='ltr'><strong>A.</strong></span> <span class='ocrx_word' id='word_1_429' title='bbox 1436 4961 1472 4976; x_wconf 84' lang='lat'><strong>-·</strong></span> <span class='ocrx_word' id='word_1_430' title='bbox 1490 4929 1619 5003; x_wconf 86' lang='lat' dir='ltr'><strong>glossisns</strong></span> 
     </span>
     <span class='ocr_line' id='line_1_45' title="bbox 252 5017 1618 5096; baseline -0.004 -20"><span class='ocrx_word' id='word_1_431' title='bbox 252 5023 281 5076; x_wconf 87' lang='lat' dir='ltr'><strong>P.</strong></span> <span class='ocrx_word' id='word_1_432' title='bbox 300 5053 335 5065; x_wconf 97' lang='lat'>-</span> <span class='ocrx_word' id='word_1_433' title='bbox 354 5024 455 5096; x_wconf 75' lang='lat' dir='ltr'><strong>Utique</strong></span> <span class='ocrx_word' id='word_1_434' title='bbox 471 5025 597 5096; x_wconf 82' lang='lat' dir='ltr'><strong>intelligit</strong></span> <span class='ocrx_word' id='word_1_435' title='bbox 616 5022 718 5094; x_wconf 77' lang='lat' dir='ltr'><strong>Signis,</strong></span> <span class='ocrx_word' id='word_1_436' title='bbox 736 5023 812 5094; x_wconf 83' lang='lat' dir='ltr'><strong>quod</strong></span> <span class='ocrx_word' id='word_1_437' title='bbox 830 5023 872 5077; x_wconf 81' lang='lat' dir='ltr'><strong>ct.</strong></span> <span class='ocrx_word' id='word_1_438' title='bbox 888 5025 950 5076; x_wconf 76' lang='lat' dir='ltr'><strong>Mat</strong></span> <span class='ocrx_word' id='word_1_439' title='bbox 967 5027 1049 5076; x_wconf 84' lang='lat' dir='ltr'><strong>etiem</strong></span> <span class='ocrx_word' id='word_1_440' title='bbox 1072 5025 1101 5076; x_wconf 83' lang='lat' dir='ltr'><strong>in</strong></span> <span class='ocrx_word' id='word_1_441' title='bbox 1117 5033 1194 5076; x_wconf 73' lang='lat' dir='ltr'><strong>textu</strong></span> <span class='ocrx_word' id='word_1_442' title='bbox 1208 5020 1321 5073; x_wconf 76' lang='lat' dir='ltr'><strong>exbibet·</strong></span> <span class='ocrx_word' id='word_1_443' title='bbox 1352 5021 1398 5091; x_wconf 74' lang='grc'><strong>47)</strong></span> <span class='ocrx_word' id='word_1_444' title='bbox 1412 5025 1507 5090; x_wconf 78' lang='lat' dir='ltr'><strong>spicis</strong></span> <span class='ocrx_word' id='word_1_445' title='bbox 1526 5020 1562 5075; x_wconf 91' lang='lat' dir='ltr'><strong>V.</strong></span> <span class='ocrx_word' id='word_1_446' title='bbox 1582 5017 1618 5073; x_wconf 85' lang='lat' dir='ltr'><strong>A.</strong></span> 
     </span>
     <span class='ocr_line' id='line_1_46' title="bbox 254 5108 1618 5183; baseline 0.001 -21"><span class='ocrx_word' id='word_1_447' title='bbox 254 5141 287 5152; x_wconf 88' lang='lat'>-</span> <span class='ocrx_word' id='word_1_448' title='bbox 305 5119 399 5183; x_wconf 76' lang='lat' dir='ltr'><strong>uptote</strong></span> <span class='ocrx_word' id='word_1_449' title='bbox 417 5113 450 5165; x_wconf 90' lang='lat' dir='ltr'><strong>B.</strong></span> <span class='ocrx_word' id='word_1_450' title='bbox 467 5115 614 5165; x_wconf 78' lang='lat' dir='ltr'><strong>itaetmox</strong></span> <span class='ocrx_word' id='word_1_451' title='bbox 633 5113 715 5176; x_wconf 81' lang='lat' dir='ltr'><strong>inl‘re.</strong></span> <span class='ocrx_word' id='word_1_452' title='bbox 745 5111 781 5178; x_wconf 80' lang='lat'><strong>⁴⁸)</strong></span> <span class='ocrx_word' id='word_1_453' title='bbox 810 5109 964 5164; x_wconf 86' lang='lat' dir='ltr'><strong>declinetur</strong></span> <span class='ocrx_word' id='word_1_454' title='bbox 987 5113 1018 5164; x_wconf 85' lang='lat' dir='ltr'><strong>B.</strong></span> <span class='ocrx_word' id='word_1_455' title='bbox 1043 5141 1079 5154; x_wconf 92' lang='lat'><em>-</em></span> <span class='ocrx_word' id='word_1_456' title='bbox 1105 5108 1259 5164; x_wconf 86' lang='lat' dir='ltr'><strong>declinetur</strong></span> <span class='ocrx_word' id='word_1_457' title='bbox 1277 5109 1312 5164; x_wconf 89' lang='lat' dir='ltr'><strong>V.</strong></span> <span class='ocrx_word' id='word_1_458' title='bbox 1330 5111 1367 5164; x_wconf 85' lang='lat' dir='ltr'><strong>A.</strong></span> <span class='ocrx_word' id='word_1_459' title='bbox 1394 5109 1432 5182; x_wconf 75' lang='lat'><strong>⁴⁹)</strong></span> <span class='ocrx_word' id='word_1_460' title='bbox 1453 5110 1563 5164; x_wconf 76' lang='lat' dir='ltr'><strong>nornine</strong></span> <span class='ocrx_word' id='word_1_461' title='bbox 1583 5109 1618 5164; x_wconf 92' lang='lat' dir='ltr'><strong>V.</strong></span> 
     </span>
     <span class='ocr_line' id='line_1_47' title="bbox 253 5195 1462 5273; baseline -0.002 -17"><span class='ocrx_word' id='word_1_462' title='bbox 253 5200 285 5256; x_wconf 85' lang='lat' dir='ltr'><strong>A.</strong></span> <span class='ocrx_word' id='word_1_463' title='bbox 305 5200 336 5256; x_wconf 89' lang='lat' dir='ltr'><strong>B.</strong></span> <span class='ocrx_word' id='word_1_464' title='bbox 358 5217 451 5256; x_wconf 76' lang='lat' dir='ltr'><strong>esem.</strong></span> <span class='ocrx_word' id='word_1_465' title='bbox 465 5220 507 5272; x_wconf 82' lang='lat' dir='ltr'><strong>pr.</strong></span> <span class='ocrx_word' id='word_1_466' title='bbox 519 5218 555 5256; x_wconf 85' lang='lat' dir='ltr'><strong>or.</strong></span> <span class='ocrx_word' id='word_1_467' title='bbox 576 5229 609 5248; x_wconf 90' lang='lat'><strong>-·</strong></span> <span class='ocrx_word' id='word_1_468' title='bbox 629 5199 719 5254; x_wconf 84' lang='lat' dir='ltr'><strong>omnia</strong></span> <span class='ocrx_word' id='word_1_469' title='bbox 741 5201 772 5256; x_wconf 87' lang='lat' dir='ltr'><strong>B.</strong></span> <span class='ocrx_word' id='word_1_470' title='bbox 790 5219 808 5255; x_wconf 85' lang='lat' dir='ltr'><strong>s</strong></span> <span class='ocrx_word' id='word_1_471' title='bbox 823 5219 864 5273; x_wconf 80' lang='lat' dir='ltr'><strong>pr.</strong></span> <span class='ocrx_word' id='word_1_472' title='bbox 879 5219 915 5256; x_wconf 90' lang='lat' dir='ltr'><strong>m.</strong></span> <span class='ocrx_word' id='word_1_473' title='bbox 936 5200 972 5272; x_wconf 82' lang='lat'><strong>⁵⁰)</strong></span> <span class='ocrx_word' id='word_1_474' title='bbox 992 5199 1045 5256; x_wconf 84' lang='lat' dir='ltr'><strong>ient</strong></span> <span class='ocrx_word' id='word_1_475' title='bbox 1063 5201 1096 5259; x_wconf 84' lang='grc' dir='ltr'><strong>Β.</strong></span> <span class='ocrx_word' id='word_1_476' title='bbox 1108 5199 1143 5258; x_wconf 92' lang='lat' dir='ltr'><strong>V.</strong></span> <span class='ocrx_word' id='word_1_477' title='bbox 1159 5199 1235 5257; x_wconf 85' lang='lat' dir='ltr'><strong>P·-</strong></span> <span class='ocrx_word' id='word_1_478' title='bbox 1253 5198 1306 5254; x_wconf 82' lang='lat' dir='ltr'><strong>isus</strong></span> <span class='ocrx_word' id='word_1_479' title='bbox 1325 5195 1409 5254; x_wconf 81' lang='lat' dir='ltr'><strong>uodo</strong></span> <span class='ocrx_word' id='word_1_480' title='bbox 1428 5197 1462 5254; x_wconf 80' lang='lat' dir='ltr'><strong>A.</strong></span> 
     </span>
    </p>
   </div>
   <div class='ocr_carea' id='block_1_6' title="bbox 0 0 2045 6068">
    <p class='ocr_par' dir='ltr' id='par_1_14' title="bbox 0 0 2045 6068">
     <span class='ocr_line' id='line_1_48' title="bbox 0 0 2045 6068; baseline 0 0"><span class='ocrx_word' id='word_1_481' title='bbox 0 0 2045 6068; x_wconf 95' lang='lat' dir='ltr'><strong> </strong></span> 
     </span>
    </p>
   </div>
  </div>
 </body>
</html>
