4032 6070
589 505 908 562 Pnoosasss
944 503 1144 560 sitnon.
1533 506 1604 574 203

149 657 259 744 polaris
287 655 339 720 ·A·
367 653 483 722 littera
511 654 742 718 terminantur
769 668 804 718 et
823 647 866 737 ³¹)
896 654 1111 718 nominativo
1144 672 1225 722 casu
1252 651 1390 718 numeri
1415 651 1601 736 singularis

149 762 190 826 ·A·
209 760 318 824 littera
344 768 425 842 post
455 769 705 822 consonantem
736 757 962 836 definiuntur,
995 757 1040 822 ad
1062 757 1262 844 exemplum
1294 753 1514 820 Catilinae
1537 774 1601 842 pes

150 881 251 928 omnes
275 879 373 924 casus
395 858 622 923 declinantur.
1106 913 1108 918 ,

222 963 291 1028 176.
314 962 417 1026 Nunc
439 962 508 1025 hoc
535 981 718 1026 monemus
749 963 786 1026 in
809 964 874 1026 hac
897 961 1007 1026 iorma
1029 963 1166 1047 generis
1188 959 1390 1036 masculini,
1418 979 1487 1046 qua
1509 958 1601 1023 dixi·

148 1085 210 1128 mus
233 1063 386 1128 ablativo
415 1083 498 1126 casu
518 1054 561 1145 3’)
589 1067 725 1130 numeri
753 1064 938 1148 singularis
969 1064 1019 1129 ·Λ·
1049 1064 1164 1128 littera
1194 1064 1337 1128 nomina
1365 1062 1544 1126 terminari
1568 1075 1603 1124 et

57 1191 58 1196 ¹
148 1166 345 1230 nominativo
369 1183 451 1228 casn
473 1165 609 1229 numeri
640 1166 824 1250 singularis
854 1165 904 1228 Ἀ·
931 1165 1046 1230 littera
1068 1178 1148 1253 post
1176 1178 1425 1230 consonantem
1449 1163 1604 1236 deliniri.

149 1267 228 1353 qnod
248 1286 295 1330 ex
317 1285 357 1330 ea
378 1264 464 1352 plus*
480 1288 585 1352 quam
609 1267 750 1332 ducenti
772 1270 990 1355 septuaginta
1013 1282 1081 1333 tres
1105 1268 1207 1346 soni.
1227 1271 1303 1332 hoc·
1318 1279 1397 1346 cst‚.
1411 1287 1514 1352 quam
1538 1264 1602 1329 du-

150 1383 232 1434 centa
254 1370 475 1454 septuaginta
496 1370 563 1434 tria
584 1369 728 1432 nonsina
748 1391 821 1435 non
843 1373 978 1458 possint
1000 1369 1158 1434 exhiberi
1174 1365 1226 1452 ³³).

218 1472 272 1536 De
296 1471 407 1536 iorma
428 1472 566 1556 generis
590 1471 783 1550 masculini,
808 1494 876 1564 qua
898 1473 1049 1538 ablativo
1073 1494 1156 1538 casu
1172 1473 1309 1536 numeri
1331 1471 1516 1556 singularis
1538 1490 1604 1533 uo·

148 1577 232 1640 mina'
248 1573 300 1638 ul·
323 1572 439 1638 littera
460 1575 690 1638 terminantur
712 1587 746 1638 et
767 1577 984 1640 nominativo
1009 1596 1091 1640 casn
1113 1576 1249 1639 numeri
1272 1575 1457 1658 singularis
1481 1573 1530 1636 Ἀ·
1545 1573 1604 1636 lit-

148 1690 208 1742 tera
219 1689 298 1763 post
312 1688 561 1740 consonantem
580 1675 801 1754 definiuntur,
826 1691 993 1764 quantum
1008 1679 1096 1742 ratio
1109 1677 1286 1763 poscebat,
1311 1676 1533 1741 tractavimus
1552 1665 1602 1756 3l),

222 1784 292 1846 lii.
318 1777 383 1842 DE
405 1777 484 1842 ·lA·.
519 1777 768 1864 Quaecumque
795 1783 939 1845 nomina
967 1781 1107 1864 generis
1134 1779 1317 1844 masculini
1347 1777 1499 1842 ablativo
1523 1795 1603 1840 casu

147 1881 268 1944 numeri
284 1873 327 1963 ³⁵)
350 1879 533 1964 singularis
557 1880 607 1942 ·Α·
630 1880 745 1944 littera
761 1875 802 1963 ³⁶)
827 1883 1067 1959 terminantur,
1092 1896 1125 1947 es
1147 1882 1364 1948 nominativo
1389 1873 1524 1962 casu³7)
1539 1899 1603 1941 nu·

145 1983 216 2046 nseri
245 1982 431 2067 singularis
452 1975 495 2065 ³⁸)
526 1981 594 2044 ἸΑ·
618 1984 742 2048 litteris
774 1985 998 2060 deliniuntur,
1027 1997 1065 2049 ut
1087 1997 1172 2071 puta
1194 1978 1256 2069 Ξ9)ι
1279 1984 1434 2048 abhoc
1457 1980 1608 2056 Sosia...

149 2085 205 2148 lio
226 2084 369 2160 Sosia,
392 2086 479 2148 haec
501 2085 545 2148 ad
567 2087 635 2148 hoc
658 2086 858 2172 exemplum
882 2087 1115 2150 declinantur:

217 2186 363 2251 Numeri
386 2186 570 2270 singularis
592 2178 655 2270 ⁴⁰)s
681 2189 751 2251 hic
780 2187 918 2266 Sosia,
948 2189 1074 2252 huius
1102 2187 1268 2263 Sosiae,
1301 2187 1414 2250 isuiTc·
1434 2183 1602 2258 Sosiae,

147 2289 244 2352 hunc
276 2287 458 2364 Sosiam,
488 2309 513 2352 o.
541 2287 677 2364 Sosia,
707 2287 755 2352 ab
785 2291 863 2354 hoc
893 2290 1024 2354 Sosia.
1055 2289 1201 2353 Numeri
1223 2279 1507 2375 pluralis-⁴¹):lsi
1531 2284 1604 2354 S‘or
1700 2329 1702 2335 ι

146 2390 236 2466 siae,
267 2393 418 2453 horum
448 2391 683 2468 Sosianum,
712 2391 778 2454 his
810 2391 969 2471 Sosiis,
1000 2393 1074 2454 isos
1106 2390 1271 2468 Sosiae,
1302 2409 1324 2454 o
1353 2389 1522 2465 Sosiae,
1553 2385 1606 2450 ab

147 2492 201 2554 his
222 2489 371 2556 Sosiis.

219 2593 277 2660 Sic
300 2607 335 2658 et
356 2593 426 2659 alia
445 2593 584 2678 generis
606 2594 789 2658 masculini
811 2595 973 2672 nomina,
996 2616 1086 2680 quae
1103 2593 1255 2658 alilativo
1278 2613 1360 2656 casu
1381 2591 1517 2654 numeri
1534 2591 1605 2652 sin-

146 2696 260 2778 gularis
290 2696 342 2761 ·Λ·
372 2697 487 2760 littera
516 2697 746 2758 terminantur
766 2687 829 2780 ⁴¹),
860 2710 893 2761 et
915 2697 1131 2762 nominativo
1156 2715 1237 2760 casu
1258 2693 1397 2758 numeri
1419 2692 1605 2777 singularis

147 2797 208 2860 lli·
224 2799 371 2876 littoris..
395 2817 469 2862 non
500 2797 569 2861 ·1A·
600 2797 730 2880 syllaba
758 2797 973 2864 deliniuntur
990 2789 1052 2884 ⁴³),
1075 2819 1139 2886 per
1159 2785 1344 2878 ¹omuesll)
1376 2815 1474 2860 casus
1496 2794 1605 2858 deeli-

147 2913 275 2966 tmllur.
936 2911 941 2922 '

221 3006 290 3068 sto.
310 3001 414 3066 Nunc
436 3002 474 3065 iu
495 3003 561 3064 isac
584 3001 781 3085 supradicta
805 3001 916 3066 iorma
938 3004 1008 3068 hoc
1024 2993 1062 3084 ¹⁵)
1087 3021 1280 3078 monemus,
1303 2999 1398 3084 quod
1414 3017 1604 3086 quaeomn-

27 3139 28 3148 κ
146 3121 205 3186 que
224 3105 366 3168 nomina
380 3103 519 3188 generis
536 3103 670 3166 scilicet
687 3105 868 3167 masculini
889 3102 1191 3189 unumquemlibet
1206 3123 1321 3167 casum
1339 3103 1382 3166 ad
1398 3102 1543 3165 formam
1559 3091 1605 3182 46)

147 3201 285 3270 Sosiae
303 3205 416 3270 iaccrc
439 3203 682 3280 inveniuntur,
709 3206 795 3269 haec
818 3206 934 3269 dativo
958 3219 992 3270 et
1021 3203 1173 3268 ablativo
1198 3225 1279 3270 casu
1300 3204 1437 3266 numeri
1459 3201 1606 3289 pluralis

147 3319 215 3369 ante
229 3301 270 3389 ⁴⁷)
292 3307 450 3370 ultimam
476 3297 725 3370 consonantem
749 3327 813 3392 per
834 3308 918 3370 duas
942 3299 1041 3390 ·1·*‘·⁸)
1064 3307 1196 3370 litteras
1218 3306 1427 3370 scribuntur.

222 3413 296 3476 liii.
312 3409 417 3476 Nunc
438 3410 476 3472 in
497 3411 562 3472 isac
585 3407 782 3493 supradicta
798 3397 838 3490 ²⁰)
862 3409 972 3473 iorma
988 3409 1166 3494 quaeritur
1188 3407 1313 3491 quade
1337 3427 1439 3470 causa
1460 3407 1605 3472 uomina

183 3763 220 3832 '')
243 3771 271 3814 st
288 3765 320 3817 Β.
339 3766 376 3819 A.
397 3782 463 3815 —s
483 3763 521 3818 V.
548 3765 592 3835 ³¹).
605 3761 723 3817 ablativo
751 3781 816 3816 csso
834 3765 866 3817 B.
887 3763 923 3818 V.
943 3795 977 3806 -
1002 3761 1150 3818 abistivem
1174 3781 1268 3814 osseus
1285 3763 1377 3849 1.,-
1393 3757 1506 3814 ablitiri
1524 3775 1605 3810 ossus

242 3852 273 3902 Ρ.
292 3853 330 3922 ⁸¹)
350 3851 449 3906 Totum
466 3851 538 3906 sen·
555 3855 646 3904 losum
665 3851 713 3906 Sic
731 3860 760 3905 et
777 3850 829 3904 slis
848 3891 854 3906 .
875 3889 882 3903 .
902 3886 910 3904 .
931 3890 937 3904 .
962 3867 1019 3904 nost
1037 3851 1148 3922 possint
1166 3848 1290 3904 eslsibssi
1307 3855 1348 3904 ita
1366 3851 1504 3902 nouauit
1520 3847 1605 3902 utra-

247 3942 302 3990 risss
318 3939 362 3992 B.-
380 3939 430 4001 „si
449 3942 498 4007 (sic
510 3959 562 4008 pro
581 3941 635 4010 sic)
655 3947 683 3992 et
701 3937 753 3991 slis
771 3939 880 3991 nomios
902 3937 1195 4010 supradiotselcsussc,
1215 3957 1285 4010 quoe
1299 3937 1466 3990 nominetiro
1486 3942 1515 3987 ot
1529 3931 1604 3986 ubla-

244 4025 299 4078 tiso
318 4043 384 4078 casu
402 4034 468 4096 post
477 4036 674 4080 consonantem
693 4029 733 4078 ul’·
750 4025 841 4080 litters
856 4030 1046 4090 terminantur,
1063 4024 1102 4077 ssi
1117 4023 1424 4098 exemplum-*Catilinae
1441 4041 1499 4095 por·
1510 4037 1605 4075 omnes

244 4129 321 4164 suus
341 4111 523 4168 declinantur.
543 4114 604 4166 Hoc
622 4131 764 4167 monemus
783 4113 858 4188 quod
876 4117 904 4168 in
924 4133 955 4167 ac
974 4115 1026 4185 (sic
1042 4133 1094 4184 pro
1112 4111 1176 4184 huo)
1195 4113 1282 4164 forma
1295 4111 1359 4183 pins
1367 4129 1447 4184 quem
1461 4109 1607 4164 ccxxlss

245 4199 313 4263 soni,
331 4198 385 4252 lsoc
405 4209 448 4252 est
466 4201 527 4253 CC¹
547 4210 575 4253 et
593 4201 699 4254 xxm·
717 4203 829 4256 nomino
846 4219 902 4256 non
919 4203 1030 4274 possint
1048 4197 1198 4253 enisiberi.“
1227 4201 1265 4269 ³⁴)
1286 4200 1330 4252 De
1348 4199 1435 4250 forms
1450 4229 1487 4242 -
1506 4204 1605 4250 tracis-

243 4285 328 4340 siursrs
348 4289 383 4342 V.
394 4289 424 4340 P.
445 4291 536 4342 Locus
554 4295 582 4342 in
601 4290 625 4343 B
644 4303 670 4342 rt
689 4289 725 4344 A.
745 4295 774 4344 iss
791 4291 863 4344 leuno
881 4292 992 4343 modum
1009 4302 1181 4344 contractus:
1200 4287 1263 4351 „De
1278 4287 1363 4339 ferma
1382 4287 1605 4357 generismsscu-

244 4371 292 4426 liui
317 4393 371 4447 qua
396 4377 477 4447 (quse
502 4377 553 4449 A.)
577 4378 745 4432 nominativo
771 4386 799 4430 et
826 4379 894 4448 (duc
920 4377 989 4430 haee
1007 4379 1088 4430 verba
1106 4399 1142 4427 -..-
1161 4377 1209 4447 A.)
1237 4373 1358 4428 sblstiso
1377 4391 1443 4425 csso
1460 4369 1606 4441 singularis

244 4464 346 4514 nemesi
366 4463 485 4533 (numeri
502 4461 649 4533 singularis
667 4465 718 4535 A.)
745 4468 786 4516 ·Α·
805 4463 898 4517 litters
916 4475 982 4536 post
1001 4461 1394 4524 consonantemdesmiuntur,
1413 4465 1543 4532 quanmm
1563 4473 1605 4508 rs-

244 4549 281 4600 tio
299 4547 442 4622 poscebat,
461 4552 664 4605 tenuissimum
691 4553 727 4623 ³⁵)
751 4553 857 4604 numeri
885 4553 922 4607 V.
941 4550 977 4605 A.
996 4581 1031 4592 -
1049 4551 1154 4602 nometi
1179 4551 1212 4603 B.
1240 4551 1279 4620 ³⁸)
1301 4541 1343 4600 ·Α·’
1359 4546 1451 4600 litters
1470 4545 1502 4598 Β.
1516 4543 1551 4597 V.
1570 4572 1604 4580 -

247 4635 297 4688 ll·
315 4636 417 4690 littoris
435 4639 470 4692 A.
498 4643 533 4707 ³7)
554 4639 720 4692 nominativo
740 4657 805 4692 casn
823 4643 855 4695 Β.
871 4641 907 4695 V.
927 4641 957 4693 Ρ.
982 4669 1018 4681 -
1042 4637 1239 4689 nominativum
1263 4651 1356 4688 ossum
1379 4633 1416 4686 A.
1443 4633 1488 4704 ⁸⁸)
1500 4628 1608 4681 numeri
1674 4641 1678 4654 ⁸

245 4723 386 4796 singularis
407 4727 436 4778 B.
459 4725 520 4797 (ant
542 4732 636 4780 vitiose
659 4727 785 4797 muneri)
806 4729 842 4782 V.
862 4759 896 4768 -·
916 4724 1062 4796 singulam
1081 4723 1186 4776 numeri
1204 4723 1241 4777 As
1269 4724 1357 4793 ⁸⁹)›ut
1374 4727 1440 4790 puta
1461 4717 1495 4771 V.
1514 4717 1550 4770 A.
1571 4746 1606 4756 -

246 4822 356 4886 utpote
374 4815 408 4868 B.
427 4817 462 4884 ⁴⁰)
481 4815 589 4868 numeri
607 4814 753 4886 singularis
771 4818 803 4870 B.
822 4847 856 4859 -
875 4791 987 4866 numero
1006 4810 1137 4882 singulsri
1158 4811 1192 4863 V.
1208 4810 1243 4862 A.
1265 4808 1302 4879 ⁴¹)
1321 4805 1427 4858 numeri
1446 4801 1560 4876 pluralis
1573 4803 1604 4856 Β.

246 4931 280 4943 -
294 4917 408 4954 nurnero
426 4899 529 4972 plursli
546 4903 584 4957 V.
602 4902 637 4958 A.
657 4905 694 4975 ⁴¹)
714 4905 745 4956 ·Δ
772 4901 867 4956 litters
884 4901 1064 4954 terminantur
1081 4901 1112 4953 Β.
1133 4929 1167 4938 -
1187 4896 1242 4948 ·iA·
1260 4893 1362 4947 litteris
1381 4889 1553 4946 deliniuntur
1568 4891 1594 4946 V
1596 4891 1604 4942 ⁴.

246 4989 280 5042 A.
299 4990 335 5060 ⁴¹)
356 4987 526 5042 deliniuntur
542 5021 577 5031 —
595 4989 689 5043 linitur
706 4993 738 5045 B.
762 5021 790 5032 -
813 4990 992 5042 termiususur
1011 4989 1048 5046 V.
1067 4987 1104 5041 A.
1130 4987 1165 5056 ⁴⁴)
1185 4975 1281 5037 os'unes
1300 4984 1331 5036 V
1329 5021 1335 5035 .
1351 4982 1388 5035 A·
1412 4980 1555 5034 -omnis
1575 4980 1607 5032 B·

248 5077 281 5149 ⁴⁵)
299 5075 353 5131 irco
373 5078 405 5132 Β.
425 5111 459 5119 «-
477 5075 544 5130 lssco
564 5078 599 5133 V.
618 5079 652 5132 V.
680 5079 714 5150 ιθ)
734 5079 847 5130 lormssn
867 5079 901 5131 V.
916 5076 954 5131 A.
972 5105 1008 5118 -·
1024 5075 1111 5128 iorusa
1130 5073 1161 5130 Β.
1187 5071 1224 5142 ⁴⁷)
1243 5079 1305 5124 ante
1332 5071 1367 5126 V.
1384 5069 1420 5124 A.
1439 5101 1473 5112 -
1491 5076 1557 5141 posi
1576 5068 1608 5120 B.

245 5167 279 5238 ⁴⁸)
299 5166 330 5220 ·l·
352 5167 387 5221 V.
399 5169 434 5222 A.
453 5197 490 5210 -
509 5167 554 5218 ·ll·
574 5169 605 5226 Β
617 5171 657 5222 ita
670 5179 697 5222 st
711 5185 774 5220 mox
790 5170 875 5236 s'ssfisss
895 5165 939 5239 ⁴⁹)
956 5161 1113 5236 supradicit
1133 5163 1164 5218 V
1163 5201 1168 5214 .
1183 5162 1214 5216 P.
1233 5182 1269 5214 =
1287 5159 1318 5214 Β.
1382 5187 1383 5192 ’
