4032 6070
465 489 533 566 m
924 483 1477 547 rnorrtnsnruon.

468 655 552 702 nere
583 633 753 704 feminino
781 637 939 704 anomale
965 634 1151 712 declinari,
1182 634 1238 700 rel
1267 634 1304 698 in
1333 619 1460 698 neutro
1486 651 1551 720 pro
1577 632 1754 697 locutione
1778 649 1918 718 pronun·

359 759 420 808 r...
436 740 564 818 s.tisri;
586 739 678 806 *hoc
702 761 892 818 monemus,
916 739 1011 824 quod
1023 737 1221 825 plusquam
1236 756 1344 801 unum
1368 755 1505 814 sonum,
1529 735 1595 799 boc
1617 749 1677 812 est,
1701 756 1807 824 quarn
1826 755 1921 799 unum

372 815 442 868 ‘⁰¹⁴'
468 861 598 908 nomeu
619 863 690 908 nort
714 843 822 930 possit
837 835 879 924 ⁸¹¹)
903 840 1072 907 exhiberi.
1592 825 1597 834 ’
1990 919 1991 922 ¹

553 947 625 1014 too.
651 944 736 1009 ltein
761 946 795 1007 in
818 946 885 1008 hoc
908 943 1142 1030 suprascripto
1164 945 1208 1026 ⁰⁰)
1235 962 1363 1026 genere
1391 959 1634 1026 quaecumque
1655 941 1797 1004 nomina
1817 939 1927 1000 nomi-

467 1049 585 1114 nativo
607 1065 687 1111 casn
716 1047 851 1109 numeri
874 1045 1057 1132 singularis
1087 1046 1140 1109 his
1163 1045 1296 1110 duabus
1319 1044 1439 1108 lormis
1467 1043 1695 1119 deliniuntur,
1725 1042 1761 1105 id
1793 1053 1847 1104 est
1877 1041 1925 1102 vi-

468 1163 563 1214 ctor
597 1160 631 1213 et
658 1149 701 1229 91)
737 1159 897 1211 tonsor
932 1161 966 1212 et
998 1161 1112 1212 cetera
1148 1147 1246 1224 talia,
1276 1150 1362 1212 haec
1383 1149 1448 1230 θ’),
1476 1148 1506 1211 si
1534 1167 1581 1211 ex
1593 1167 1655 1210 sua
1676 1145 1792 1231 speeie
1815 1143 1853 1205 in
1872 1163 1923 1226 ge-

465 1271 550 1315 nera
581 1249 745 1312 feminina
772 1260 950 1315 transeunt
971 1245 1033 1334 θ’),
1062 1252 1148 1314 haee
1175 1249 1295 1314 eadem
1325 1251 1469 1314 nomina
1488 1243 1533 1334 ⁹³)
1558 1251 1593 1313 in
1617 1268 1744 1334 genere
1768 1244 1923 1309 lemiuiuo

465 1353 515 1417 sio
548 1351 706 1416 anomale
736 1351 949 1431 efficiuntur,
980 1365 1018 1417 ut
1046 1364 1144 1440 puta:
1175 1353 1243 1416 bic
1267 1345 1312 1436 ⁹⁵)
1341 1355 1498 1429 victor,
1529 1355 1633 1416 haec
1662 1349 1844 1422 victrix;
1865 1347 1924 1408 hic

465 1469 632 1530 tonsor,
663 1455 767 1518 hace
795 1457 996 1530 tonstrix3
1026 1456 1055 1518 si
1078 1475 1160 1518 vero
1183 1457 1268 1519 haec
1292 1455 1412 1519 eadem
1436 1456 1579 1518 uomina
1603 1455 1639 1516 in
1661 1471 1791 1536 genera
1813 1463 1923 1511 neutra

465 1567 642 1621 transeunt
657 1548 716 1638 Ψ),
741 1557 777 1620 in
791 1561 836 1640 ⁹7)
859 1557 981 1621 eodem
1005 1577 1132 1641 genere
1154 1571 1279 1621 neutro
1301 1559 1439 1621 numeri
1463 1555 1647 1640 singularis
1669 1575 1735 1639 pro
1758 1553 1923 1617 locutione

463 1657 750 1746 pronuntiantur,
779 1672 818 1722 ut
847 1672 949 1746 puta:
982 1661 1059 1723 hoo
1082 1660 1339 1744 mancipium
1370 1660 1517 1725 victor
1539 1658 1593 1722 vel
1616 1671 1771 1721 tonsor
1792 1647 1922 1734 est⁹⁸);

464 1773 603 1828 atvero
626 1761 663 1825 in
692 1781 839 1825 numero
868 1759 995 1847 plurali
1025 1761 1214 1825 secundum
1238 1780 1346 1846 genus
1375 1774 1536 1825 neutrum
1560 1759 1620 1822 sed
1643 1757 1803 1823 anomale
1827 1755 1925 1821 decli-

462 1874 590 1926 nantur
612 1865 673 1946 ⁹⁹),
704 1879 743 1927 ut
771 1877 873 1950 puta:
903 1865 1003 1928 haec
1031 1863 1237 1930 victricia
1266 1864 1485 1950 mancipia
1516 1862 1675 1927 ethaeo
1699 1859 1925 1926 tonstricia

463 1966 690 2052 mancipia.

357 2105 384 2154 v,
401 2105 452 2152 ,ὦ
547 2068 621 2136 269.
645 2067 748 2132 Nune
771 2087 814 2132 ex
837 2068 890 2131 his
913 2069 1157 2155 suprascriptis
1175 2069 1296 2133 formis
1310 2067 1436 2154 quibus
1453 2069 1604 2132 diximus
1617 2068 1835 2132 nominativo
1852 2083 1927 2130 casu

463 2171 599 2234 numeri
625 2175 678 2252 ¹⁰⁰)
708 2171 891 2254 singularis
920 2171 1063 2234 nomina
1094 2171 1217 2236 ·'1‘01t·
1248 2171 1303 2236 vel
1333 2169 1449 2236 ·SOR·
1473 2169 1612 2252 syllabis
1632 2173 1657 2252 ¹)
1681 2170 1817 2234 deliniri
1839 2180 1872 2232 et
1892 2167 1924 2230 in

463 2293 590 2358 genere
614 2271 781 2336 feminino
804 2271 860 2334 vel
881 2285 1006 2336 neutro
1029 2293 1169 2338 necesse
1192 2287 1243 2338 est
1258 2277 1285 2358 ²)
1307 2273 1467 2337 anomale
1489 2273 1545 2338 vel
1567 2273 1829 2359 prolocutione
1849 2291 1927 2356 pro-

462 2374 635 2452 nuntiari,
659 2376 727 2438 ltoc
749 2393 949 2452 monemus,
973 2376 1069 2460 quod
1091 2376 1233 2462 plurimi
1250 2369 1278 2461 3)
1300 2377 1395 2452 soni,
1427 2377 1495 2440 boc
1517 2387 1585 2454 est,
1616 2375 1768 2462 plurima
1790 2375 1926 2438 nomine

462 2477 599 2565 possint
621 2475 788 2540 exhiberi.

547 2579 593 2643 At
614 2599 698 2644 vero
721 2579 764 2642 de
792 2579 916 2644 ceteris
940 2579 1076 2656 termis,
1107 2581 1233 2667 quibus
1255 2581 1394 2665 generis
1417 2580 1599 2644 masculini
1614 2571 1643 2664 6)
1672 2581 1816 2644 nomina
1837 2577 1927 2641 ahia·

463 2683 535 2747 tivo
565 2701 647 2746 casu
678 2681 813 2744 numeri
845 2681 1029 2766 singularis
1047 2677 1076 2764 ⁵)
1107 2682 1159 2746 ·E·
1181 2683 1295 2747 littera
1318 2684 1451 2747 scilicet
1481 2696 1640 2769 correpta
1662 2685 1846 2746 terminata
1869 2699 1929 2742 no·

462 2783 629 2848 minativo
651 2781 707 2847 rel
730 2783 890 2846 vocativo
914 2803 996 2847 casu
1018 2785 1154 2848 numeri
1177 2785 1361 2870 singularis
1382 2785 1593 2850 definiuntur
1609 2779 1657 2867 ⁶),
1689 2787 1758 2850 boc
1781 2782 1930 2848 insonis
2013 2843 2014 2854 ,

464 2897 704 2970 competenter
726 2882 949 2949 tractabimus
969 2889 1009 2969 5).

548 2989 622 3054 270.
651 2985 742 3050 Sane
772 2987 809 3049 in
839 2989 903 3052 hac
933 2987 1043 3052 lorma
1073 2990 1210 3073 generis
1240 2988 1423 3053 masculini
1445 3009 1515 3074 quc
1542 2989 1694 3054 diximus
1716 2987 1931 3052 nominativo

464 3107 547 3152 essu
568 3088 705 3151 numeri
728 3089 911 3172 singularis
925 3084 955 3174 ⁸)
978 3091 1121 3156 nomina
1145 3091 1267 3156 ·'l'OR·
1288 3094 1317 3174 ⁹)
1341 3091 1471 3173 syllaba
1494 3093 1689 3170 terminari,
1721 3093 1789 3156 hoc
1813 3107 1933 3153 mone-

465 3211 559 3266 mus,
582 3191 678 3275 quod
700 3193 767 3255 hoc
790 3211 896 3253 unum
919 3213 1066 3270 nomen,
1090 3195 1127 3257 id
1149 3207 1214 3269 est,
1239 3207 1396 3269 auctor,
1421 3207 1565 3280 propter
1586 3195 1624 3277 ¹⁰)
1647 3213 1752 3258 sonos
1776 3209 1934 3257 commn-

464 3293 528 3355 uis¹
546 3295 585 3374 ¹¹)
615 3295 752 3376 generis
783 3315 857 3357 esse
886 3307 1062 3379 oporteat;
1093 3296 1154 3360 sed
1183 3316 1253 3381 qua
1283 3295 1326 3359 de
1356 3317 1458 3360 causa
1489 3311 1640 3361 auctor
1660 3309 1808 3382 propter
1829 3309 1936 3357 sonos

465 3395 660 3458 communis
682 3395 818 3478 generis
842 3415 915 3459 esse
938 3408 1107 3482 oporteat,
1131 3400 1198 3462 hoc
1222 3399 1365 3462 insonis
1383 3412 1621 3485 competenter
1638 3396 1863 3462 tractabimus
1883 3394 1937 3474 ¹⁹).

547 3500 622 3564 271.
652 3497 714 3560 De
743 3517 898 3582 genere
927 3497 1152 3564 feminino.
1183 3499 1358 3564 Feminini
1380 3503 1517 3586 generis
1539 3501 1699 3578 nomina,
1724 3521 1814 3586 quae
1836 3495 1938 3562 abla-

464 3599 535 3663 tivo
566 3618 648 3662 casu
677 3601 813 3663 numeri
843 3600 1027 3685 singularis
1060 3600 1110 3664 ·E·
1140 3600 1255 3665 littera
1286 3617 1447 3689 correpta
1475 3603 1723 3677 terminantur,
1755 3615 1789 3666 et
1817 3611 1943 3687 aptota

464 3721 632 3766 essenon
656 3702 892 3787 reperiuntur,
917 3705 1002 3768 haec
1025 3703 1068 3768 ad
1091 3705 1158 3768 hoc
1181 3705 1378 3792 exemplum
1403 3706 1636 3769 declinantur:

547 3803 694 3868 Numeri
723 3803 923 3886 singularis:
956 3806 1059 3870 haec
1087 3806 1228 3882 sedes,
1259 3810 1383 3872 liuius
1407 3808 1537 3884 sedis,
1568 3807 1667 3870 huic
1689 3806 1795 3882 sedi,
1824 3807 1944 3868 hanc

465 3905 623 3982 sedem,
646 3924 667 3969 o
691 3905 828 3981 sedes,
852 3905 902 3968 ab
926 3907 1002 3970 bae
1025 3908 1139 3984 sede;
1161 3911 1297 3972 numeri
1319 3910 1478 3996 pluraliss
1508 3911 1583 3973 hae
1613 3907 1752 3984 sedes,
1786 3911 1947 3971 harum

465 4005 608 4070 sedum
631 4001 690 4090 ¹³),
712 4008 776 4072 his
799 4006 992 4085 sedibus,
1016 4009 1089 4072 has
1113 4010 1253 4089 sedes,
1278 4033 1298 4076 ο
1322 4013 1446 4076 sedes
1467 4003 1523 4095 ¹⁴),
1548 4009 1598 4074 ab
1621 4010 1685 4073 his
1708 4009 1904 4074 sedibus.

508 4196 545 4268 ⁸⁹)
569 4213 626 4248 uon
643 4197 734 4267 possit
753 4198 789 4251 V.
800 4227 835 4238 -
850 4213 905 4248 non
924 4199 1034 4268 possint
1053 4199 1084 4251 Β.
1095 4201 1270 4272 P.-possit
1289 4203 1323 4255 A.
1342 4201 1576 4274 ⁹⁰)suprascriptc
1597 4201 1625 4255 Β.
1637 4199 1759 4253 V.1’.-
1775 4195 1954 4270 supradicto

571 4285 607 4336 A.
622 4285 659 4356 ⁹¹)
678 4291 707 4335 el
725 4285 757 4338 B.
776 4307 813 4334 =
831 4286 867 4339 V·
884 4287 920 4339 A.
939 4291 975 4356 μ)
995 4284 1062 4340 boec
1081 4289 1113 4341 B.
1126 4289 1161 4342 V.
1172 4291 1202 4342 Ρ.
1220 4311 1255 4339 =
1274 4290 1310 4344 A.
1330 4291 1367 4362 ⁹³)
1387 4288 1515 4342 feminina
1536 4298 1677 4342 transeunt
1694 4289 1728 4342 B.
1746 4287 1784 4341 V.
1804 4319 1843 4327 —
1865 4285 1954 4338 semi·

571 4371 637 4422 nina
655 4380 795 4424 transeant
819 4373 850 4426 Ρ.
870 4403 906 4414 -
924 4383 1064 4427 nauseant
1081 4374 1210 4428 feminina
1228 4380 1264 4431 A.
1285 4379 1321 4447 ⁹⁴)
1341 4379 1449 4429 nomina
1468 4379 1500 4430 B.
1519 4378 1555 4432 V.
1569 4379 1601 4430 P.
1618 4399 1656 4426 =
1673 4376 1709 4429 A.
1726 4375 1765 4447 θ’)
1785 4372 1834 4426 laic
1855 4376 1899 4428 V.
1917 4373 1957 4426 A.

569 4479 606 4510 =
622 4458 655 4513 B.
674 4461 711 4530 ὀ)
731 4467 873 4513 transeunt
890 4463 922 4516 B.
935 4464 963 4517 P.
982 4493 1018 4504 -
1036 4471 1176 4517 transeant
1194 4465 1277 4520 V.A.
1292 4466 1366 4534 utin
1385 4466 1415 4519 Β.
1434 4497 1470 4506 -
1488 4473 1516 4518 et
1534 4467 1563 4519 in
1583 4466 1618 4520 V.
1628 4467 1665 4520 A.
1685 4466 1722 4533 θ’)
1738 4471 1790 4524 cst,
1805 4469 1837 4514 at
1862 4463 1907 4517 V.
1918 4463 1957 4514 A.

569 4579 605 4590 -
624 4555 653 4600 et
671 4548 703 4602 B.
730 4549 768 4620 θ’)
788 4544 961 4607 declinantur
979 4551 1013 4606 B.
1033 4552 1069 4606 V.
1087 4554 1118 4605 Ρ.
1135 4579 1171 4595 -
1189 4549 1343 4606 declinatur
1360 4552 1396 4607 A.
1425 4555 1476 4625 Ι··)
1496 4555 1603 4607 numeri
1623 4553 1704 4606 V.A.
1722 4581 1760 4594 —·
1777 4550 1902 4603 nometi
1923 4551 1960 4602 Β.

573 4637 595 4708 ’)
615 4631 729 4707 syllabis
747 4636 781 4690 Β.
797 4637 834 4692 V.
850 4638 882 4692 Ρ.
901 4637 1055 4694 -litteris
1073 4641 1109 4694 A.
1135 4643 1158 4708 ¹)
1178 4650 1220 4694 cst
1237 4642 1269 4697 Β.
1282 4643 1318 4696 A.
1336 4673 1372 4684 -
1390 4657 1451 4694 esse
1471 4641 1507 4695 V.
1536 4643 1560 4710 ³)
1578 4638 1689 4714 plurimi
1708 4640 1791 4695 V.-
1808 4637 1901 4710 pluri
1924 4641 1961 4692 B.

569 4757 605 4771 -
623 4721 717 4796 plures
735 4725 771 4779 A.
797 4726 820 4795 ⁴)
839 4727 947 4796 pencris
966 4725 1110 4780 masculini
1130 4730 1166 4783 V.
1180 4731 1216 4782 A.
1235 4759 1270 4772 -
1289 4730 1381 4800 generi
1399 4725 1549 4782 masculino
1575 4731 1608 4783 Β.
1629 4731 1670 4795 (Ρ.
1686 4730 1768 4796 silet).
1798 4729 1822 4796 5)
1849 4727 1964 4779 formis

569 4849 648 4866 .....
659 4813 767 4865 numeri
785 4812 930 4883 singularis
948 4813 982 4868 B.
994 4813 1029 4868 V.
1039 4816 1074 4868 A.
1083 4839 1119 4866 =
1131 4819 1161 4869 Ρ.
1181 4819 1204 4888 θ)
1225 4813 1394 4870 deliniuntur
1410 4819 1442 4872 Β.
1462 4849 1497 4859 -
1516 4817 1681 4869 definientur
1699 4817 1735 4870 V.
1746 4816 1778 4869 Ρ.
1796 4817 1854 4883 (Α.
1868 4821 1967 4884 silet).

570 4905 593 4968 ν)
613 4896 791 4954 tractabimus
811 4901 1115 4956 V.1³.-tncuvimus
1135 4907 1166 4960 B.
1182 4935 1218 4948 -
1231 4904 1399 4959 definiuntur
1405 4942 1501 4959 ......
1512 4903 1688 4958 tractabimus
1705 4927 1742 4953 =
1756 4904 1792 4956 A.
1829 4905 1862 4974 ⁸)
1890 4923 1968 4956 sane

569 5021 648 5040 .....
659 4986 804 5058 singularis
823 4991 854 5043 Β.
871 4989 947 5044 V.P.
962 4991 1046 5046 =A.
1074 4992 1098 5063 ⁹)
1118 4991 1212 5046 ·TOR·
1232 4995 1353 5048 B.V.B.
1372 5027 1407 5037 -
1426 4995 1518 5048 ·TER·
1535 4994 1575 5048 A.
1604 4996 1638 5062 ¹⁰)
1657 4999 1772 5064 propter
1793 4993 1836 5046 V.
1858 4997 1905 5050 A.
1930 5027 1970 5036 --

569 5081 663 5146 proter
679 5077 713 5129 Β.
736 5083 771 5146 ·’)
791 5079 943 5130 communis
964 5081 998 5133 V.
1018 5082 1052 5136 A.
1068 5079 1100 5132 Β.
1118 5099 1151 5132 ea
1165 5099 1214 5132 ene.
1223 5101 1267 5147 pr.
1280 5101 1315 5134 m.
1334 5115 1370 5126 -·
1388 5097 1547 5135 communes
1566 5081 1599 5136 Β.
1616 5101 1632 5135 o
1650 5101 1691 5152 pr.
1710 5099 1744 5132 m.
1775 5085 1811 5146 ¹²)
1847 5091 1971 5135 tracta-

569 5157 660 5214 bimus
679 5161 711 5217 V
709 5199 715 5213 .
732 5161 993 5221 A.-traotarimus
1012 5169 1044 5222 Β.
1070 5171 1104 5238 ¹³)
1119 5165 1215 5222 sedum
1225 5171 1256 5226 B.
1269 5172 1343 5226 V.1’.
1354 5169 1502 5225 -scdium
1517 5171 1552 5224 A.
1574 5172 1608 5244 ¹⁴)
1629 5191 1644 5222 ο
1665 5168 1744 5222 seties
1766 5168 1797 5220 Β.
1811 5171 1860 5224 V.
1873 5197 1919 5223 =
1933 5175 1973 5228 A.
