4042 6070
383 551 451 625 112
710 545 864 602 lucum
882 543 1029 598 annunt
1048 541 1241 600 Glllllffll'.
1265 539 1537 596 FRAGMENTUH.

380 697 435 760 hi.
470 693 678 760 Communis
698 712 840 778 quoque
863 711 1028 756 numerus
1054 691 1248 767 invenitur,
1278 691 1428 754 dicimus
1450 691 1543 753 enim
1567 690 1644 774 qui
1671 689 1758 767 vir,
1782 691 1859 774 qui

380 797 482 860 viri.
1610 809 1612 816 '

466 896 586 973 Casus,
609 917 679 982 quo
696 895 925 973 declinantur,
941 896 1085 962 totidem
1103 906 1190 981 quot
1207 887 1251 977 41)
1274 907 1308 958 et
1322 891 1517 972 nominum,
1533 907 1572 958 ut
1594 895 1681 971 hic,
1704 893 1856 966 huius,

378 999 494 1074 huic,
519 1001 649 1076 hunc,
674 1019 714 1075 o,
739 999 902 1062 abhoc.

319 1097 323 1104 ’
362 1117 368 1134 ·
464 1100 638 1164 Personae
659 1101 908 1186 pronominum
932 1111 1011 1164 sunt
1035 1113 1117 1176 tres,
1141 1113 1179 1163 ut
1201 1119 1295 1184 ego,
1319 1112 1380 1177 tu,
1404 1098 1491 1164 ille.

467 1205 537 1266 182.
562 1201 650 1266 Sunt
671 1215 706 1264 et
727 1203 937 1288 pronomina
955 1203 999 1266 ad
1020 1202 1169 1288 aliquid,
1192 1214 1231 1266 ut
1247 1223 1372 1280 meus,
1397 1215 1506 1279 tuus;
1529 1221 1609 1266 nam
1626 1212 1660 1264 et
1677 1202 1762 1264 haec
1778 1199 1853 1262 sine

377 1303 487 1368 altero
509 1322 581 1367 non
597 1317 744 1389 possunt
767 1302 926 1388 intelligi.
1653 1324 1656 1329 ¹

413 1389 418 1400 ’
463 1403 570 1489 Ego,
595 1407 676 1468 mei
700 1406 754 1468 vel
777 1407 874 1481 mis,
899 1407 1019 1484 mihi,
1044 1427 1125 1482 me,
1150 1428 1182 1482 o,
1207 1427 1315 1472 ame.
1340 1405 1410 1472 sed
1424 1406 1622 1470 vocativum
1636 1403 1763 1468 habere
1778 1421 1852 1466 non

377 1518 503 1590 potest,
527 1507 610 1591 qnia
625 1525 727 1570 nemo
745 1509 865 1572 dicito
889 1527 978 1592 ego,
998 1510 1064 1572 nisi
1083 1509 1141 1573 Ὀ·
1156 1509 1365 1573 exclamatio
1380 1510 1434 1585 sit,
1449 1523 1488 1572 ut
1500 1507 1593 1593 apud
1611 1506 1793 1570 Horatium
1807 1496 1853 1584 4’)

375 1643 420 1658 -
443 1631 463 1672 o
488 1629 568 1694 ego
592 1609 762 1674 infelix.
787 1612 817 1693 ⁶)
848 1645 889 1662 -ι
920 1611 1085 1675 Pluralis:
1117 1630 1213 1687 nos,
1241 1625 1451 1686 nostrum,
1482 1609 1625 1684 nobis,
1655 1627 1749 1682 nos,
1774 1626 1809 1681 o,
1831 1624 1854 1666 a

375 1711 520 1786 nobis3
544 1725 582 1775 ut
599 1731 678 1774 cum
695 1713 901 1776 dicimus-
920 1733 942 1777 o
964 1735 1040 1778 nos
1063 1713 1228 1777 felices.
1243 1711 1276 1795 ὸ)
1295 1751 1340 1764 -
1366 1712 1565 1778 Pronomen
1582 1713 1650 1774 hoo
1668 1711 1771 1776 trium
1789 1728 1851 1792 ge-

376 1833 498 1876 nerum
522 1825 574 1876 est
596 1833 792 1878 commune.

461 1915 540 1990 Tu,
566 1917 645 1991 tui,
670 1914 773 1994 tihi,
796 1929 851 1994 te,
876 1937 916 1993 o,
940 1937 960 1980 a
982 1931 1031 1982 te.
1057 1916 1220 1982 Pluralis:
1243 1937 1333 1994 ros,
1356 1929 1560 1992 vestrum,
1586 1914 1730 1990 vobis,
1753 1931 1851 2006 vo‘s,

375 2036 415 2092 o,
439 2035 460 2080 a
481 2015 616 2082 vobis.
1243 2089 1246 2096 ¹

266 2119 363 2171 Clu&-
462 2121 533 2183 183.
543 2119 620 2183 Hoc
633 2141 773 2205 quoque
786 2139 982 2205 pronomen
995 2121 1152 2184 omnium
1170 2141 1337 2206 generum
1351 2133 1402 2184 est
1413 2139 1610 2184 commune.
1632 2119 1713 2182 Non
1729 2129 1780 2182 est
1794 2135 1849 2178 re-

263 2234 365 2284 ιιιιιι.
374 2218 514 2284 futanda
524 2221 540 2252 *
552 2241 673 2284 eorum
686 2225 867 2300 sententia,
889 2225 953 2309 qui
972 2223 1137 2287 dixerunt
1158 2226 1193 2287 in
1212 2223 1419 2308 quibusdam
1434 2222 1701 2308 pronominibus
1716 2219 1849 2282 vocati·

373 2343 454 2384 vum
470 2343 542 2386 non
559 2343 662 2408 posse
683 2325 817 2400 cadere,
842 2345 919 2388 cum
941 2326 1043 2389 etiam
1058 2347 1169 2410 paene
1185 2327 1220 2388 iu
1236 2326 1398 2390 omnibus
1417 2324 1684 2412 pronominibus
1699 2342 1770 2388 uon
1788 2321 1849 2384 de-

371 2421 452 2486 beat
465 2445 538 2486 esse
552 2423 742 2500 vocativus,
766 2427 827 2490 sed
842 2447 906 2491 nos
924 2447 1007 2503 non,
1025 2429 1190 2512 quoniam
1206 2429 1420 2512 refragamur
1434 2421 1477 2510 43)
1498 2427 1636 2503 rationi,
1650 2425 1848 2490 vocativum

372 2524 579 2602 adiecimus,
603 2527 663 2589 sed
683 2528 849 2612 quoniam
873 2541 1075 2592 contextum
1094 2531 1336 2596 declinationis
1353 2531 1479 2594 habere
1495 2529 1680 2602 voluimus,
1699 2525 1849 2592 inserui-

373 2645 460 2702 mus,
480 2647 689 2712 quamquam
705 2648 777 2698 non
798 2629 911 2692 solum
925 2633 1123 2695 vocativum
1137 2653 1209 2697 non
1226 2635 1433 2709 invenimus,
1457 2653 1576 2696 verum
1593 2632 1697 2694 etiam
1713 2631 1750 2692 in
1768 2628 1849 2714 qui-

372 2725 519 2790 busdam
538 2747 635 2792 casus
652 2731 798 2794 deficere
812 2734 979 2798 videmus.

264 2843 362 2898 chuta
461 2833 531 2894 184.
548 2829 638 2906 Hic,
663 2833 802 2910 huius,
827 2836 936 2911 huic,
961 2839 1083 2914 hunc,
1108 2850 1201 2917 otu,
1225 2840 1387 2904 abhoc.
1411 2833 1574 2902 Pluralis:
1599 2835 1654 2910 ht,
1674 2836 1851 2904 horum,

370 2930 453 3008 his,
478 2932 572 3008 hos,
598 2953 734 3008 oros,
759 2935 907 3001 abhis.

455 3031 654 3097 Feminine:
686 3036 822 3112 Haec,
856 3039 999 3116 huius,
1029 3041 1145 3118 huic,
1174 3043 1303 3119 hanc,
1335 3063 1356 3108 o
1385 3055 1446 3118 tu,
1476 3040 1527 3103 ab
1557 3040 1645 3101 hac.
1678 3033 1848 3098 Pluralis:

371 3135 467 3209 hae,
489 3136 658 3210 harum,
683 3137 761 3214 his,
785 3139 878 3214 has,
903 3159 925 3201 o
947 3161 1043 3219 vos,
1067 3141 1115 3205 ab
1139 3145 1212 3207 his.

459 3235 687 3300 Neutraliter:
712 3239 813 3316 Hoc,
837 3241 976 3318 huius,
999 3244 1110 3320 huic,
1135 3247 1224 3322 hoc,
1248 3266 1269 3310 o
1293 3258 1347 3322 ιιι,
1372 3245 1420 3310 ab
1444 3247 1532 3310 ltoc.
1550 3240 1850 3314 Pluralisshaec‚

374 3339 544 3412 horum,
567 3339 653 3416 his,
677 3341 797 3417 haec,
821 3361 843 3405 o
867 3344 986 3421 haec,
1010 3343 1060 3408 ab
1083 3348 1158 3410 his.
1715 3361 1720 3370 '

455 3437 602 3504 Generis
625 3441 825 3506 masculini:
853 3444 907 3521 Is,
938 3447 1045 3522 eius,
1074 3450 1128 3524 ei,
1157 3469 1264 3527 eum,
1301 3470 1322 3514 o
1351 3451 1401 3526 is,
1432 3450 1481 3514 ab
1511 3468 1567 3512 eo.
1602 3443 1767 3509 Pluralist
1797 3443 1849 3513 ii,

367 3557 530 3618 eorum,
554 3543 624 3618 iis,
649 3563 735 3626 eos,
760 3565 781 3608 ο
805 3546 851 3622 ii,
875 3546 924 3610 ab
948 3548 1011 3612 iis.

451 3643 650 3706 Feminine:
674 3646 745 3722 Ea,
770 3649 876 3723 eius,
901 3650 954 3726 ei,
979 3671 1084 3728 eam,
1109 3672 1130 3715 o
1154 3665 1213 3729 tu,
1237 3651 1285 3716 ab
1308 3673 1364 3716 ea.
1388 3650 1552 3716 Pluralis:
1576 3671 1665 3726 eae,
1688 3666 1847 3721 earum,

358 3745 445 3836 leis,
470 3765 552 3820 eas,
577 3765 598 3808 o
622 3767 711 3822 eae,
735 3747 784 3810 ab
808 3750 899 3814 iis..
1873 3827 1878 3836 ,

449 3845 678 3912 Neutraliter:
702 3849 760 3927 id,
785 3851 889 3926 eius,
915 3852 967 3928 ei,
996 3852 1054 3928 id,
1079 3873 1117 3931 o,
1141 3853 1191 3919 ab
1213 3877 1270 3922 eo.
1294 3856 1458 3922 Pluralis:
1487 3875 1549 3930 ea,
1573 3872 1734 3924 eorum,
1758 3849 1846 3924 eis,

367 3963 430 4020 ea,
454 3944 502 4008 ab
526 3947 599 4011 eis.

452 4044 538 4107 Item
555 4049 760 4113 masculine:
785 4050 884 4128 Iste,
908 4054 1047 4133 istius,
1071 4058 1164 4134 isti,
1188 4059 1344 4134 istunc,
1368 4080 1389 4124 o
1413 4061 1505 4136 iste,
1529 4057 1577 4122 ab
1601 4059 1692 4120 isto.
1718 4051 1848 4117 Plura-

364 4142 425 4208 lis:
449 4146 537 4223 isti,
561 4149 755 4228 istorum,
779 4153 891 4229 istis,
916 4156 1035 4234 istos,
1061 4179 1081 4221 o
1105 4161 1196 4238 isti,
1221 4159 1267 4224 ab
1291 4163 1397 4228 istis.

449 4246 645 4312 Feminine:
670 4252 774 4330 Ista,
798 4254 947 4332 istaec,
972 4258 1113 4336 istius,
1137 4263 1229 4338 isti,
1262 4263 1401 4341 istam,
1431 4265 1590 4338 istanc,
1614 4283 1635 4326 o
1659 4261 1763 4335 ista,
1788 4254 1845 4320 ah

363 4347 454 4414 ista.
477 4347 644 4415 Pluralis:
669 4354 795 4431 istae,
819 4355 1010 4437 istarum,
1035 4361 1147 4441 istis,
1172 4357 1343 4448 israeli),
1366 4387 1387 4432 o
1411 4367 1542 4441 istae,
1566 4364 1613 4428 ab
1637 4362 1744 4428 istis.

369 4597 1857 4633 —-—-—-—-—-.-—........

400 4760 442 4837 41)
470 4779 539 4838 ‘1⁰⁰²
562 4799 597 4814 ·
616 4770 692 4844 q¹¹⁰d
714 4774 780 4827 Cod·
807 4767 846 4846 4’)
865 4774 1010 4828 Horatium
1027 4809 1064 4822 -·
1082 4781 1199 4834 entium
1221 4783 1286 4836 cod.
1313 4785 1348 4854 ⁴³)
1369 4785 1498 4856 quoniam
1517 4785 1682 4856 refragamur
1699 4815 1735 4828 -
1753 4783 1857 4837 refra-

466 4871 545 4921 guum
566 4857 632 4909 Cod.
651 4883 688 4908 =
706 4861 843 4933 quonism,
870 4865 979 4934 quode
1000 4865 1104 4920 ctare.
1125 4869 1176 4922 lo.
1195 4873 1387 4942 supplevimus.
1417 4873 1452 4943 ⁴⁸)
1471 4875 1540 4925 istas
1561 4875 1628 4928 cod.
1657 4893 1691 4926 ex
1716 4891 1767 4924 em.
1796 4893 1857 4943 pr.

464 4955 499 4990 m.
518 4969 554 4980 -
571 4942 632 4994 t'slit
655 4947 721 4998 cod.
741 4969 758 5000 α
775 4970 817 5020 pr.
837 4969 872 5005 m.

399 5098 431 5170 Ι)
449 5095 544 5150 Horat.
564 5098 654 5170 Epod.
676 5109 718 5166 lQ,
736 5111 781 5163 25.
801 5106 850 5160 ubi
869 5119 973 5164 tamen:
993 5117 1132 5184 nonsatis
1149 5115 1258 5186 legitur.
1280 5121 1308 5192 b)
1328 5120 1402 5172 llaec
1415 5129 1622 5186 truncaturum,
1642 5117 1792 5191 legendum
1816 5137 1867 5184 ut

463 5181 538 5256 apud
554 5183 707 5268 Charisiunt
725 5189 779 5245 l.c.
790 5199 976 5268 necplurelem
991 5202 1072 5258 lebet
1092 5211 1256 5269 vocativum,
1276 5211 1370 5262 nisisi
1386 5227 1475 5280 aeque
1493 5211 1659 5264 exclamatio
1678 5213 1714 5262 rit
1732 5221 1763 5261 ut
1783 5219 1868 5270 ete,
