4032 6070
418 507 488 580 ῃ)
873 503 1430 562 ruostinsuruou.

421 655 600 720 nuntiatur
617 655 669 736 ²⁹).
694 629 778 717 item
802 651 850 718 ab
873 655 953 718 hoc
975 673 1091 729 sene,
1123 655 1222 718 haec
1243 674 1365 732 anus,
1394 653 1489 740 quod
1512 653 1708 720 anomalum
1732 657 1890 744 appella·

420 771 486 824 tur.
512 758 597 822 ltem
621 757 669 822 ab
693 759 772 822 hoo
795 776 968 842 passere
996 751 1059 840 ⁸⁰),
1088 758 1159 822 hic
1181 770 1215 820 et
1237 759 1339 822 haec
1362 747 1506 843 passer
1526 751 1581 840 ³¹),
1604 760 1700 844 quod
1722 763 1891 847 epicoe-

418 881 511 926 num
536 871 724 926 enarratur.
750 859 836 924 ltem
859 859 909 924 ab
932 861 1011 923 hoc
1032 879 1211 944 copone,
1235 862 1337 925 haec
1359 861 1542 945 gallina,
1566 863 1662 946 quod
1684 863 1776 926 idern
1799 883 1888 927 ano-

419 963 547 1028 malum
579 963 760 1026 iudicatur.
796 962 855 1026 Sic
883 963 1003 1048 utiquo
1030 961 1080 1026 ab
1109 963 1187 1060 hoc
1218 962 1366 1038 leone,
1399 965 1501 1028 haec
1530 958 1713 1029 leaena⁰
1715 969 1752 1046 '.)
1796 967 1887 1030 Nam

418 1067 594 1200 Vergilius
622 1059 665 1148 ⁶³)
701 1065 891 1129 secundum
919 1085 1084 1130 sonorum
1120 1049 1290 1130 rationem
1321 1065 1508 1130 leaenam
1530 1058 1574 1148 ⁸⁴)
1607 1067 1784 1145 anomale,
1815 1087 1886 1131 non

418 1163 549 1234 leam'
551 1163 592 1254 6),
616 1169 760 1256 proprio
784 1187 870 1233 sono
893 1169 1068 1232 invenitur
1085 1159 1127 1250 86)
1150 1169 1403 1254 pronuntiasse.

501 1275 576 1340 aut.
601 1272 686 1336 ltem
709 1273 746 1336 in
769 1275 834 1338 hac
849 1264 891 1355 ⁸⁷)
914 1271 1025 1336 lorma
1045 1271 1280 1357 suprascripta
1302 1273 1490 1358 quaeritur,
1515 1273 1649 1359 quade
1672 1293 1774 1340 causa
1795 1273 1890 1339 Ver·

417 1377 521 1462 gilius
542 1371 587 1460 ⁸⁸)
614 1411 659 1428 -
683 1395 931 1463 pauperque
960 1374 1110 1439 domus
1131 1377 1163 1459 ⁸)
1184 1413 1226 1424 -
1252 1387 1286 1440 et
1313 1396 1385 1439 non
1415 1395 1601 1462 paupera
1628 1376 1773 1441 domus
1801 1397 1889 1463 pro-

418 1481 585 1545 nuntiarit
598 1475 663 1564 ⁸⁹)?
685 1483 749 1544 hac
771 1481 814 1544 de
837 1497 957 1554 causa,
981 1479 1147 1563 quoniam
1168 1499 1408 1581 quaecumque
1424 1479 1591 1543 vocabula
1614 1479 1803 1544 masculina
1821 1501 1889 1545 no·

310 1585 584 1698 Flrmrnatrvo
615 1603 695 1647 casu
718 1583 854 1646 numeri
876 1581 1060 1666 singularis
1079 1585 1123 1665 911)
1151 1582 1236 1646 ·ER·
1260 1583 1383 1646 litteris
1406 1581 1643 1646 deliniuntur
1673 1595 1707 1646 et
1733 1581 1888 1646 ablativo

313 1711 339 1758 v
359 1713 405 1772 ,με
418 1707 498 1752 casu
520 1686 656 1750 numeri
679 1685 863 1771 singularis
886 1685 936 1748 ··E
960 1684 1073 1748 littera
1096 1687 1344 1759 terminantur,
1374 1697 1408 1748 et
1430 1705 1475 1748 ex
1498 1703 1558 1748 sua
1580 1685 1697 1770 specie
1720 1685 1888 1750 leminiua

415 1790 586 1854 vocabula
609 1791 652 1872 ⁹¹)
681 1788 792 1852 lacere
822 1800 985 1875 possunt,
1013 1789 1100 1852 haec
1126 1787 1245 1851 eadem
1275 1785 1444 1852 vocabula
1474 1787 1639 1852 feminina
1667 1790 1888 1854 nominatito

416 1913 497 1956 casu
525 1892 660 1956 numeri
692 1891 876 1976 singularis
899 1891 983 1954 ·ER·
1006 1890 1130 1954 litteris
1160 1891 1386 1964 deliniuntur,
1410 1902 1444 1954 et
1467 1892 1603 1976 generis
1620 1893 1666 1972 9’)
1689 1892 1886 1956 communis

415 2015 488 2058 esse
516 1993 795 2080 pronuntiantur.
823 1993 926 2058 Nunc
957 2013 1035 2058 cum
1064 1994 1156 2057 idem
1186 1993 1278 2058 dicat
1300 1987 1344 2076 91)
1374 1993 1550 2078 Vergilius
1578 2029 1622 2042 ·-
1649 1993 1819 2081 Pauper
1841 1995 1887 2056 in

414 2119 524 2162 arma
547 2090 765 2184 pater⁹³)⁵)
783 2111 875 2161 -et
896 2090 1205 2182 —genitoralh
1227 2095 1455 2160 Adamasto
1479 2095 1776 2181 Paupere‘)-
1797 2089 1884 2177 etfi)

413 2201 492 2265 ideo
514 2220 678 2287 pauper
699 2201 865 2278 domus,
889 2219 961 2264 non
983 2219 1171 2285 paupera
1193 2199 1441 2285 pronuntiavit.

496 2307 571 2369 225.
602 2303 688 2366 ltem
717 2303 753 2366 in
785 2304 850 2366 hac
873 2303 1070 2388 supradicta
1094 2301 1203 2364 iorma
1226 2303 1404 2386 quaeritur
1433 2301 1476 2364 ab
1499 2321 1541 2366 eo
1564 2302 1660 2385 quod
1681 2301 1772 2366 dixit
1794 2301 1887 2364 Ver-

413 2405 516 2489 gilius
537 2439 582 2455 —
603 2406 776 2491 hospita
798 2417 912 2469 terra
927 2403 961 2490 ⁴)
977 2443 1019 2452 -
1042 2404 1233 2469 masculino
1256 2425 1383 2489 genere
1407 2403 1463 2468 hic
1486 2407 1650 2490 hospes,
1674 2423 1716 2466 an
1739 2404 1887 2490 hospi-

415 2522 498 2581 ter,
528 2527 574 2569 an
601 2508 801 2592 hospitus
832 2507 945 2572 iacere
975 2507 1118 2572 debeat?
1144 2507 1205 2572 sed
1234 2526 1473 2592 quaecumque
1502 2505 1672 2570 vocabula
1694 2506 1887 2570 masculina

418 2609 633 2672 nominativo
657 2630 738 2673 casu
760 2611 897 2673 numeri
919 2609 1103 2696 singularis
1126 2609 1204 2674 ·ES·
1227 2610 1350 2674 litteris
1373 2609 1599 2685 deliniuntur,
1629 2621 1662 2674 et
1684 2629 1729 2672 ex
1748 2611 1793 2690 ⁹⁷)
1826 2631 1887 2672 sua

416 2712 534 2796 specie
557 2710 725 2775 vocabula
747 2712 914 2776 feminina
943 2712 1053 2778 lacere
1083 2725 1244 2798 possunt,
1276 2714 1362 2777 haec
1385 2713 1504 2776 eadem
1527 2710 1696 2775 vocabula
1719 2711 1887 2775 leminina

411 2815 627 2878 nominativo
659 2835 739 2878 casu
771 2799 908 2879 numeri
938 2815 1121 2899 singularis
1145 2815 1223 2879 ·ES·
1252 2814 1375 2878 litteris
1399 2814 1609 2878 definiuntur
1631 2826 1665 2877 et
1687 2816 1885 2878 communis

411 2917 548 3000 generis
572 2937 645 2980 esse
668 2918 955 3003 pronuntiantur,
978 2929 1138 3004 utputa:
1162 2918 1230 2981 hic
1252 2929 1370 2980 vates
1394 2928 1427 2980 et
1450 2917 1553 2980 haec
1574 2929 1712 2992 vates,
1745 2927 1780 2980 et
1803 2917 1883 2980 ideo

411 3019 583 3104 hospita
611 3018 653 3082 ah
684 3040 744 3097 eo,
781 3019 876 3104 quod
906 3033 957 3084 est
984 3021 1054 3084 hio
1082 3023 1239 3108 hospes
1267 3021 1385 3083 venire
1414 3037 1486 3082 non
1510 3011 1554 3101 θ’)
1582 3018 1763 3082 iudicatur.
1798 3019 1884 3081 ltem

412 3141 652 3206 quaecumque
679 3120 850 3186 vocabula
876 3121 1066 3186 masculina
1087 3125 1131 3205 99)
1157 3123 1376 3186 nominativo
1410 3141 1490 3184 casu
1526 3121 1662 3184 numeri
1698 3121 1884 3204 singularis

412 3223 495 3286 ·l⁴‘.ll·
527 3223 651 3288 litteris
681 3225 907 3302 definiuntur,
938 3237 972 3288 et
1002 3245 1048 3288 ex
1075 3244 1136 3289 sua
1164 3226 1279 3311 spe'cie
1309 3224 1474 3288 feminina
1502 3222 1670 3286 vocabula
1692 3224 1746 3305 ¹⁰⁰)
1771 3223 1884 3286 iacere

412 3339 572 3411 possunt,
597 3329 682 3391 haec
705 3327 825 3391 eadem
849 3325 1018 3392 vocabula
1042 3325 1206 3390 feminina
1226 3329 1265 3390 in
1288 3328 1313 3410 ¹)
1336 3327 1552 3390 nominativo
1567 3345 1647 3389 casu
1661 3325 1798 3387 numeri
1814 3325 1885 3388 sin-

412 3429 541 3512 gularis
565 3441 622 3492 aut
645 3430 768 3510 iisdem
785 3433 810 3510 ²)
834 3430 918 3493 ·Ell·
941 3431 1064 3494 litteris
1080 3425 1107 3512 ³)
1131 3429 1351 3507 definiuntur,
1375 3441 1409 3494 et
1431 3429 1568 3514 generis
1591 3427 1786 3492 communis
1809 3447 1884 3489 esse

411 3531 698 3618 pronuntiantur,
728 3544 767 3594 ut
794 3544 895 3618 puta:
920 3533 994 3594 hic
1025 3531 1204 3596 volucer
1231 3544 1265 3597 et
1287 3527 1313 3612 ⁴)
1342 3533 1443 3595 haec
1466 3525 1493 3611 ⁵)
1522 3529 1715 3606 volucer,
1753 3541 1813 3592 aut
1839 3527 1885 3592 ab

413 3634 535 3698 eodem
564 3634 780 3698 nominativo
813 3654 894 3697 casu
921 3634 1058 3718 generis
1086 3635 1268 3698 masculini
1299 3636 1335 3698 in
1364 3655 1426 3698 suo
1461 3633 1677 3698 nominativo
1709 3651 1790 3696 casn
1820 3651 1886 3718 per

413 3735 578 3818 syllabam
603 3748 780 3813 crescunt,
802 3747 841 3800 ut
862 3747 962 3822 puta:
986 3737 1057 3800 hic
1079 3749 1217 3815 tener,
1241 3739 1346 3802 haec
1365 3751 1530 3812 >tenera,
1558 3747 1618 3798 aut
1640 3735 1668 3798 ai
1691 3733 1733 3799 ab
1757 3733 1884 3797 eodem

455 4091 493 4164 τε’)
514 4091 829 4234 Ιέῐῦὓῦῐῑῑῑῑῑῠῐβῖῧγλι
848 4095 1113 4254 -prprpptiantpr
1130 4096 1170 4151 ·B·
1193 4097 1375 4240 anmz
1383 4096 1415 4215 Β..
1431 4095 1523 4250 ,VN-
1539 4109 1653 4236 praesule
1671 4091 1772 4234 A·A⁸'l
1790 4085 1891 4229 hipept

541 4197 753 4251 mbpssm.
804 4203 865 4231 .=
912 4193 962 4236 ,¹
1013 4201 1062 4236 {ee
1091 4201 1173 4236 mm
1222 4223 1229 4236 ,
1270 4207 1332 4236 ,π
1376 4189 1426 4235 ¹¹
1486 4201 1528 4236 'm
1573 4197 1684 4235 “nug
1732 4207 1797 4234 0...
1876 4205 1893 4218 .

521 4265 603 4338 ssffiffl
618 4269 700 4320 ῃ*
716 4266 868 4338 Vergilium
888 4271 923 4324 V·
944 4273 989 4341 ¹⁸⁴)
1010 4269 1131 4323 leaenam
1149 4273 1181 4325 B.
1196 4273 1235 4326 V.
1254 4303 1290 4314 -
1307 4271 1374 4324 loro.
1394 4271 1464 4325 llam
1481 4272 1517 4325 A.
1543 4273 1581 4340 ⁸⁵)
1597 4201 1670 4322 firm
1688 4269 1721 4320 B.
1733 4267 1768 4320 V.
1787 4261 1894 4317 -lea

521 4354 558 4408 Α·
577 4355 623 4427 ⁴⁸⁶)
643 4355 780 4409 inveni¹¹¹r
798 4357 830 4409 B·
842 4357 874 4412 V
872 4397 878 4409 ·
897 4391 933 4400 -
950 4357 1059 4412 ridetur
1076 4361 1112 4413 A.
1142 4361 1178 4429 Ι7)
1194 4357 1248 4412 hro
1268 4361 1304 4416 V.
1320 4363 1356 4415 A.
1371 4361 1404 4415 ll.
1424 4379 1458 4414 e:
1470 4379 1520 4414 em.
1533 4379 1575 4429 pr.
1592 4377 1628 4411 m.
1647 4387 1683 4398 -
1701 4373 1734 4408 ac
1752 4357 1786 4409 B.
1805 4374 1824 4408 a
1843 4373 1897 4422 pr.

520 4464 556 4499 m.
578 4445 613 4514 ⁸⁸)
631 4443 769 4516 Vergilius
790 4446 827 4500 V.
845 4477 881 4489 -
898 4445 1030 4518 Virgilius
1050 4449 1085 4502 A.
1096 4449 1129 4501 B.
1149 4448 1174 4501 h.
1189 4452 1207 4502 l.
1228 4451 1264 4522 ¹⁹)
1283 4450 1469 4521 pronuntiarit
1486 4450 1519 4502 B.
1531 4449 1567 4501 V.
1586 4477 1622 4488 -
1639 4443 1831 4516 pronuntiarit
1849 4443 1897 4497 A.

522 4535 560 4606 θ’)
579 4535 684 4586 numeri
703 4533 849 4606 singularis
867 4536 947 4588 B.V.
966 4559 1002 4586 =
1020 4538 1055 4590 A.
1083 4539 1119 4607 θ’)
1139 4535 1418 4592 lemiuiuarocabule
1436 4537 1527 4591 B.·V.
1545 4567 1581 4576 —-
1599 4529 1732 4587 vocabula
1751 4530 1898 4584 feminina

524 4623 561 4679 Α.
581 4625 617 4696 ⁹²)
637 4623 743 4693 generis
762 4623 988 4694 ll.-V.-generi
1007 4625 1042 4677 A.
1063 4627 1099 4695 ⁹¹)
1118 4623 1191 4677 idern
1212 4623 1286 4680 dicat
1304 4629 1335 4679 B.
1356 4628 1392 4680 V.
1412 4655 1445 4669 -
1465 4623 1535 4680 dicit
1553 4621 1695 4694 (=itlern)
1714 4619 1751 4674 A.
1771 4619 1900 4690 ’ilpun-

521 4729 573 4784 per
591 4749 598 4766 .
619 4753 627 4768 .
647 4748 654 4764 .
674 4749 682 4763 .
700 4720 780 4782 pater
797 4713 831 4764 B.
852 4713 887 4766 V.
902 4733 942 4762 =
959 4712 995 4765 A.
1016 4715 1060 4786 θ’)
1081 4714 1205 4782 genitore
1225 4717 1260 4768 V.
1275 4716 1311 4768 A.
1330 4747 1365 4756 -
1382 4724 1513 4784 genetore
1532 4715 1563 4766 ll.
1588 4713 1625 4780 ²⁸)
1645 4719 1673 4762 et
1691 4709 1724 4762 Il.
1736 4709 1773 4762 V.
1790 4729 1830 4758 ·.=
1850 4707 1899 4760 A.

524 4807 559 4869 ⁹⁷)
585 4817 618 4853 ‘¹
642 4800 675 4852 Β·
694 4801 730 4854 V·
749 4823 786 4850 =
803 4799 840 4853 A·
867 4802 904 4872 ⁹⁸)
932 4818 987 4854 non
1007 4803 1038 4855 B.
1060 4805 1095 4858 V.
1115 4827 1151 4852 =
1170 4805 1205 4857 A.
1232 4805 1267 4874 θ’)
1287 4800 1435 4855 masculina
1461 4803 1493 4856 Β.
1515 4803 1551 4855 V.
1569 4825 1606 4851 =
1623 4800 1661 4854 A.
1688 4803 1736 4868 Μ’)
1755 4795 1904 4848 feminina

524 4883 656 4940 vocabola
672 4886 892 4942 'lh-vocabula
906 4889 1035 4942 feminina
1057 4893 1091 4943 V.
1111 4893 1146 4944 A.
1168 4895 1189 4964 ·)
1207 4894 1238 4944 in
1256 4895 1287 4946 lt.
1309 4895 1345 4947 V.
1365 4913 1400 4943 =
1419 4891 1454 4944 A.
1475 4896 1499 4964 ·)
1513 4897 1561 4942 aut
1578 4886 1676 4941 iisdem
1698 4886 1732 4941 V.
1752 4906 1789 4934 =
1807 4883 1840 4935 ll.
1854 4883 1908 4936 A.

526 4979 548 5043 3)
568 4975 635 5028 ult·
654 4973 755 5030 litteris
774 4979 805 5031 B.
823 4979 857 5030 V.
877 4976 1032 5033 -litteris
1050 4981 1118 5033 ulit·
1138 4979 1174 5034 A.
1195 4983 1218 5054 ⁴)
1239 4990 1267 5034 ot
1284 4983 1309 5035 B
1326 5003 1361 5030 =
1381 4982 1416 5034 V.
1434 4981 1470 5034 A.
1492 4983 1517 5050 ⁵)
1533 4975 1600 5030 haec
1620 4979 1651 5032 V
1649 5013 1657 5029 .
1676 4977 1712 5029 A.
1731 5003 1769 5016 —-
1786 4969 1839 5025 hae
1863 4973 1910 5025 B.

469 5121 499 5186 α)
525 5116 592 5256 pla,
611 5119 677 5168 sen.
700 5118 758 5172 xn.
780 5125 840 5180 sto.
860 5121 887 5190 a)
907 5121 981 5192 vag.
1002 5125 1067 5175 aaa.
1088 5122 1124 5176 11.
1144 5127 1186 5183 sa.
1212 5129 1238 5195 a)
1257 5123 1333 5196 virg.
1354 5125 1418 5174 aaa.
1436 5121 1489 5174 tn
1508 5125 1570 5180 su.
1589 5123 1652 5178 su.
1677 5113 1804 5186 oVirs-
1825 5115 1912 5168 Λευ·

528 5205 538 5255 ι
569 5209 656 5263 sss.
