4032 6070
572 539 892 596 rnontsns
928 539 1130 596 MINOR.
1513 554 1583 622 307

130 685 259 764 clinari,
290 687 360 754 laoo
387 700 455 766 est,
483 690 607 754 huius
630 687 755 766 aliua,
779 690 875 752 huic
898 683 1096 775 atii³³)·);
1120 700 1153 754 at
1177 709 1259 755 vero
1281 705 1500 778 percuteres
1524 715 1582 763 ca·

124 809 171 854 sus
185 781 226 870 34)
250 789 294 852 ad
317 809 441 854 sonum
466 789 713 877 Sempronii
736 789 860 856 debeat
876 785 919 875 ³⁵)
942 790 1118 856 declinari.

194 891 269 958 367.
300 891 403 958 Nunc
432 893 536 958 etiam
565 896 633 958 hoc
655 913 855 969 monemus,
880 893 974 978 quod
997 898 1064 960 hoc
1087 895 1324 981 supradictum
1346 917 1475 963 nomen
1497 922 1580 988 pro-

124 1005 189 1080 pter
210 1006 322 1058 metra
343 997 380 1060 in
402 997 525 1060 iisdem
548 997 756 1083 supradictis
779 995 915 1062 casibus
938 1010 972 1061 et
994 997 1153 1062 anomale
1176 1011 1210 1062 et
1234 1019 1307 1062 uon
1329 1001 1487 1066 anomale
1500 1024 1581 1088 per-

124 1097 255 1160 missum
282 1095 327 1162 sit
356 1097 534 1164 declinari.
566 1099 636 1164 Sed
657 1101 725 1164 hoc
746 1117 893 1174 nomen,
921 1120 990 1184 qua
1013 1100 1055 1164 de
1078 1120 1182 1164 causa
1203 1100 1239 1162 in
1262 1101 1469 1186 supradictis
1493 1104 1580 1170 casi-

123 1197 175 1262 bus
190 1193 234 1282 ’ἢ
258 1213 404 1286 propter
425 1213 614 1266 structuras
642 1202 692 1266 ¹sic
722 1202 881 1266 anomale
905 1202 1145 1266 confirmatum
1174 1203 1220 1266 sit
1240 1206 1460 1288 pronuntiari
1481 1200 1521 1288 ³⁷)
1546 1221 1580 1271 et

123 1302 152 1366 in
171 1303 290 1366 metris
307 1303 465 1368 anomale
488 1318 523 1369 et
540 1325 612 1370 non
638 1303 797 1368 anomale
812 1305 1019 1390 permissum
1037 1304 1081 1368 sit
1098 1304 1266 1368 declinari
1280 1300 1340 1390 38),
1366 1307 1502 1370 eumad
1524 1328 1580 1372 ra·
1660 1375 1663 1382 ,

123 1407 239 1470 bouem
271 1420 462 1472 metrorum
491 1407 548 1472 vel
575 1419 826 1472 structurarum
855 1407 1052 1471 venerimus
1075 1399 1137 1490 ³⁰),
1172 1407 1246 1473 illic
1263 1401 1307 1493 ⁴⁰)
1342 1421 1580 1495 competenter

122 1506 333 1570 tractabimus
349 1503 403 1590 41).
815 1515 817 1518 ’

191 1611 267 1676 368.
298 1610 398 1675 item.
418 1613 454 1676 in
480 1614 547 1677 hac
574 1613 772 1700 supradicta
793 1603 838 1697 ⁴⁸)
867 1611 978 1676 torma
1007 1613 1202 1698 quaeritur,
1232 1613 1366 1699 quade
1389 1634 1491 1680 causa
1513 1637 1578 1682 no·

122 1713 202 1778 mina
220 1707 261 1792 ἱ3)
282 1735 348 1799 per
369 1714 505 1800 aliquos
528 1735 632 1800 supra
654 1716 845 1780 declinatos
869 1736 966 1780 casus
988 1735 1053 1801 per
1075 1715 1159 1779 duas
1186 1716 1222 1779 ·1·
1246 1717 1382 1780 litteras'
1400 1719 1579 1804 reperian-
1625 1739 1628 1748 ¹

122 1831 168 1880 tor
183 1807 227 1900 44)
258 1817 385 1882 scribi?
413 1817 487 1881 llac
516 1818 559 1881 de
580 1839 697 1896 causa,
727 1819 893 1903 quoniam
917 1837 1156 1903 quaecumque
1179 1819 1322 1882 nomina
1343 1821 1481 1904 generis
1503 1842 1579 1886 ma-

121 1919 232 1984 sculini
255 1921 472 1984 nominativo
496 1939 579 1984 casu
599 1921 736 1984 numeri
759 1919 943 2004 singularis
966 1919 1047 1984 ·US·
1071 1919 1201 2002 syllaba
1216 1933 1296 2006 post
1311 1913 1404 2005 ·1·⁴⁵)
1427 1923 1578 1988 litteram

121 2023 336 2100 deliniuntur,
360 2025 446 2086 haec
468 2025 623 2109 exceptis
646 2023 835 2099 anomalis,
860 2035 894 2086 et
915 2023 1077 2107 genetivo
1100 2042 1182 2085 casu
1197 2024 1333 2086 numeri
1354 2023 1499 2111 pluralis
1513 2044 1579 2112 per

120 2137 239 2192 ceteros
265 2146 364 2189 ossus
384 2126 463 2212 pari
483 2146 629 2191 numero
646 2119 689 2209 46)
712 2124 922 2206 syllabarum
946 2137 1084 2210 oportet
1105 2113 1220 2189 scribi.

191 2231 266 2296 369.
290 2227 377 2292 Item
401 2239 435 2290 et
457 2227 523 2292 alia
545 2227 723 2315 probatio,
749 2249 817 2314 qua
840 2229 1011 2294 docentur
1032 2229 1117 2291 haec
1131 2217 1172 2309 47)
1204 2227 1422 2314 supradictae
1445 2227 1576 2293 formae

118 2331 251 2396 uomina
273 2331 310 2394 in
334 2330 541 2415 supradictis
558 2329 700 2418 ,casibus
722 2351 786 2416 per
808 2331 892 2394 duas
915 2331 953 2392 ·1·
975 2330 1106 2393 litteras
1129 2329 1250 2405 scribi}
1281 2331 1447 2415 quoniam
1470 2353 1617 2417 quae-v,
1633 2341 1684 2407 aas.

121 2453 258 2518 cumque
289 2433 599 2518 nominageneris
629 2433 812 2497 masculini
840 2433 991 2498 ablativo
1022 2452 1103 2496 casu
1133 2433 1270 2495 numeri
1304 2432 1488 2516 singularis
1519 2433 1578 2498 ·0·

119 2534 220 2599 littera
242 2535 491 2610 terminantur,
514 2537 600 2599 haec
623 2534 761 2612 eadem,
786 2536 844 2601 ·0·
867 2536 1017 2600 litteram
1040 2535 1078 2597 in
1100 2533 1138 2597 Ἰ·
1160 2533 1217 2597 vel
1240 2533 1304 2598 ·1s·
1322 2523 1367 2616 ⁴⁸)
1390 2527 1579 2618 litteras⁴⁹)

121 2649 317 2702 convertunt
339 2649 374 2701 et
395 2637 612 2722 supradictos
635 2659 749 2714 casus,
774 2639 913 2722 quando
935 2655 1129 2726 perunum
1154 2636 1189 2699 ·1·
1212 2649 1247 2700 et
1269 2637 1408 2722 quando
1431 2635 1580 2722 perduc

120 2731 204 2824 ·1·,⁵⁰)
228 2739 426 2804 scribantur
443 2734 502 2822 ⁵¹),
531 2740 719 2804 ostendunt
733 2729 787 2822 ⁵²).
928 2731 931 2738 ’

194 2845 269 2908 370.
294 2842 381 2905 Item
404 2842 441 2905 in
463 2844 529 2906 hac
551 2843 786 2928 suprascripta
805 2837 850 2926 ⁵³)
873 2843 984 2907 lorma
1005 2841 1199 2927 quaeritur,
1229 2862 1299 2927 qua
1321 2841 1363 2905 de
1387 2863 1489 2906 eausa
1510 2843 1582 2905 hic

121 2941 254 3009 ebrius
278 2957 313 3008 et
333 2963 406 3008 non
427 2945 498 3007 hic
521 2945 619 3009 eber
641 2947 777 3010 dicatur
791 2936 855 3027 ⁵⁴)?
882 2946 956 3009 Hac
978 2946 1021 3009 de
1045 2965 1165 3020 causa,
1197 2945 1363 3029 quoniam
1393 2963 1580 3030 quaecum-

120 3064 178 3129 que
204 3047 349 3112 nomiua
378 3045 530 3113 ablativo
562 3069 642 3112 casn
670 3049 806 3112 numeri
837 3049 1020 3132 singularis
1044 3047 1119 3112 ·10·
1142 3047 1266 3110 litteris
1294 3039 1579 3129 definiuntnr⁵⁵),

121 3147 193 3213 baec
222 3171 416 3235 numquam
446 3151 662 3215 nominativo
695 3171 775 3214 casu
803 3151 940 3213 numeri
968 3150 1153 3234 singularis
1183 3149 1266 3211 ·ER·
1290 3149 1412 3212 litteris
1435 3147 1580 3211 conclu-

119 3248 248 3318 duntur.
271 3253 375 3316 Nunc
399 3273 477 3316 cum
502 3265 536 3316 et
557 3255 624 3316 hoc
651 3272 781 3316 nomen
803 3271 874 3315 non
898 3250 1050 3315 abhoc
1073 3251 1173 3316 ebro
1196 3243 1240 3333 ⁵⁰)
1264 3251 1376 3313 lacere
1400 3248 1580 3333 intellega-

120 3362 182 3431 tur,
204 3355 328 3440 utique
352 3355 421 3418 iam
445 3356 512 3419 hic
534 3355 693 3432 ebrius,
716 3371 787 3418 non
811 3356 879 3417 hic
902 3353 1003 3417 eber
1025 3354 1137 3416 lacere
1160 3353 1415 3436 pronuntiatur.

194 3461 270 3524 371.
292 3457 309 3488 ⁴*
328 3457 431 3520 Nunc
453 3459 490 3520 in
513 3460 578 3521 hae
600 3458 712 3522 lorma
735 3458 969 3543 suprascripta
984 3447 1027 3539 ⁵⁷)
1056 3455 1193 3540 generis
1217 3453 1410 3530 masculini,
1435 3475 1504 3540 qna
1526 3454 1580 3517 di·
1599 3478 1672 3529 ests.

117 3557 228 3622 ximus
249 3558 399 3623 ablativo
424 3580 505 3624 casu
518 3565 656 3625 numeri
678 3560 861 3644 singularis
878 3559 1021 3622 nomina
1044 3556 1100 3621 ·0·
1123 3557 1238 3620 littera
1260 3557 1440 3620 terminari
1463 3569 1497 3620 et
1514 3576 1579 3621 no·

117 3661 279 3727 minativo
302 3681 385 3727 casn
406 3659 543 3726 nume'ri
566 3661 750 3748 singularis
774 3661 854 3726 ·US·
885 3659 1015 3744 syllaba
1036 3671 1115 3746 post
1138 3659 1175 3722 ·1·
1198 3659 1348 3723 litteram
1371 3657 1507 3724 definiri
1522 3654 1579 3742 ⁵³),

242 3967 260 3982 ··
475 3965 482 3980 ·
554 3965 564 3997 a

153 3967 188 4038 ”³
214 3963 790 4124 tt.t'·.;¹.·.;1.ff¹.¹..⁸:.l.⁶::tttz
807 3998 846 4106 ;
862 3983 964 4125 :7⁶:33
979 3961 1580 4126 2323..‘ti'.t“..⁶·.''..‘:.·z.‘¹.i⁰.·:.'fl:

217 4144 255 4214 ²⁸)
273 4152 302 4196 et
321 4143 350 4196 ira
369 4144 463 4196 matris
472 4179 550 4196 .....
561 4141 694 4195 declinari
702 4144 780 4197 ΒΡ.
801 4145 902 4210 (sed=
914 4139 1151 4213 atuonanomale)
1169 4141 1250 4195 =A.
1270 4143 1307 4214 ³⁹)
1326 4142 1480 4196 venerimus
1498 4142 1531 4196 B.
1543 4142 1579 4197 V.

213 4231 247 4283 P.
265 4261 301 4273 -
319 4231 524 4302 pervenerimus
542 4233 578 4285 A.
598 4233 634 4302 ⁴⁰)
653 4229 712 4284 illic
732 4231 814 4286 V.A.
834 4225 869 4281 '=
886 4232 917 4284 B.
930 4233 961 4285 P.
989 4231 1025 4299 Ἰ)
1045 4227 1223 4282 tractabimus
1245 4229 1280 4284 V.
1297 4228 1334 4283 A.
1351 4261 1386 4271 -
1405 4229 1580 4283 tractavimus

213 4317 247 4372 B.
266 4319 303 4388 “l
323 4317 482 4390 supradicta
500 4321 534 4373 B.
553 4323 589 4374 A.
608 4351 644 4360 -
662 4319 849 4390 suprascripta
868 4320 900 4375 V
898 4357 904 4370 ·
923 4321 954 4372 P.
975 4319 1013 4390 ⁴³)
1032 4317 1141 4372 nomina
1158 4318 1192 4371 Β.
1213 4318 1249 4374 V.
1267 4339 1304 4368 =
1321 4318 1356 4371 A.
1383 4317 1421 4390 ⁴⁴)
1440 4319 1580 4390 reperian-

214 4413 259 4460 aar
276 4407 314 4462 V.
329 4408 366 4462 A.
385 4438 421 4448 -
439 4407 611 4480 repperiatur
627 4409 659 4462 B.
679 4409 715 4479 Η)
734 4417 801 4480 post
819 4407 851 4458 ·1·
870 4408 901 4460 Β.
915 4407 950 4461 V.
963 4408 992 4460 P.
1011 4438 1047 4448 -
1064 4413 1132 4476 post
1151 4415 1182 4459 ut
1200 4407 1236 4460 A.
1255 4407 1291 4476 ⁴⁶)
1310 4423 1422 4458 numero
1443 4406 1478 4461 V.
1493 4407 1530 4460 A.
1544 4436 1580 4446 -

213 4510 327 4548 pomero
345 4495 379 4550 Β.
399 4497 436 4567 *7)
456 4493 523 4548 baec
540 4497 573 4550 B.
595 4497 629 4550 V.
650 4493 752 4548 —bae
771 4495 807 4548 A.
832 4497 868 4567 Ρ)
890 4495 941 4550 ts*
961 4497 994 4548 B.
1014 4527 1050 4536 -
1070 4491 1125 4546 'lL·
1145 4493 1182 4548 V.
1201 4494 1238 4547 A.
1266 4495 1301 4565 ⁴⁹)
1321 4492 1427 4545 litteras
1445 4493 1477 4546 B.
1494 4493 1529 4548 V.
1545 4493 1577 4545 P.

212 4605 251 4633 =
266 4583 303 4636 A.
325 4583 360 4653 Εθ)
381 4579 435 4636 duo
455 4584 540 4635 ·1·-
559 4581 629 4636 duos
649 4583 680 4635 ·I·
698 4586 732 4639 B.
750 4615 786 4626 -
805 4581 876 4636 ‹luos
896 4585 944 4653 (ε.-
960 4584 1006 4655 ·Ῑ·)
1027 4581 1109 4639 V.A.
1130 4583 1166 4650 ς’)
1185 4578 1342 4632 scribantur
1361 4579 1489 4635 V.A.-
1507 4579 1577 4631 scri·

213 4667 318 4724 buntur
335 4671 368 4722 B.
390 4672 425 4738 5’)
444 4669 595 4725 ostendunt
613 4673 645 4725 Β.
665 4673 701 4728 V.
721 4673 752 4726 P.
771 4693 807 4724 =
825 4673 861 4724 A.
890 4674 925 4740 ω)
946 4671 1132 4741 suprascripta
1149 4668 1182 4721 B.
1202 4667 1238 4723 V.
1258 4669 1288 4720 Ρ.
1308 4698 1344 4708 -
1361 4663 1521 4737 supradicta
1539 4667 1575 4720 A.

212 4757 249 4827 ⁶⁴)
268 4755 379 4809 dicatur
396 4759 428 4810 Β.
450 4759 483 4812 V.
504 4760 534 4812 Ρ.
553 4793 589 4804 -
607 4758 710 4816 dicitur
727 4761 763 4814 A.
783 4763 820 4833 55)
841 4757 1010 4812 deliniuntur
1027 4759 1059 4810 B.
1077 4757 1112 4812 V.
1124 4757 1153 4809 P.
1172 4785 1209 4797 -
1227 4752 1391 4808 deliniantur
1408 4754 1444 4806 A.
1466 4754 1501 4824 Ιθ)
1520 4770 1577 4807 uon

213 4842 249 4895 ab
267 4841 321 4897 boc
348 4842 415 4898 ebro
433 4847 466 4900 B.
485 4878 521 4887 -
541 4843 574 4898 ab
600 4845 654 4902 boc
680 4845 758 4901 ebrio
778 4850 813 4903 V.
834 4848 871 4904 A.
889 4849 1027 4902 Fortassis
1045 4844 1204 4916 legendum:
1230 4859 1287 4895 nou
1305 4837 1339 4892 ab
1358 4838 1412 4894 boo
1430 4839 1508 4906 ebro,
1526 4841 1578 4894 aad

212 4929 248 4984 ab
265 4929 320 4986 boc
339 4931 426 4985 ebrio.
454 4935 492 5006 ⁵⁷)
513 4935 599 4986 fornia
624 4938 811 5009 suprascripta
837 4940 870 4993 Β.
888 4968 924 4978 -
942 4935 1128 5006 suprascripta
1153 4930 1240 4984 forma
1259 4931 1296 4988 V.
1313 4931 1345 4984 P.
1363 4959 1400 4972 -
1418 4928 1578 5003 supradicta
1621 4993 1626 5000 ,

213 5021 297 5074 forma
316 5023 353 5075 A.
375 5023 413 5096 ⁸⁸)
433 5039 485 5094 qua
504 5020 621 5076 diximus
640 5062 758 5079 .....
779 5022 887 5078 deliniri
906 5024 942 5079 V.
963 5024 998 5077 A.
1017 5009 1054 5070 3:
1072 5021 1104 5074 Β.

150 5127 182 5197 a)
212 5125 294 5180 Hunc
312 5125 406 5181 laeum
425 5127 487 5198 (lice
506 5149 590 5182 unum
607 5159 640 5176 -
657 5133 719 5205 atii)
738 5131 908 5200 Priscianus,
916 5129 976 5186 Vll.
997 5134 1058 5190 727.
1079 5128 1110 5183 Ρ.
1131 5123 1248 5182 totidem
1275 5123 1332 5178 iera
1350 5122 1442 5182 verbis
1462 5142 1476 5178 e
1495 5125 1577 5180 Probe

212 5219 344 5271 institutis
361 5220 471 5306 ortium¹
484 5213 585 5272 laudat.

1264 5301 1338 5369 20*
