4032 6070
407 487 474 560 περ
864 477 1422 536 ruoutsustttrton.

409 629 493 694 ·EN·
522 625 652 694 MOR·
685 625 760 694 ·AS·
793 626 870 692 ·ES·
902 625 986 694 ·OS·
1009 620 1052 709 99)
1085 618 1882 710 ux·ult-nus··Etts·⁴=)·t31>s··01)s·

408 733 537 796 ·UNll·.

488 837 564 900 277.
587 832 658 898 Sed
680 851 920 918 quaecumque
942 832 1085 899 uomina
1109 823 1151 914 99)
1174 832 1311 918 generis
1334 831 1529 898 communis
1552 830 1769 896 nominativo
1793 849 1881 892 casu

405 937 541 1000 numeri
568 934 754 1020 singularis
781 935 835 997 his
866 933 975 1000 tribus
1006 935 1126 1000 formis
1158 935 1385 1012 definiuntur,
1418 934 1454 998 id
1485 945 1553 1008 est,
1587 932 1724 1018 pugil,
1761 951 1879 1002 acer,

405 1039 550 1116 fortis,
574 1051 609 1102 et
632 1051 746 1101 cetera
768 1036 850 1100 talia
865 1029 921 1120 99),
945 1039 1042 1115 hacc,
1066 1038 1095 1102 si
1118 1059 1163 1102 ex
1186 1059 1245 1101 sua
1269 1036 1384 1124 specie
1408 1037 1444 1124 in
1467 1055 1594 1119 genera
1617 1049 1738 1098 neutra
1761 1045 1878 1098 trans-

404 1153 498 1218 eunt,
522 1141 704 1204 incudem
727 1158 854 1224 genere
884 1153 1008 1204 neutro
1031 1141 1248 1206 nominativo
1271 1161 1353 1204 casu
1375 1129 1511 1202 uumiri
1533 1137 1717 1222 singularis
1741 1133 1792 1198 ·E·
1815 1133 1877 1196 lit-

403 1258 477 1311 ters
500 1242 748 1318 terminantur,
771 1255 931 1327 utputa:
955 1241 1024 1308 liic
1047 1255 1080 1308 et
1103 1246 1206 1308 haec
1228 1242 1368 1330 pugil,
1392 1261 1508 1317 acer,
1532 1240 1674 1314 lortis,
1699 1239 1778 1302 hoc
1801 1255 1878 1322 pu-

403 1344 509 1432 gile,
542 1364 659 1419 acre,
688 1343 818 1420 iortc;
849 1357 883 1408 et
910 1363 975 1431 pro
1004 1365 1065 1410 sua
1093 1345 1206 1410 iorma
1228 1345 1419 1410 secundum
1447 1363 1556 1428 genus
1579 1354 1740 1405 nentrum
1763 1337 1877 1404 decli-

403 1460 540 1512 uantur.

487 1551 560 1615 278.
584 1547 686 1612 Nunc
708 1549 777 1612 hoc
799 1566 980 1612 monemus
1004 1569 1049 1612 ex
1071 1549 1135 1612 hac
1158 1547 1268 1611 forma
1291 1569 1359 1633 qua
1375 1546 1528 1612 diximus
1550 1546 1688 1630 generis
1711 1561 1872 1608 commu-

401 1651 456 1714 nis
479 1650 621 1714 nomina
643 1651 858 1714 nominativo
882 1670 963 1714 casn
985 1652 1121 1714 numeri
1145 1650 1328 1734 singularis
1354 1649 1421 1714 ·11.·
1443 1647 1566 1712 litteris
1590 1645 1741 1722 definiri,
1774 1641 1874 1728 quod

400 1751 479 1838 plus
509 1768 614 1838 quam
645 1764 777 1838 septem
808 1752 902 1829 soni,
931 1755 999 1818 hoc
1021 1747 1061 1834 ευ)
1086 1767 1154 1831 cst,
1185 1773 1288 1838 quam
1306 1747 1350 1836 ⁵¹)
1373 1766 1505 1837 septem
1527 1750 1671 1812 nomina
1693 1767 1764 1812 uon
1785 1765 1872 1832 pos-

400 1855 470 1918 sint
485 1848 528 1937 ⁶²)
551 1852 721 1918 exhiberi.
878 1853 887 1866 ⁸

483 1959 557 2024 279.
581 1955 669 2019 Item
693 1943 799 2037 01⁵³)
828 1956 894 2020 hac
921 1956 1052 2036 forma,
1082 1978 1150 2042 qua
1172 1957 1325 2022 diximus
1348 1955 1484 2040 generis
1508 1954 1703 2020 communis
1724 1949 1871 2016 nomina

397 2056 614 2120 nominativo
639 2076 728 2120 »casu
758 2058 894 2122 numeri
925 2058 1111 2143 singularis
1144 2058 1229 2122 ·Ell·
1251 2056 1376 2122 litteris
1398 2057 1552 2134 deliniri,
1577 2059 1644 2122 hoc
1667 2072 1870 2128 monemus,

396 2158 492 2244 quod
513 2158 592 2244 plus
615 2177 720 2243 quam
745 2161 1008 2243 quatuordecim
1031 2161 1126 2240 soni,
1150 2161 1218 2226 hoo
1241 2174 1309 2240 est,
1334 2181 1438 2246 quam
1462 2149 1784 2245 quatuordecim⁵³)
1801 2172 1869 2218 no-

395 2261 490 2324 mina
512 2279 584 2324 non
607 2260 743 2346 possint
757 2254 801 2342 ⁵⁵)
824 2261 982 2326 exhiberi
997 2255 1050 2345 96).

478 2365 553 2428 280.
577 2361 665 2426 ltcm
688 2382 734 2425 ex
755 2363 820 2425 hac
843 2363 972 2441 forma,
997 2359 1066 2450 qu'a
1088 2365 1242 2430 diximus
1263 2365 1400 2450 generis
1415 2365 1610 2430 communis
1633 2361 1777 2428 nomina
1799 2378 1868 2422 no-

287 2465 562 2530 r.2t.r.minativo
586 2485 668 2528 casu
689 2465 826 2540 numeri
840 2465 1024 2550 singularis
1043 2467 1107 2531 ·1s·
1122 2467 1246 2532 litteris
1269 2468 1415 2544 definiri,
1439 2465 1532 2530 *hoc
1550 2485 1746 2538 monemus,
1768 2460 1867 2546 quod

300 2538 371 2614 9999
397 2565 649 2652 quamplurimi
671 2567 765 2644 soni,
789 2569 857 2632 hoc
879 2581 947 2644 est,
971 2570 1230 2656 quamplurima
1250 2571 1394 2635 uomina
1416 2569 1550 2654 possint
1574 2565 1742 2630 exhiheri.

246 2656 253 2666 ¹
476 2671 553 2735 281.
577 2668 665 2732 Item
688 2689 929 2754 quaecumque
951 2671 1096 2736 nomina
1117 2673 1255 2756 generis
1278 2671 1411 2736 scilicet
1427 2671 1623 2734 communis
1642 2665 1866 2732 nominativo

392 2791 475 2836 casn
497 2770 633 2834 numeri
656 2769 840 2854 singularis
863 2772 928 2835 hac
945 2763 987 2856 ⁵7)
1011 2773 1122 2836 forma
1137 2773 1226 2838 ·Oll·
1243 2769 1287 2857 ⁵⁸)
1311 2773 1531 2846 deliniuntur,
1555 2771 1667 2846 idest,
1691 2768 1867 2835 doctior

392 2887 427 2939 ct
450 2886 564 2938 cetera
595 2871 694 2950 talia,
726 2888 760 2936 ct
782 2867 825 2955 99)
849 2893 894 2936 ex
916 2895 977 2937 sua
1000 2877 1115 2960 specie
1138 2876 1174 2938 in
1197 2896 1324 2960 genera
1347 2888 1469 2940 neutra
1491 2885 1686 2948 transeunt,
1716 2861 1865 2950 haec⁶⁰)

390 2976 427 3040 in
450 2976 573 3040 eodem
596 2994 723 3060 genere
744 2986 870 3040 neutro
894 2977 1111 3041 nominativo
1136 2997 1217 3042 casu
1238 2978 1374 3041 numeri
1404 2975 1589 3060 singularis
1613 2973 1710 3038 ·lUS·
1733 2972 1864 3038 litteris

390 3076 619 3153 deliniuntur,
643 3089 804 3163 utputa:
828 3079 899 3142 hic
922 3081 1082 3144 ethaeo
1105 3081 1290 3157 doctior,
1314 3072 1453 3163 hoc⁶')
1475 3079 1665 3154 doctius;
1688 3090 1864 3142 etsecun·

389 3177 472 3243 dum
494 3198 603 3262 genus
626 3195 787 3244 neutrum
811 3180 1041 3246 declinantur.

473 3283 546 3346 282.
576 3281 678 3345 Nunc
710 3302 756 3345 ex
784 3282 849 3346 hac
879 3282 1010 3360 forma,
1043 3305 1112 3368 qua
1140 3283 1294 3348 diximus
1325 3285 1462 3368 generis
1491 3281 1685 3348 communis
1715 3279 1864 3344 nomina

388 3383 604 3447 nominativo
635 3404 716 3447 casu
747 3385 884 3448 numeri
914 3385 1098 3470 singularis
1122 3385 1230 3450 tou·
1253 3380 1297 3470 ⁶²)
1321 3386 1444 3450 litteris
1468 3385 1623 3462 definiri,
1646 3385 1715 3448 hoc
1737 3401 1862 3447 mone·

388 3471 481 3562 mus,
505 3485 601 3568 quod
618 3478 662 3568 ⁶³)
686 3486 936 3572 quamplurimi
950 3479 994 3570 99)
1023 3488 1117 3566 soni,
1149 3489 1218 3552 hoc
1240 3501 1309 3566 est,
1333 3489 1590 3576 quamplurima
1611 3486 1754 3552 nomina
1776 3504 1859 3570 pos-

388 3587 458 3651 sint
475 3579 519 3668 ⁶⁵)
541 3586 710 3652 exhiberi.

372 3771 378 3784 Ι
471 3691 546 3755 283.
573 3688 620 3754 At
647 3710 731 3754 vcro
763 3710 1005 3776 quaecumque
1033 3693 1178 3756 nomina
1200 3693 1337 3776 generis
1367 3692 1501 3758 scilicet
1524 3691 1718 3757 communis
1741 3687 1859 3752 nomi-

387 3791 505 3854 nativo
533 3811 615 3854 casu
643 3792 780 3854 numeri
809 3793 996 3877 singularis
1026 3795 1079 3858 his
1109 3795 1294 3859 duodecim
1323 3795 1444 3859 formis
1472 3795 1699 3876 deliniuntur,
1728 3790 1858 3864 idest,

387 3891 570 3969 tibicen,
594 3912 760 3967 memor,
785 3895 983 3978 optimas,
1006 3911 1137 3974 vates,
1161 3897 1375 3974 sacerdos,
1400 3897 1574 3974 artifex,
1596 3896 1695 3972 dux,
1719 3891 1856 3970 arabs,

386 3991 563 4056 coelebs
583 3985 644 4076 99),
668 3995 889 4082 princeps,
913 3999 1039 4084 inops
1061 3991 1122 4081 ⁶7),
1154 3985 1345 4064 coniun'x
1366 3993 1411 4083 98)
1435 4012 1468 4063 et
1491 4013 1606 4062 cetera
1628 3995 1726 4072 talia,
1757 4008 1791 4058 et
1811 3987 1857 4072 δ9)

385 4113 431 4157 cx
452 4114 513 4158 sua
536 4096 651 4182 spcoic
673 4096 710 4160 iu
732 4116 861 4181 genera
883 4115 1006 4164 neutra
1028 4097 1207 4165 transcunt
1230 4105 1291 4183 ⁷⁰),
1311 4104 1395 4166 haec
1418 4103 1461 4183 7“)
1483 4121 1555 4164 non
1579 4099 1769 4164 secundum
1793 4116 1857 4181 ge-

281 3741 311 3789 V.
328 3749 371 3796 ²⁰7

423 4452 459 4522 ⁴⁶)
487 4449 555 4506 0⁸·
575 4451 653 4508 nr.
669 4455 699 4508 Ρ.
719 4484 754 4500 -.
774 4455 845 4510 ou·
864 4457 900 4510 A.
920 4459 957 4528 υ)
979 4457 1063 4512 uss·
1084 4459 1166 4513 m.
1185 4489 1221 4500 -
1240 4457 1328 4514 uus·
1347 4459 1379 4512 n
1400 4459 1435 4528 ι’)
1455 4457 1565 4511 nomn.
1582 4458 1615 4511 n.
1634 4457 1670 4510 A.
1689 4485 1724 4498 -
1741 4454 1858 4508 nonne

488 4541 524 4596 V·
544 4541 579 4610 99)
600 4539 664 4594 itlis
683 4541 765 4597 V.A.
784 4573 821 4585 -
838 4541 891 4598 slis
908 4546 941 4600 B.
962 4549 996 4616 ⁵⁸)
1016 4544 1070 4599 hoc
1087 4549 1120 4600 B.
1141 4548 1175 4602 V.
1197 4544 1310 4600 P.-id
1327 4546 1364 4601 A.
1385 4548 1419 4618 ⁵¹)
1439 4563 1520 4620 quun
1539 4546 1574 4600 V.
1594 4545 1716 4598 A.=B.
1737 4545 1773 4608 99)
1787 4559 1856 4614 pos·

485 4629 543 4682 sint
560 4629 593 4685 B.
614 4631 651 4686 V.
668 4640 841 4702 -possnut
859 4633 895 4685 A.
916 4631 954 4705 99)
974 4651 1006 4686 ex
1024 4636 1055 4687 B.
1075 4636 1157 4687 -iu
1176 4637 1212 4691 V.
1233 4640 1268 4692 A.
1290 4636 1324 4706 99)
1345 4635 1407 4688 soni
1415 4671 1491 4688 .....
1504 4629 1712 4705 quatuordecim
1730 4631 1854 4686 B.V.P.

483 4739 520 4767 =
537 4718 574 4772 A.
595 4718 631 4791 99)
650 4719 761 4790 possint
782 4720 814 4774 B.
836 4721 871 4774 V.
893 4722 924 4774 P.
944 4749 978 4763 -
997 4732 1115 4792 possunt
1132 4724 1169 4776 A.
1195 4725 1232 4796 99)
1252 4721 1375 4776 exhiberi
1395 4725 1429 4778 V.
1449 4725 1485 4777 A.
1504 4757 1539 4766 -
1559 4717 1663 4774 exiberi
1681 4722 1714 4773 B.
1743 4721 1781 4792 97)
1800 4715 1854 4770 lrsc

427 4851 431 4858 .
485 4805 520 4859 V.
541 4806 577 4858 A.
595 4835 632 4848 —
649 4803 718 4858 haec
735 4807 768 4860 B.
790 4808 826 4880 99)
846 4808 917 4862 ou·
937 4807 973 4862 A.
992 4831 1028 4856 =
1045 4811 1077 4862 B.
1093 4811 1129 4864 V.
1150 4812 1180 4863 P.
1201 4813 1236 4881 ⁵⁹)
1256 4821 1285 4864 et
1303 4813 1333 4864 B.
1354 4811 1391 4867 V.
1409 4833 1445 4860 =
1463 4811 1499 4864 A.
1518 4812 1556 4881 9ο)
1575 4806 1644 4860 haec
1661 4809 1693 4861 B.
1714 4809 1750 4863 V.
1770 4811 1854 4862 P.=
1974 4815 1983 4822 ·

483 4891 520 4945 A.
540 4892 577 4962 o)
596 4891 651 4947 ιω
667 4896 700 4948 n
721 4895 757 4950 V.
776 4895 806 4948 r.
826 4927 862 4939 -
880 4905 911 4948 ss
928 4893 983 4950 sos
1000 4897 1036 4950 A.
1056 4898 1092 4961 o)
1113 4897 1194 4952 tou·
1213 4901 1245 4952 n.
1266 4901 1302 4954 V.
1321 4900 1354 4954 r.
1373 4887 1508 4954 -'·1us·
1527 4897 1565 4952 A.
1584 4898 1620 4966 υ)
1640 4894 1717 4968 quot
1734 4897 1767 4950 n
1780 4897 1851 4952 tan

486 4997 516 5028 τι·-
537 4979 574 5031 A·
598 4981 634 5050 99)
655 4981 846 5054 quamplurimi
868 4985 902 5039 V.
923 4985 959 5037 A.
978 5015 1014 5026 -
1033 4983 1207 5058 quamplures
1226 4989 1258 5040 B.
1278 4989 1308 5040 Ρ.
1336 4989 1373 5058 99)
1398 4988 1508 5058 possint
1534 4986 1571 5041 V.
1590 4985 1626 5038 A.
1645 4987 1798 5056 -possin
1817 4985 1852 5036 B.

483 5065 522 5136 ο9)
541 5063 649 5120 99999999
669 5070 704 5124 V·
723 5068 760 5123 A·
779 5099 815 5110 -
833 5069 928 5143 celeps
945 5073 977 5124 B.
1005 5074 1044 5144 ⁶⁷)
1065 5074 1146 5144 inops
1164 5075 1196 5127 B.
1218 5077 1253 5128 V.
1273 5076 1310 5129 A.
1328 5097 1365 5124 =
1384 5077 1413 5128 P.
1442 5078 1476 5147 99)
1505 5057 1624 5128 conluux
1642 5075 1673 5127 B.
1694 5103 1728 5116 -
1747 5071 1854 5122 coniux

485 5153 521 5206 V·
541 5152 576 5204 A·
591 5153 630 5224 θ9)
641 5161 669 5207 tl
686 5156 720 5210 tt.
731 5156 767 5208 V.
777 5158 857 5210 A.=
867 5159 896 5212 P.
909 5160 945 5231 99)
956 5167 1100 5216 transeunt
1117 5163 1149 5214 B.
1160 5162 1197 5217 A.
1205 5193 1240 5206 -
1251 5169 1388 5216 transeant
1399 5163 1432 5216 V.
1455 5169 1490 5234 ⁷¹)
1507 5160 1573 5215 huso
1582 5164 1613 5215 B.
1622 5161 1654 5216 V
1652 5197 1658 5211 .
1669 5161 1699 5212 P.
1707 5193 1740 5204 -
1750 5156 1805 5211 lioc
1814 5161 1851 5211 A.
