4050 6064
607 531 1163 592 rnosraasuruoa.
1552 517 1620 614 ω

38 689 39 752 i
149 704 296 770 persona
320 683 458 747 numeri
481 683 666 768 singularis
696 697 729 748 et
760 685 957 770 supradicta
985 682 1097 746 iorma
1122 683 1306 764 declinari,
1330 698 1370 750 ut
1392 651 1498 773 puta:
1521 688 1618 753 atti-

36 857 37 870 *
150 789 218 850 cio
238 781 301 870 Ἰ’),
325 785 486 850 officio
510 777 573 869 ⁸⁹),
598 787 737 850 inicio
759 791 815 869 θ’).
850 785 920 850 Sed
943 788 1029 848 haee
1056 785 1262 872 imperativo
1286 787 1391 852 modo
1414 792 1459 874 9’)
1479 801 1617 876 tempo·

150 889 191 950 ris
209 888 255 973 9’)
277 890 470 974 praesentis
495 889 531 952 in
556 888 753 974 supradicta
778 907 927 971 persona
952 881 1003 949 ·E‘·
1030 887 1144 952 littera
1167 901 1300 952 tantum
1326 892 1556 955 terminantur
1579 905 1618 956 ut

35 1066 36 1072 ἵ
150 1004 246 1076 puta:
273 991 410 1054 allice
437 985 499 1074 θ’),
524 990 665 1054 oilice
681 979 746 1070 9⁴),
771 989 890 1053 inice
911 981 968 1070 θ’).
994 989 1051 1053 Sic
1075 1003 1108 1052 et
1130 983 1176 1073 ⁹⁶)
1205 1011 1283 1053 cum
1300 994 1345 1072 ⁹⁷)
1363 994 1617 1078 compositione

148 1111 206 1154 sua
231 1092 269 1155 in
293 1093 412 1156 eadem
434 1112 583 1178 persona
607 1091 834 1154 declinantur.
858 1091 887 1153 Α
917 1090 1033 1154 lacio
1059 1104 1092 1154 et
1116 1090 1178 1155 iio
1204 1092 1281 1155 talis
1305 1091 1436 1158 locutio
1463 1097 1619 1159 nascitur

150 1192 368 1258 calefacio
397 1207 431 1258 et
450 1189 494 1277 ⁹⁸)
519 1192 704 1266 salerio,
729 1192 989 1257 calefactus.
1014 1193 1073 1257 Sic
1099 1207 1132 1256 et
1158 1205 1272 1256 cetera
1299 1194 1398 1270 talia,
1423 1216 1511 1280 quae
1534 1217 1617 1282 pos-

149 1308 226 1357 sunt
250 1317 270 1357 a
296 1294 407 1359 facio
432 1295 488 1357 vel
507 1294 567 1358 lio
589 1295 746 1357 accidere
762 1297 825 1379 ⁹⁹),
850 1309 929 1358 sunt
954 1294 1220 1380 pronuntianda.

229 1399 305 1463 853.
328 1397 345 1428 ⁴
364 1394 466 1472 Odi,
490 1399 608 1472 novi,
634 1397 812 1460 memini
834 1397 985 1484 speciem
1007 1396 1193 1498 perlect'am
1213 1399 1393 1462 continent
1408 1412 1443 1462 et
1458 1419 1543 1484 quas
1561 1421 1724 1534 resep„

149 1497 235 1580 regit
255 1499 387 1582 species
400 1499 563 1583 perlecta.
576 1501 679 1563 Nunc
694 1500 881 1584 quaeritur,
899 1519 967 1582 qua
984 1499 1027 1562 de
1044 1519 1145 1562 causa
1163 1519 1264 1560 mem
1275 1499 1284 1560 i
1295 1499 1337 1562 ni
1357 1499 1506 1564 futurum
1527 1502 1672 1566 tem-⁰⁰·
1688 1505 1710 1538 ¹·

150 1618 211 1682 pus
227 1599 324 1662 modi
341 1601 734 1684 imperativicontineat.
744 1600 812 1664 Sed
827 1601 894 1664 hoc
909 1602 944 1662 iu
958 1601 1051 1662 sonis
1064 1613 1303 1684 competenter
1315 1603 1538 1666 tractabimus
1549 1605 1615 1687 ¹⁰⁰).

229 1699 575 1777 scattoimum
597 1703 681 1779 vis,
705 1721 790 1764 non
813 1702 929 1777 vult,
953 1701 1160 1766 nolumus
1178 1705 1224 1785 ¹),
1249 1722 1336 1765 non
1358 1703 1518 1777 vultis,
1541 1725 1616 1767 no·

150 1799 246 1863 lunt
266 1803 305 1884 ²).
328 1801 432 1882 Nunc
456 1805 563 1868 nolo
581 1797 630 1889 ³).
654 1803 780 1890 quibus
804 1805 917 1868 modis
940 1802 995 1866 vel
1017 1805 1176 1889 personis
1196 1803 1350 1880 deficiat,
1374 1807 1441 1869 boo
1464 1807 1616 1874 insonis

150 1915 387 1986 competenter
403 1904 627 1969 tractabimus
644 1897 684 1989 ⁴).

231 2007 307 2070 855.
339 2005 474 2082 Volo,
497 2007 586 2081 vis,
609 2006 724 2083 vult.
746 2005 972 2082 volumus,
996 2005 1162 2080 vultis,
1185 2006 1347 2070 volunt.
1371 2009 1474 2071 Nunc
1493 2007 1723 2102 V⁰¹⁰tv.322.

150 2105 271 2188 quibus
290 2106 402 2169 modis
419 2106 475 2170 vel
492 2109 650 2192 personis
667 2108 814 2182 deficiat,
832 2109 898 2170 boc
913 2107 950 2169 in
971 2108 1064 2170 sonis
1081 2119 1320 2193 competenter
1333 2107 1555 2173 tractabimus
1573 2101 1612 2191 ⁵).

233 2207 307 2273 856.
341 2207 479 2284 Malo,
512 2211 666 2286 mavis,
700 2207 882 2284 mavult,
915 2209 1143 2283 malumus,
1176 2211 1404 2285 mavultis,
1436 2210 1613 2276 malunt.

148 2307 247 2372 Nunc
271 2308 402 2384 malo,
427 2309 683 2394 quibusmodis
704 2309 760 2376 vel
782 2310 941 2396 personis
963 2309 1118 2384 deficiat,
1142 2312 1210 2374 hoc
1233 2312 1269 2374 iu
1297 2313 1391 2376 sonis
1413 2323 1615 2397 competen-

148 2421 198 2474 ter
213 2403 244 2491 ὅ)
261 2411 483 2474 tractabimus
503 2416 543 2495 ⁷).

226 2515 303 2578 857.
327 2512 464 2588 Vado,
486 2514 552 2578 aio
569 2507 610 2595 ⁸),
630 2533 760 2598 quaes
773 2533 812 2589 o,
830 2513 956 2598 quibus
976 2513 1088 2576 modis
1103 2512 1159 2576 vel
1174 2514 1334 2598 personis
1353 2514 1530 2589 deficiant,
1547 2517 1615 2579 boc

148 2613 180 2676 in
196 2615 290 2678 sonis
308 2627 548 2699 competenter
563 2615 787 2678 tractabimus
800 2617 842 2697 9).

229 2718 303 2780 858.
328 2715 496 2790 Audeo,
519 2718 683 2800 gaudeo
706 2719 764 2800 ¹⁰),
789 2716 913 2780 soleo
937 2716 995 2798 ¹¹),
1019 2727 1154 2790 meto,
1179 2714 1289 2792 fido,
1315 2716 1399 2792 lio,
1419 2719 1503 2781 haec
1528 2737 1614 2782 neu-

147 2818 334 2903 tropassiva
355 2821 396 2902 ¹²)
411 2839 484 2881 esse
499 2831 745 2904 nuncupantur
768 2819 832 2880 hac
847 2817 890 2882 de
907 2837 1029 2891 causa,
1054 2817 1218 2900 quoniam
1242 2837 1316 2893 res,
1341 2839 1438 2902 quas,
1453 2821 1541 2903 regit
1559 2821 1614 2882 in·

145 2917 310 2981 dicativus
333 2920 455 2982 modus
472 2920 647 3005 ipsorum,
665 2932 788 2998 neutra
815 2912 855 3002 ¹³)
882 2917 992 2980 iorrna
1012 2919 1247 2993 declinantem
1271 2930 1303 2980 at
1323 2938 1406 2982 vero
1429 2941 1503 2995 res,
1527 2941 1613 3004 quas

144 3019 229 3102 regit
244 3021 376 3105 species
397 3014 437 3103 ¹⁴)
457 3022 609 3106 perlecta
629 3021 804 3106 ipsorum,
828 3019 965 3104 passiva
987 3018 1098 3082 lorma
1119 3018 1354 3094 declinantur,
1378 3031 1416 3082 ut
1440 3033 1523 3104 puta
1545 3041 1611 3082 au·
1707 3105 1709 3108 ,
1745 3061 1750 3075 ·

145 3119 240 3194 deo,
268 3141 398 3184 ausus
430 3144 533 3186 sum.
558 3123 616 3187 Sic
642 3136 676 3186 et
698 3135 812 3185 cetera
834 3121 1032 3204 supradicta
1055 3133 1093 3182 ut
1118 3119 1288 3196 diximus,
1313 3121 1533 3184 declinantur
1557 3116 1609 3205 ¹⁵).

223 3223 410 3290 859.Nuno
428 3225 617 3308 quaeritur,
635 3225 759 3308 quade
778 3243 880 3286 causa
900 3243 918 3284 a
937 3221 997 3286 lio
1013 3220 1147 3284 infinito
1161 3221 1266 3284 modo
1288 3221 1392 3285 lieri
1405 3223 1612 3307 pronuntia»

144 3334 196 3385 tur
214 3317 265 3406 ¹⁶).
284 3324 400 3408 Quare
417 3327 483 3389 hoc
499 3345 691 3399 monemus,
704 3325 799 3409 quod
816 3327 882 3387 boc
900 3325 935 3386 in
953 3324 1047 3386 sonis
1065 3335 1303 3406 competenter
1319 3323 1543 3387 tractabimus
1557 3327 1609 3407 Ι7).

226 3427 301 3492 860.
315 3422 356 3510 ¹⁸)
374 3427 483 3504 sun,
500 3429 645 3492 verbum
661 3425 868 3491 defectivum
882 3425 1072 3489 indicativo
1090 3425 1194 3486 modo
1218 3425 1361 3502 dictum,
1381 3427 1548 3512 temporis
1569 3429 1609 3508 ¹⁹)

144 3529 347 3608 praesentis,
371 3517 508 3592 numeri
529 3529 730 3614 singularis,
754 3529 884 3614 figurae
910 3527 1077 3614 simplicis
1097 3545 1268 3612 personae
1293 3526 1427 3612 primae
1444 3529 1486 3609 ὀ)
1514 3526 1610 3611 quod

144 3627 371 3692 declinabitur
385 3629 453 3693 sic:

141 3783 489 3802 Q

181 3868 223 3936 ··)·
236 3867 328 4011 epops
339 3851 379 3923 Ia.
397 3871 557 4011 :pppis
581 3873 614 3926 n.
636 3870 724 4010 'db
747 3872 785 4010 ἶ)
809 3869 901 4011 oncle.
917 3871 953 4026 p)
968 3869 1004 4009 ,ιι
1023 3899 1057 3911 -
1077 3867 1167 4010 erup.
1177 3867 1227 4007 s.
1247 3865 1450 4007 ''ltffiidff‘zf
1470 3865 1609 4022 mindi:

269 3995 276 4009 .
324 3967 733 4011 .-ruro.⁹'moo.
780 3981 842 4010 .=
890 3964 941 4008 .¹
988 3975 1161 4008 eniens.
1209 3971 1455 4007 .-emon.
1531 3971 1592 4004 ac

243 4073 279 4084 -
296 4045 390 4115 aspice
403 4045 436 4098 B.
455 4045 493 4100 V.
509 4047 544 4102 A.
564 3962 602 4115 Α)
619 4043 698 4098 office
714 4075 750 4085 -
767 4043 844 4098 effice
860 4046 889 4098 B.
905 4044 942 4098 V.
957 4044 993 4096 A.
1014 3975 1050 4113 νἸ)
1066 4042 1149 4092 iuiice
1165 4041 1202 4094 A.
1217 4073 1253 4082 -
1270 3971 1389 4093 inicepB.
1408 4042 1444 4093 V.
1464 4040 1556 4110 tl>sic
1570 4049 1609 4105 et,

243 4133 441 4202 supplendum:
463 4143 552 4186 cetera
570 4131 729 4205 supradicta
741 4129 841 4198 verba,
861 4129 970 4182 scilicet
988 4128 1088 4193 dico,
1107 4126 1209 4181 duco.
1228 4129 1264 4198 η)
1281 4143 1342 4180 cum
1355 4127 1388 4180 B.
1408 4127 1446 4181 V.
1466 4129 1497 4180 P.
1516 4148 1553 4178 =
1570 4127 1609 4181 A.

242 4219 278 4288 θ’)
298 4227 327 4270 st
343 4219 378 4273 V.
397 4219 435 4274 A.
448 4242 485 4269 =
496 4222 529 4275 B.
549 4227 585 4292 θ’)
602 4219 728 4274 accidere
743 4217 924 4272 -accedere
939 4219 972 4272 B.
988 4219 1025 4272 V·
1039 4218 1076 4271 A.
1098 4219 1145 4284 ’·’)
1165 4211 1344 4268 tractabimus
1367 4214 1405 4270 V.
1426 4214 1464 4267 A.
1483 4245 1519 4256 -
1537 4220 1610 4266 trac·

243 4305 357 4358 terimus
378 4307 411 4360 B.
428 4309 458 4360 Ρ.
487 4315 509 4378 ¹)
526 4308 652 4362 nolumus
676 4308 712 4363 V.
734 4308 771 4362 A.
798 4338 832 4349 -
857 4304 976 4359 nolimus
998 4305 1022 4358 B
1051 4306 1075 4377 Ι)
1094 4300 1159 4355 uolo
1180 4340 1187 4355 .
1208 4340 1214 4354 .
1235 4339 1243 4356 .
1265 4339 1272 4356 .
1292 4299 1391 4355 nolunt
1417 4303 1448 4355 B.
1463 4302 1501 4358 V.
1518 4302 1554 4355 A.
1574 4331 1610 4346 ι-

241 4391 329 4458 male,
349 4395 450 4460 mavis,
468 4395 589 4461 mavult,
607 4395 749 4460 mavultis,
768 4393 873 4448 malunt
896 4395 929 4448 P.
951 4396 973 4460 Ι)
988 4389 1053 4444 nolo
1075 4391 1108 4444 B.
1124 4390 1160 4444 V.
1176 4390 1212 4443 A.
1232 4421 1266 4430 -
1285 4389 1358 4441 malo
1376 4389 1408 4440 P.
1434 4389 1458 4460 ⁴)
1477 4385 1608 4440 tractabi-

183 4493 185 4498 ’
241 4496 300 4531 tuus
317 4482 353 4536 V·
371 4483 406 4535 A.
425 4514 462 4525 -
480 4484 654 4536 tractavimus
668 4484 699 4538 B.
716 4486 746 4537 P.
767 4487 790 4554 5)
809 4479 987 4536 tractabimus
998 4479 1034 4534 V.
1048 4479 1085 4531 A.
1106 4509 1141 4520 -
1160 4477 1335 4529 tractavimus
1355 4477 1388 4528 B.
1403 4476 1433 4527 Ρ.
1454 4475 1476 4544 ⁸)
1493 4490 1607 4544 compe·

242 4575 332 4622 tenter
346 4570 383 4622 V.
402 4593 437 4619 =
456 4571 489 4623 B.
505 4571 541 4623 A.
562 4575 584 4640 7)
601 4569 778 4623 tractabimus
795 4571 831 4625 V.
849 4571 886 4624 A.
906 4601 941 4612 -
958 4567 1134 4620 tractavimus
1153 4565 1187 4616 B.
1204 4565 1233 4616 Ρ.
1254 4565 1276 4632 Ι)
1294 4564 1336 4614 aio
1352 4563 1384 4615 B.
1403 4592 1439 4601 —
1457 4557 1499 4612 alo
1515 4560 1551 4614 V.
1569 4559 1605 4612 A.

241 4657 264 4723 ⁹)
283 4653 461 4710 tractabimus
476 4657 511 4712 V.
525 4659 561 4712 A.
575 4689 612 4701 -
630 4659 805 4711 tractavimus
824 4657 857 4710 B.
874 4658 906 4709 P.
928 4659 964 4724 ¹⁰)
980 4651 1086 4723 gaudeo
1102 4653 1136 4705 B.
1157 4653 1192 4704 V.
1211 4679 1247 4690 -
1266 4645 1382 4717 gaudeo,
1401 4645 1436 4698 fio
1452 4647 1488 4699 A.
1510 4651 1544 4712 ”)
1560 4662 1607 4698 se·

239 4737 300 4806 leo,
317 4757 381 4814 post
401 4745 427 4796 b.
447 4765 472 4798 ν.
492 4751 611 4816 spatium
634 4766 749 4798 vacuum
769 4751 797 4796 in
813 4744 850 4796 A.
872 4747 907 4814 ¹¹)
928 4750 1026 4793 neutro
1050 4739 1159 4810 passiva
1175 4737 1207 4789 B.
1224 4735 1261 4788 A.
1282 4763 1316 4775 -
1334 4743 1431 4785 neutra
1442 4732 1551 4803 passiva
1567 4733 1606 4787 V.

243 4830 276 4895 Ι’)
288 4841 383 4884 neutra
402 4832 433 4884 B.
453 4863 488 4872 —
506 4835 623 4887 neutrali
639 4834 674 4888 V.
690 4834 727 4887 A.
750 4835 783 4900 ¹⁴)
801 4829 964 4901 speciesV.
982 4825 1131 4896 -specie
1154 4825 1187 4876 B.
1217 4823 1252 4892 ¹⁵)
1277 4829 1385 4874 atvero
1406 4858 1413 4872 .
1435 4857 1442 4872 .
1462 4857 1469 4870 .
1489 4857 1497 4872 .
1518 4815 1606 4871 decli-

239 4926 339 4970 uautur
355 4919 387 4971 B.
404 4919 441 4972 V.
459 4941 496 4969 =
512 4923 550 4974 A.
573 4923 606 4991 ¹⁸)
621 4921 816 4993 pronuntietur
830 4919 864 4971 B.
885 4916 920 4970 V.
940 4945 974 4958 -
993 4911 1188 4984 pronuntiatur
1202 4910 1239 4962 A.
1261 4913 1295 4979 Ι7)
1314 4906 1492 4960 tractabimus
1513 4906 1551 4959 A.
1569 4937 1606 4950 -

238 5005 412 5056 tractavimus
434 5007 467 5060 B.
491 5039 526 5050 -
544 5015 661 5060 tractare
681 5003 845 5058 debebimus
871 5005 909 5058 V.
935 5031 969 5048 ·-
996 5009 1113 5056 tractare
1132 4995 1282 5050 debeamus
1299 4996 1331 5048 P.
1360 4995 1394 5063 1’)
1415 4994 1451 5049 V.
1468 4995 1546 5048 addit
1561 4997 1604 5046 ia·

233 5096 427 5162 ‘aeetpu'oaeant
447 5093 490 5148 De
505 5092 589 5148 rsrlto
605 5095 682 5151 sm.
704 5096 739 5164 ¹⁹)
756 5093 889 5164 temperis
913 5090 949 5147 V.
970 5090 1008 5143 A.
1027 5119 1062 5132 -
1081 5084 1199 5158 lewswfi
1221 5084 1255 5137 B·
1283 5085 1320 5153 ’Ἴ
1345 5097 1480 5154 P⁰¹⁸⁰²²⁸⁰
1499 5080 1605 5153 l‘rimu
