4020 6068
412 527 462 584 ΣΧ
875 513 1414 576 veteranio.

413 623 782 746 Montispessulani
810 625 927 746 (Vid.
964 624 1127 710 Haenel
1146 635 1319 732 catabg.
1351 631 1469 712 codd.
1494 657 1589 724 auc.
1604 657 1647 732 p.
1666 622 1787 751 ι945).
1818 621 1883 712 Ex

413 769 496 852 boc
519 761 722 881 opusculo
743 759 1017 878 depromptae
1034 757 1158 844 nobis
1183 755 1380 844 videntur
1399 756 1678 863 differentiae„
1693 788 1804 875 quae
1824 757 1883 844 le-

415 924 568 1056 guptur
600 898 644 983 in
684 893 915 1013 appendice
940 890 994 978 ad
1024 916 1154 978 artem
1189 892 1320 978 Probi
1341 895 1618 1010 minoremp.
1653 898 1736 1000 446
1760 921 1884 1010 seqq.

416 1037 520 1124 etin
541 1033 771 1144 fragmento
795 1032 941 1144 p.216
961 1026 1082 1111 anall.

536 1193 575 1252 ι.
605 1161 810 1251 Probus
835 1156 898 1245 de
917 1161 1120 1249 ratione
1143 1181 1451 1274 temporum.
1493 1097 1769 1276 Citaturlroc
1780 1191 1887 1277 οριι-

416 1299 577 1388 sculum
598 1295 783 1381 aseivio
802 1291 856 1378 ad
870 1296 977 1378 Aen.
995 1294 1090 1380 Vll.
1113 1314 1212 1396 4ιι.
1243 1296 1455 1410 Tempore
1483 1265 1788 1382 illontiauconii
1813 1291 1889 1378 ad·

416 1431 658 1522 servabatur
671 1425 780 1515 Cod.
792 1429 915 1512 butus
927 1428 1116 1543 opusculi
1126 1428 1439 1546 rnqssrbhotheca
1451 1430 1757 1517 Pontrmacensr
1768 1425 1889 1549 (Vrd.

415 1575 601 1652 Biblioth.
620 1571 953 1650 Bibliothecarum
967 1574 1022 1645 II.
1048 1561 1190 1677 1554).

458 1798 462 1806 ,
536 1701 577 1785 5.
616 1696 777 1782 Probi
806 1696 1135 1807 grammatica
1164 1694 1558 1808 latino-graeca.
1599 1693 1736 1778 Huius
1783 1723 1892 1810 opu-

418 1831 522 1920 sculi
545 1826 656 1916 Cod.
677 1830 768 1917 Sec.
789 1829 888 1914 Xll.
910 1825 1208 1914 adservabatur
1222 1827 1264 1911 in
1287 1827 1485 1912 Biblioth.
1503 1827 1548 1922 S.
1565 1827 1628 1912 Io.
1649 1823 1703 1910 de
1727 1824 1891 1910 Carbo-

418 1969 532 2050 naria
553 1987 657 2050 teste
680 1962 996 2048 Montsauconio
1024 1963 1226 2080 (Biblioth.
1243 1969 1576 2046 Bibliothecarum
1594 1973 1631 2050 Ι.
1657 1957 1772 2076 ιὸι).
1806 1957 1921 2069 Co„

421 2095 558 2186 dicem
574 2100 685 2180 hunc
707 2096 814 2180 inter
834 2091 976 2180 Codd.
993 2094 1254 2181 Borbonicos
1272 2093 1452 2210 Neapoli
1472 2123 1559 2181 non
1580 2115 1738 2199 extare,
1765 2089 1892 2176 nobis

330 2209 336 2222 .
421 2229 666 2348 significavit
687 2229 894 2314 Illustriss.
913 2227 1148 2313 lannellius.

544 2383 582 2462 4.
612 2360 775 2446 Probi
796 2393 872 2448 ars
898 2359 959 2446 de
983 2360 1177 2445 ultimis
1197 2359 1437 2470 syllabis,
1457 2391 1568 2476 quae
1594 2355 1894 2446 continetttrin

425 2493 535 2582 cod.
557 2493 638 2580 No.
662 2501 773 2600 7510
795 2493 994 2578 Biblioth.
1014 2491 1114 2604 Reg.
1141 2493 1290 2595 Paris,
1318 2492 1422 2578 nihil
1444 2491 1559 2577 aliud
1577 2517 1652 2596 est,
1675 2522 1802 2609 quam
1825 2520 1894 2600 car

424 2629 576 2716 tholica
595 2625 829 2730 nominum,
850 2627 955 2712 sicut
973 2655 1096 2742 supra
1114 2626 1198 2711 iam
1217 2627 1442 2712 innuimus
1521 2731 1524 2738 ,

313 2738 321 2755 s
541 2757 612 2846 Ad
640 2759 839 2876 opuscula
864 2761 1129 2872 grammatica
1157 2790 1257 2846 vero
1281 2759 1433 2865 Probi,
1462 2790 1646 2876 quorum
1672 2760 1893 2878 hucusque

393 3003 396 3012 Ι
426 2893 559 2984 codex
576 2893 714 2980 nullus
735 2895 905 3009 reperiri
922 2915 1105 3008 poterut,
1126 2894 1333 3009 pertinere
1353 2890 1563 2979 videntur:

551 3061 585 3114 ι.
616 3029 691 3113 De
720 3027 1000 3141 generibus
1031 3027 1178 3114 liber.
1208 3025 1424 3113 Laudatur
1452 3059 1476 3112 a
1501 3025 1706 3143 Pompeio
1730 3024 1772 3142 pl
1796 3029 1893 3111 156.

426 3159 623 3250 Lindem.
646 3162 709 3246 his
726 3161 885 3246 verbis:
908 3161 1107 3276 „Scripsit
1133 3185 1272 3246 autem
1297 3160 1484 3247 adhunc
1506 3161 1644 3247 locum
1667 3156 1745 3276 (de
1768 3191 1895 3271 gene·

428 3298 543 3382 ribus
564 3297 643 3409 sc.)
664 3293 829 3380 Probus
850 3327 987 3380 unum
1018 3296 1215 3381 librum.“
1257 3294 1455 3380 Eundem
1478 3295 1633 3380 librum
1662 3317 1703 3378 et
1721 3295 1895 3379 Priscia-

427 3459 506 3514 nus
519 3430 642 3515 citare
653 3426 820 3514 videtur
835 3443 907 3516 col.
926 3433 1024 3546 659.
1035 3439 1214 3540 Putsclr.;
1235 3430 1432 3517 aitenim:
1452 3426 1894 3546 „Supradictorum

428 3587 594 3650 tamen
624 3564 885 3652 nominum
913 3593 1128 3650 usus...
1159 3589 1206 3650 et
1227 3562 1357 3680 apud
1385 3563 1611 3650 Probum
1634 3559 1896 3648 dedubiis

428 3696 711 3812 generibus
728 3699 998 3784 invenies.“
1024 3697 1224 3784 Ceterum
1248 3731 1296 3782 ex
1310 3700 1392 3784 hoo
1413 3728 1587 3813 quoque
1602 3696 1746 3783 libello
1761 3727 1899 3782 excer-

426 3855 499 3948 pta
520 3832 720 3917 nonnulla
737 3833 780 3916 in
800 3829 930 3916 Probi
956 3829 1187 3942 fragmento
1218 3826 1465 3919 denomino
1497 3832 1671 3956 (anull.
1665 3838 1746 3918 215
1767 3829 1896 3950 seqq.)

428 3959 676 4049 subodorari
705 3963 830 4048 nobis
859 3961 1064 4050 videmur.
1163 4007 1167 4068 1

550 4124 589 4184 a.
619 4097 694 4181 De
717 4098 965 4220 genetiuo
986 4095 1144 4203 liber,
1166 4129 1281 4186 emus
1296 4124 1487 4187 meminit
1505 4101 1790 4215 Pompeiusp.
1814 4104 1895 4214 196

429 4240 708 4335 Lodemann„
742 4230 819 4315 ubi
849 4231 924 4316 ait:
970 4232 1179 4337 „Habes
1211 4265 1368 4320 unum
1401 4235 1601 4322 librum
1643 4233 1803 4321 Probi
1833 4231 1895 4318 de

431 4365 538 4450 isto
560 4365 797 4477 genetivo
829 4363 1126 4482 scriptum.“

550 4503 589 4590 ὅ.
618 4498 854 4585 ECharisii
881 4499 991 4585 libro
1013 4500 1149 4586 ll.l
1086 4513 1159 4587 col.
1184 4507 1264 4620 189
1284 4501 1564 4616 colligendum
1584 4499 1762 4608 videtur,
1783 4501 1898 4587 Pro·

429 4619 550 4719 bum
574 4636 783 4751 scripsisse
806 4633 1075 4749 opusculum:
1107 4633 1167 4722 de
1196 4637 1589 4753 inaequalitate
1623 4658 1898 4723 consuetu-

291 4867 297 4884 *
398 4763 585 4854 dinis.

546 4918 584 4998 4.
616 4900 810 4988 Probus
799 4933 887 5018 ipse
909 4899 1127 5019 denique
1115 4936 1157 4988 tn
1178 4927 1263 4990 orte
1285 4905 1437 4991 minori
1461 4917 1498 5009 S.
1525 4935 1618 5012 171.
1646 4915 1708 4990 ed.
1735 4931 1898 4990 nostrae

428 5031 503 5118 ait:
528 5034 959 5138 „Deaccentibus
979 5061 1172 5145 autem,
1195 5041 1434 5156 quianon
1454 5039 1781 5126 brevisratio
1806 5063 1897 5144 est,

426 5164 477 5254 in
510 5169 690 5282 metris
722 5199 833 5256 cum
859 5172 1078 5285 syllabis
1115 5199 1479 5292 competenter
1506 5174 1899 5263 tractabimus.“
