4032 6070
395 553 466 631 aaa
676 559 685 572 ·
866 553 1168 611 recursus
1208 553 1400 610 nrttort.

387 713 517 769 'oritates
533 707 574 786 ·’)
603 723 701 768 cneus
731 699 921 766 secumdum
939 701 982 782 Ι·)
1012 721 1073 766 sua
1101 721 1228 786 genera
1251 703 1288 766 in
1318 699 1552 766 declinatione
1569 691 1612 786 ¹¹)
1633 713 1874 788 perseverant,

397 807 497 872 sicuti
521 818 572 870 est
594 804 754 888 analogia
767 797 808 881 ²⁴)
832 793 907 885 e¹⁵)
931 815 1025 868 recta
1047 803 1318 869 declinationum
1335 797 1378 887 ²⁶)
1401 803 1597 890 disciplina.

480 913 512 974 8.
534 907 598 974 DE
621 903 883 970 ANOMALIA.
910 903 1095 970 Anomalia
1125 917 1176 971 est
1203 907 1391 972 inmiscens
1420 903 1476 970 vol
1505 907 1680 970 inmutane
1701 918 1761 970 ant
1782 907 1874 972 deli-

396 1012 490 1076 ciens
513 1011 601 1074 ratio
623 1030 689 1096 per
711 1007 978 1072 declinationem
993 1009 1047 1092 Ὃ.

480 1116 509 1182 9.
541 1112 595 1176 De
624 1111 843 1174 miscente.
882 1107 1035 1175 Miscens
1071 1112 1265 1176 anomaliae
1299 1131 1364 1198 per
1391 1108 1661 1176 declinationem
1696 1109 1784 1174 ratio
1813 1121 1872 1174 eat

394 1227 433 1280 ut
460 1227 563 1300 putat
594 1212 642 1278 ab
673 1213 751 1275 hcc
782 1211 938 1289 altero,
967 1213 1067 1278 hnic
1097 1213 1247 1292 alteri;-
1280 1213 1413 1278 scilicet
1435 1213 1603 1298 quoniam
1626 1233 1873 1298 quaecumque

395 1317 538 1380 nomina
553 1315 704 1380 ablativo
718 1333 798 1378 casn
812 1315 949 1378 nnmeri
962 1315 1146 1400 singularis
1166 1315 1223 1381 ·0·
1239 1315 1354 1379 littera
1372 1315 1617 1391 terminantur,
1640 1316 1727 1377 haec
1742 1313 1874 1377 secun-

396 1419 478 1482 dum
493 1417 672 1503 analogiae
687 1429 818 1480 rectam
835 1417 979 1481 rationis
995 1416 1213 1504 disciplinam
1227 1417 1343 1484 dativo
1362 1437 1443 1481 caan
1457 1419 1594 1482 numeri
1607 1414 1791 1501 singularia
1808 1413 1873 1481 ·0·

395 1522 510 1585 littera
531 1519 748 1585 deliniuntur.
784 1519 871 1582 ltem
902 1517 952 1582 ab
981 1518 1059 1583 hac
1086 1519 1214 1596 mula,
1243 1519 1310 1583 hie
1339 1531 1374 1584 et
1397 1513 1441 1605 ²¹)
1471 1519 1521 1584 ab
1549 1520 1616 1584 hia
1651 1517 1871 1593 mulabna;

396 1621 529 1686 scilicet
551 1623 715 1706 quoniam
739 1639 980 1706 quaecumque
1004 1621 1148 1685 nomina
1166 1620 1317 1685 ablativo
1344 1643 1425 1686 caen
1441 1622 1577 1686 numeri
1599 1620 1783 1706 singularis
1812 1618 1868 1682 ·Δ·

394 1724 509 1787 littera
533 1723 779 1800 terminantur,
803 1724 888 1784 haec
910 1722 1100 1786 secundum
1122 1722 1303 1808 analogiae
1325 1735 1455 1787 rectam
1478 1725 1623 1788 rationis
1646 1721 1871 1808 disciplinam

395 1823 511 1890 dativo
535 1835 569 1890 et
599 1823 749 1890 ablativo
781 1842 861 1886 casn
890 1824 1027 1886 numeri
1048 1824 1193 1910 pluralis
1223 1826 1287 1891 ·1s·
1309 1826 1434 1890 litteris
1456 1826 1677 1890 deliniuntur.
1707 1825 1794 1888 ltean
1816 1822 1870 1887 ab

395 1930 476 1992 hoc
498 1927 667 2012 ingero,
691 1927 842 1990 horum
871 1925 1084 2010 ingernm3
1114 1927 1248 1992 scilicet
1268 1923 1443 2013 quoniam
1459 1947 1700 2014 quaecumque
1723 1927 1871 1991 nomina

395 2026 545 2092 ablativo
575 2048 656 2092 casu
684 2029 821 2091 numeri
851 2027 1036 2111 singularis
1069 2027 1124 2094 ·0·
1147 2029 1262 2094 littera
1284 2030 1534 2108 terminantur,
1566 2031 1652 2093 haec
1674 2028 1869 2092 secundnm

394 2128 573 2215 analogiae
588 2143 717 2196 rectam
734 2129 877 2194 rationis
893 2128 1112 2216 disciplinam
1126 2131 1281 2214 genitivo
1296 2150 1378 2198 casu
1392 2133 1529 2196 numeri
1540 2130 1685 2218 pluralia
1701 2128 1869 2195 olium·

318 2231 325 2237 ’
394 2232 517 2297 litteris
547 2231 767 2297 deliniuntur.
806 2231 865 2296 Sic
888 2243 923 2295 et
949 2242 1065 2296 cetera
1090 2229 1172 2296 talia
1191 2234 1246 2316 ¹⁹),
1278 2252 1366 2320 quae
1390 2247 1512 2300 contra
1533 2234 1713 2319 analogiae
1736 2243 1869 2296 rectam

393 2335 537 2398 rationis
560 2333 779 2420 disciplinam
808 2334 956 2398 miscent
976 2353 1042 2420 per
1063 2353 1161 2400 casus
1184 2335 1456 2401 declinationum
1479 2335 1619 2414 formas,
1641 2333 1803 2401 anomala
1820 2328 1867 2418 3·)

395 2448 473 2502 tunt
495 2435 711 2522 appellanda.

480 2540 529 2600 10.
567 2535 628 2600 De
658 2537 918 2601 inmutante.
963 2535 1141 2604 Inmutans
1174 2541 1368 2605 anomaliae
1404 2561 1469 2626 per
1507 2539 1776 2604 declinationem
1815 2549 1870 2602 est

330 2626 335 2634 ’
395 2637 500 2713 ratio,
522 2648 561 2700 ut
582 2629 740 2723 pnta³¹):
764 2638 834 2701 hic
857 2637 1066 2726 luppiter,
1090 2641 1213 2705 huius
1236 2643 1359 2707 lovis.
1383 2641 1442 2706 Sic
1465 2653 1499 2708 et
1521 2654 1636 2708 cetera
1657 2641 1747 2716 talia,
1771 2659 1867 2723 qnae

395 2749 516 2803 contra
538 2737 717 2822 analogiae
740 2750 869 2802 rectam
893 2741 1037 2804 rationis
1060 2741 1280 2828 disciplinam
1310 2744 1484 2810 inmutant
1504 2763 1569 2831 per
1591 2763 1689 2808 caena
1710 2740 1870 2806 declina·

396 2841 530 2904 tionum
546 2831 586 2920 ³²)
610 2839 755 2918 fortnas,
778 2840 938 2905 anomala
960 2853 1041 2906 eunt
1062 2843 1279 2928 appellanda.

482 2945 532 3008 ll.
574 2941 638 3006 De
667 2942 925 3008 deficiente.
973 2942 1148 3008 Deficiens
1185 2947 1377 3013 anomaliae
1413 2966 1479 3032 per
1519 2945 1788 3012 declinationem
1815 2957 1871 3010 eat

395 3044 499 3119 ratio,
528 3055 568 3107 ut
589 3055 690 3132 puta:
721 3045 803 3108 hoc
830 3043 952 3110 nelos
982 3057 1016 3108 et
1039 3057 1153 3111 cetera
1175 3049 1275 3126 talia;
1305 3050 1470 3136 qnoniam
1493 3049 1580 3116 haec
1601 3061 1725 3114 contra
1746 3047 1871 3112 analo·

393 3147 472 3230 giae
495 3157 625 3208 rectam
649 3145 793 3212 rationis
816 3146 1037 3233 disciplinam
1061 3169 1132 3212 non
1154 3171 1220 3237 per
1241 3171 1361 3216 omnes
1385 3169 1483 3216 casua
1506 3152 1543 3216 in
1573 3151 1808 3218 declinatione
1825 3141 1869 3234 ³³)

392 3257 625 3334 perseverant.
1026 3307 1029 3315 Δ

482 3351 531 3413 12.
555 3347 615 3411 Sic
636 3349 704 3414 iam
729 3361 763 3414 et
783 3369 849 3436 per
870 3363 1001 3418 ceteras
1019 3355 1315 3440 partescrationis
1332 3354 1492 3441 analogia
1514 3355 1571 3420 vel
1585 3355 1761 3422 anomalia
1783 3374 1869 3418 con·

395 3449 578 3516 niderando
601 3462 668 3526 est,
691 3453 760 3518 hoc
783 3464 845 3532 eat,
868 3466 907 3517 ut
930 3475 1169 3542 quaecumque
1185 3477 1264 3543 pars
1279 3446 1445 3524 orationis
1461 3475 1576 3543 neque
1598 3459 1782 3561 imminpet,
1804 3475 1867 3520 ne-

396 3568 468 3640 qne'
487 3552 657 3628 immutat,
680 3565 740 3618 aut
757 3553 872 3620 deficit
886 3577 950 3642 per
965 3557 1209 3623 declinationis
1225 3560 1459 3647 disciplinam,
1481 3559 1526 3624 ad
1538 3560 1734 3646 analogiam
1756 3557 1868 3646 perti-

396 3668 494 3734 neat,
518 3675 607 3742 qnae
629 3675 712 3722 vero
735 3657 897 3723 inmiscet
911 3647 964 3742 ³⁴),
987 3661 1043 3723 vel
1067 3660 1224 3740 inmutat,
1247 3675 1308 3727 aut
1329 3664 1445 3730 deficit
1459 3653 1512 3748 ³⁵),
1535 3682 1600 3750 per
1622 3659 1867 3729 declinationis

396 3757 628 3844 disciplinam,
652 3749 813 3822 anomala
830 3751 870 3841 ³⁰)
893 3771 974 3825 sunt
994 3762 1211 3847 appellanda.

480 3857 584 3921 Nunc
612 3860 714 3921 etiam
747 3861 815 3925 hoc
836 3863 1030 3939 monemus,
1055 3863 1149 3946 quod
1172 3866 1332 3953 analogia
1354 3869 1541 3932 maximam
1564 3878 1700 3955 partem
1719 3858 1763 3950 ³⁷)
1786 3883 1868 3930 ora·

397 3958 501 4026 tionis
518 3949 560 4042 ³⁸)
584 3961 779 4038 contineat,
802 3961 975 4028 anomalia
996 3984 1079 4030 vcro
1103 3962 1266 4050 aliquam.

290 4087 320 4138 v,
339 4086 386 4136 ‚fg
480 4059 535 4124 De
557 4061 730 4125 anomalia
751 4073 785 4124 et
807 4063 977 4149 analogia,
1001 4079 1167 4151 quantum
1191 4071 1279 4134 ratio
1294 4070 1479 4156 poscebat,
1502 4071 1735 4136 tractavimus.

485 4165 536 4230 13.
558 4161 623 4228 DE
645 4161 874 4232 LITTERIS.
903 4165 1036 4235 Littera
1059 4182 1110 4236 est
1124 4169 1333 4238 elementum
1350 4175 1446 4238 vocis
1466 4172 1679 4240 articulatae.
1700 4170 1871 4236 Elemen-

440 4489 480 4563 ··)
503 4505 554 4561 per
566 4503 661 4543 omnes
677 4489 712 4544 V.
726 4491 757 4544 P.
783 4521 819 4532 -
837 4507 888 4562 per
910 4509 1005 4546 omnen
1025 4489 1220 4550 declinationia
1247 4497 1283 4552 A.
1315 4501 1351 4568 “)
1376 4492 1528 4550 secundem
1549 4499 1590 4562 V.
1603 4531 1639 4542 -
1657 4493 1811 4551 secondum
1828 4497 1871 4550 A.

505 4578 543 4646 ³³)
561 4573 747 4630 declinatione
772 4577 808 4632 V.
823 4581 855 4632 P.
873 4609 910 4620 —-
927 4577 1141 4635 declinationem
1158 4584 1195 4638 A.
1221 4585 1258 4658 ἰ)
1277 4583 1400 4658 analogia
1421 4589 1457 4640 V.
1468 4590 1503 4643 A.
1521 4617 1558 4630 -
1575 4583 1714 4656 analogiae
1733 4585 1765 4638 P.
1793 4585 1834 4654 ²⁵)
1853 4603 1872 4636 e

504 4665 541 4720 A.
558 4685 595 4718 υ
616 4663 652 4719 V.
672 4665 710 4736 ¹⁸)
727 4661 945 4719 declinationum
964 4669 1001 4724 V.
1020 4699 1056 4710 -
1074 4666 1268 4724 declinationis
1285 4675 1322 4729 A.
1343 4677 1380 4743 ¹⁷)
1399 4672 1610 4728 deelinationem
1631 4673 1669 4728 V.
1677 4675 1710 4728 P.
1723 4701 1760 4715 -
1778 4669 1874 4724 deeli-

502 4753 630 4806 nationee
647 4753 684 4807 A.
712 4753 750 4824 ¹⁸)
771 4761 801 4806 et
818 4753 855 4811 V.
872 4757 904 4808 P.
922 4779 959 4806 =
975 4756 1012 4810 A.
1032 4759 1068 4826 ¹⁸)
1088 4755 1153 4810 talia
1174 4756 1251 4812 V.P.
1269 4791 1305 4802 -
1323 4759 1374 4812 elia
1393 4762 1429 4816 A.
1450 4765 1485 4834 Ι·)
1504 4759 1626 4815 anomale
1647 4760 1727 4818 m.
1746 4789 1782 4801 -
1798 4775 1876 4812 eno·

504 4837 584 4892 tnelia
601 4841 633 4895 Ρ.
652 4841 690 4912 ⁸¹)
709 4847 741 4893 ot
757 4845 834 4913 puta.
864 4845 946 4916 (luae
959 4857 1022 4914 paea
1032 4843 1100 4898 laec
1115 4847 1195 4899 verba
1210 4859 1363 4920 sequuntur
1377 4867 1463 4922 napea
1475 4852 1514 4903 ad
1526 4851 1622 4902 eedem
1638 4850 1776 4923 aequantia
1791 4852 1876 4919 eapi-

505 4928 539 4979 tia
564 4927 646 4980 verbe
670 4951 707 4978 ..τ
729 4929 763 4983 Ρ.
789 4932 826 5002 ³⁸)
852 4926 1068 4984 declinationum
1089 4934 1126 4989 V.
1140 4934 1177 4988 A.
1187 4953 1221 4988 aa
1243 4953 1294 4990 em.
1318 4955 1360 5007 pr.
1380 4953 1415 4989 m.
1437 4935 1650 5000 declinationem
1675 4936 1713 4990 A.
1735 4955 1754 4990 e
1769 4955 1812 5008 pr.
1832 4953 1875 4988 ne.

506 5015 541 5081 ¹²)
560 5013 590 5064 in
609 5010 793 5070 declinatione
817 5017 853 5074 V.
872 5047 908 5060 —-·
926 5015 1139 5073 declinationem
1166 5023 1212 5092 l:
1226 5026 1269 5095 io)
1287 5023 1325 5077 A.
1351 5025 1388 5091 η)
1406 5024 1532 5081 inmiscet
1557 5026 1593 5082 V.
1606 5029 1644 5081 A.
1664 5059 1698 5068 -
1716 5025 1817 5078 aoiaeet
1834 5023 1872 5078 Ρ.

506 5101 542 5167 ³⁵)
561 5095 655 5152 deficit
670 5103 706 5157 V.
715 5103 747 5156 P.
766 5135 801 5148 -
819 5103 952 5160 deliciunt
969 5109 1005 5163 A.
1024 5093 1073 5162 ead
1084 5129 1118 5161 ex
1130 5129 1180 5163 em.
1196 5123 1295 5180 recept.
1323 5112 1359 5180 ¹⁶)
1377 5111 1499 5169 anomale
1518 5113 1553 5172 V.
1570 5113 1606 5172 A.
1620 5147 1654 5158 -
1680 5109 1815 5170 nonalia
1834 5113 1872 5170 P.

508 5188 542 5259 ¹⁷)
563 5194 667 5258 partam
687 5188 717 5246 V
716 5227 722 5242 ·
731 5191 763 5243 P.
782 5219 816 5236 -
834 5201 920 5248 artent
939 5197 974 5252 A.
995 5198 1030 5268 ³¹)
1050 5196 1182 5254 orationis
1200 5229 1236 5245 -
1254 5200 1368 5256 rationis
1388 5200 1422 5256 V.
1438 5201 1475 5256 A.
