4020 6068
655 555 1184 617 rnanrrrro
1586 565 1663 622 mv

308 657 339 778 i)
367 660 564 750 Versus
592 659 776 748 Rufini
808 661 1077 790 ctff'usdam
1106 655 1410 756 scholastici
1432 667 1495 754 de
1523 670 1662 788 pedi-

189 793 283 880 hus
307 795 499 911 quihus
520 821 736 882 utuntur
756 821 1001 886 oratores.
1024 801 1262 888 Versiculos
1281 803 1359 889 hos
1380 803 1564 906 Rufini,
1587 810 1661 924 qui

189 927 400 1014 hahentur
415 928 529 1046 apud
557 930 867 1017 Putschium
892 945 942 1020 II.
961 947 1034 1022 col.
1058 942 1171 1042 2715
1188 947 1336 1051 seq.‚'e
1361 935 1521 1026 Codice
1541 940 1662 1026 Vin-

192 1059 487 1150 dobonensi
521 1073 646 1156 2521.
677 1065 769 1151 Sec.
798 1065 904 1172 ΧΠ,
934 1070 1009 1154 ubi
1038 1068 1231 1184 leguntur
1249 1071 1319 1158 fol.
1348 1076 1428 1160 158
1447 1102 1559 1189 serp,
1593 1106 1661 1160 ex·

192 1199 428 1312 pressimus.
456 1196 660 1286 Codicem
680 1201 888 1286 recensuit
903 1201 1251 1292 Endlicherus
1276 1206 1463 1320 Catalog.
1496 1211 1660 1325 saepius

193 1330 347 1419 laudati
363 1369 405 1442 p.
435 1339 512 1420 165
535 1371 642 1450 seqq.

297 1466 342 1586 k)
374 1467 583 1556 Servius
615 1462 680 1557 ‹lc
708 1470 1033 1558 accentibus,
1065 1471 1197 1560 Servii
1216 1469 1498 1590 hiccaputde
1517 1503 1660 1560 accen-

193 1601 303 1688 tibus
324 1604 581 1706 exhibemus,
613 1605 728 1690 cuius
751 1628 1002 1722 excerptum,
1021 1604 1223 1693 illustrem
1241 1608 1494 1695 Varronis
1516 1604 1571 1694 dc
1595 1641 1660 1696 ae-

194 1735 383 1824 centibus
403 1737 543 1822 locum
559 1740 790 1844 continens,
812 1739 927 1826 Chr.
947 1738 1153 1827 Wasius
1171 1743 1252 1826 iam
1276 1767 1371 1828 ante
1391 1743 1467 1830 hos
1491 1767 1659 1830 centum

194 1896 233 1956 et
251 1874 557 1990 quinquaginta
573 1904 703 1960 annos
721 1875 763 1958 in
778 1874 922 1961 libello
938 1906 1049 1960 nunc
1067 1875 1110 1958 in
1123 1875 1349 1963 Germania
1365 1901 1504 1962 nostra
1520 1879 1657 1964 minus

193 2006 342 2110 obvio,
375 2006 440 2090 cui
464 2007 625 2092 titulus:
659 2006 928 2114 Senarius,
958 2010 1071 2094 sive
1102 2006 1165 2095 de
1196 2009 1406 2122 legibus
1428 2035 1478 2095 et
1503 2011 1659 2098 licen·

190 2142 261 2227 tia
293 2165 530 2228 veterum
562 2165 853 2257 poetarum,
906 2143 1119 2248 Oxonii,
1168 2144 1414 2228 etheatro
1444 2142 1657 2231 Sheldo·

189 2277 345 2360 niano
380 2281 505 2381 1687,
536 2275 588 2361 in
621 2281 673 2373 4¹⁰
698 2307 721 2361 e
751 2274 896 2362 codice
914 2277 1196 2392 manuscripto
1224 2271 1426 2393 quodam,
1443 2277 1559 2362 ouius
1580 2276 1657 2363 do-

189 2412 350 2495 minum
370 2441 456 2496 non
479 2406 657 2515 indicat,
685 2412 1021 2498 communicavit.
1051 2410 1141 2496 Nos
1163 2411 1372 2522 integrum
1396 2441 1508 2496 nunc
1533 2433 1657 2527 caput

188 2543 297 2629 lectu
315 2542 620 2656 dignissimum,
639 2546 714 2632 etsi
733 2545 859 2661 paulo
879 2547 1133 2662 corruptiuS,
1166 2575 1188 2630 e
1214 2542 1359 2630 codice
1377 2543 1611 2630 Lavantino
1634 2575 1657 2629 a

186 2709 313 2763 manu
345 2679 499 2764 saeculi
530 2679 633 2764 VIlI
659 2711 698 2766 v.
728 2680 791 2766 IX
821 2704 1044 2787 exaratum,
1076 2679 1302 2766 lectoribus
1321 2680 1471 2764 nostris
1501 2710 1657 2797 propo·

186 2813 336 2900 nimus.

301 2945 471 3031 Praeter
491 2947 594 3032 haec
611 2945 840 3061 fragmenta
863 2947 941 3034 alia
965 2943 1174 3065 quaedam
1198 2944 1384 3030 invenies
1406 2938 1593 3060 dispersa
1612 2948 1656 3030 in

188 3079 401 3166 volumine
417 3079 699 3167 analectorum
712 3107 962 3185 nostrorum,
979 3082 1175 3166 nimirum
1189 3109 1309 3195 pagg.
1333 3093 1427 3182 949,
1450 3082 1544 3182 984,
1560 3099 1655 3194 994,

190 3245 285 3318 ere,
311 3219 408 3300 996.
439 3212 688 3330 Recepimus
705 3217 820 3322 haec,
843 3217 919 3302 etsi
942 3215 1113 3302 fortasse
1135 3213 1305 3298 minoris
1333 3212 1415 3295 sint
1435 3215 1653 3317 momenti,

187 3344 1655 3454 eCod.olimBobiensi,nuchindobonensiNo.XVI,utomnia

187 3481 350 3567 adrem
371 3484 682 3596 grammaticam
701 3483 950 3599 spectantia,
972 3513 1081 3598 quae
1101 3477 1259 3566 inedita
1272 3479 1491 3596 hucusque
1509 3481 1552 3564 in
1572 3483 1655 3566 hoc

185 3617 448 3702 venerandae
472 3617 725 3733 antiquitatis
759 3613 917 3702 Codice
945 3616 1168 3718 latuerant,
1202 3612 1245 3696 in
1279 3610 1417 3696 lucem
1440 3613 1653 3727 protrahe·

185 3775 338 3836 rentur.
357 3751 538 3837 Duobus
553 3774 765 3867 praetcrea
784 3751 1022 3864 fragmentis
1040 3781 1089 3834 ex
1111 3746 1200 3832 aliis
1217 3742 1448 3831 Codicibus
1470 3746 1654 3831 chartam

185 3885 374 4003 alioquin
392 3915 567 3971 vacuam
579 3884 848 4002 explevimus,
871 3884 1044 3971 alterum
1063 3916 1105 3998 p.
1124 3885 1205 3979 aar
1221 3910 1243 3964 e
1260 3875 1369 3964 Cod.
1383 3878 1654 3966 Parisieusi

184 4018 263 4105 No.
284 4027 413 4128 7520,
427 4019 653 4136 praefixum
665 4021 792 4106 Probi
814 4018 1022 4105 catholicis
1042 4016 1285 4120 nominum3
1307 4013 1479 4098 alterum
1496 4045 1538 4130 p.
1555 4032 1651 4121 470,

187 4153 304 4272 quod
322 4155 472 4266 legitur
487 4155 556 4242 fol.
578 4161 655 4262 ¹57
672 4187 710 4240 v.
732 4186 820 4271 seq.
839 4150 949 4238 Cod.
965 4148 1372 4236 Vindobonensis
1391 4145 1472 4232 No.
1494 4153 1619 4232 2521.

302 4288 426 4398 Quae
455 4289 556 4375 olim
585 4289 795 4376 Analectis
822 4289 970 4374 nostris
998 4281 1177 4370 adiicere
1205 4282 1525 4398 promiseramus
1547 4311 1653 4397 opu-

186 4423 295 4509 scula
325 4425 612 4536 grammatica,
647 4423 844 4507 nimirum
870 4423 1152 4520 institutorum
1182 4417 1332 4502 artium
1359 4413 1488 4500 Probi
1508 4415 1651 4520 libros,

186 4557 299 4641 Atilii
331 4557 618 4643 Fortunatiani
645 4553 699 4642 de
729 4589 772 4642 re
810 4557 979 4642 metrica
1015 4552 1205 4639 libellum
1234 4572 1278 4635 et
1304 4549 1653 4660 Fragmentorum

187 4715 369 4776 veterum
390 4692 770 4780 Grammaticorum
791 4706 1023 4809 σύνταγμα,
1056 4717 1104 4772 ea
1130 4714 1262 4790 nunc,
1285 4682 1372 4767 aliis
1390 4682 1566 4793 negotiis
1589 4679 1652 4766 di·

186 4827 329 4930 stricti,
352 4827 517 4941 penitus
538 4855 741 4942 seponere
766 4821 1005 4912 debuimus.
1108 4929 1111 4945 .
1646 4914 1651 4925 ,

299 4960 449 5046 Finem
476 4961 722 5078 praefationi
755 4960 973 5074 imponere
1003 4955 1248 5072 nequimus,
1282 4951 1385 5068 quin
1421 4949 1652 5037 fautoribus

186 5117 312 5210 atque
335 5096 496 5200 amicis,
529 5095 603 5212 qui
622 5092 763 5178 multis
781 5093 920 5178 modis
934 5092 1167 5176 institutum
1183 5109 1372 5174 nostrum
1387 5083 1652 5196 adiuverunt,

185 5229 349 5343 publice
367 5229 436 5315 hic
450 5253 583 5345 grates
603 5253 815 5316 testemur.
1439 5354 1459 5398 a
