4042 6070
553 516 700 574 sarrun
720 517 1051 576 emunsrrcsaun
1070 518 1179 576 enar
1196 519 1233 576 n.
1580 531 1624 599 ῃ

153 667 318 734 baberent
339 665 561 730 occasionem
586 659 615 749 ³)
645 667 695 730 sic
717 665 890 742 struendi,
921 665 1213 751 quemadmodum
1244 669 1354 732 nostri
1372 669 1539 755 temporis
1560 669 1625 733 ho-

153 774 261 835 mines
278 768 516 846 delectantur,
546 779 723 853 tamquam
748 768 791 832 de
813 768 982 831 industria
1003 770 1057 834 usi
1088 783 1167 834 sunt
1197 783 1368 834 structura
1393 771 1474 835 lorti
1496 773 1624 858 potius,

154 873 289 959 *quarn
310 870 512 947 delectanti;
537 871 625 934 sicut
644 870 815 955 exemplis
835 870 1005 935 Tullianis
1021 871 1173 936 breviter
1187 873 1336 958 probare
1352 876 1554 959 poterimus.
1627 885 1731 950 usses.

235 975 309 1040 186.
334 972 442 1056 Quod
458 973 620 1059 inprimis
642 985 693 1036 est
708 972 872 1036 videlicet
892 985 1012 1036 nostro
1027 985 1185 1060 tempore
1202 977 1378 1053 vitiosum,
1403 975 1538 1040 Tullius
1552 995 1624 1038 non
1641 983 1717 1041 (³³6.)

153 1077 322 1142 dubitavit
339 1073 447 1138 verbo
468 1074 709 1156 monosyllabo
731 1075 830 1138 finire
851 1087 1069 1154 structuram,
1089 1090 1186 1140 ut-
1206 1077 1256 1140 ab
1280 1079 1406 1140 istius
1428 1078 1624 1162 petulan-

155 1181 210 1243 tia
233 1197 495 1242 conservare
518 1197 603 1241 non
625 1177 796 1241 licitum
819 1160 883 1242 esl
900 1179 931 1259 ⁶)
950 1215 992 1226 -
1021 1191 1121 1242 et-
1141 1199 1248 1264 quae
1270 1199 1360 1242 cum
1383 1180 1448 1242 his
1471 1180 1625 1242 civita·

153 1281 266 1344 tibus
290 1279 331 1344 C.
355 1280 488 1343 Verri
512 1281 830 1344 communicata
852 1279 1059 1361 sunt⁵)-·
1081 1293 1174 1344 et-
1194 1281 1310 1366 quod
1332 1279 1430 1344 nn.
1454 1281 1624 1344 iamdiu

153 1384 340 1467 flagitat,
365 1381 564 1446 extincta
586 1394 716 1468 atque
740 1381 883 1446 deleta
905 1373 1062 1466 sit⁴)⁶).
1078 1419 1119 1431 -
1142 1382 1216 1447 Hae
1230 1373 1257 1464 ⁵)
1273 1364 1545 1468 compositiones
1563 1381 1623 1446 de-

154 1497 299 1548 mutatae
323 1483 451 1548 facient
470 1483 582 1546 nostri
608 1485 776 1570 temporis
799 1495 988 1548 structuras
1012 1485 1062 1549 sic
1081 1505 1126 1549 ex
1143 1484 1312 1549 tribrachi
1327 1497 1361 1547 et
1376 1485 1576 1548 ditrochaeo
1593 1476 1623 1564 ὃ)

154 1585 271 1649 -ab
302 1585 432 1649 istius
460 1584 709 1670 petulantia
737 1605 820 1648 non
847 1599 913 1650 est
934 1586 1106 1651 licitum
1140 1607 1467 1651 conservare-
1490 1597 1623 1648 extro-

155 1689 256 1752 chaeo
275 1699 311 1752 et
326 1686 463 1768 dactylo
480 1699 514 1750 et
528 1685 786 1752 ditrochaeo-
804 1688 923 1771 Quae
947 1701 1045 1752 suut
1069 1688 1111 1754 G.
1127 1689 1254 1753 Verri
1270 1707 1363 1754 cum
1384 1690 1450 1751 his
1473 1688 1623 1752 civita-

156 1789 269 1852 tibus
293 1787 504 1874 copulata
527 1827 572 1838 -
601 1809 646 1850 ex
670 1790 834 1854 trochaeo
860 1803 894 1854 et
911 1789 1058 1856 bacchio
1081 1810 1101 1856 a
1121 1792 1227 1874 longa
1245 1828 1287 1840 -
1310 1791 1359 1856 ld
1381 1790 1495 1876 quod
1517 1788 1555 1854 P.
1579 1789 1620 1852 ll.

157 1893 231 1955 iam
254 1891 330 1954 diu
353 1890 545 1974 flagitat,
571 1892 765 1956 extincta
787 1893 877 1956 sint
897 1895 926 1975 7)
949 1888 1117 1977 atquel)
1142 1893 1295 1957 deleta.

234 1997 307 2060 181.
329 1991 510 2080 Disyllaha
533 2003 723 2070 structura,
750 2015 839 2079 quae
864 2015 937 2058 non
959 1994 1060 2058 valde
1080 1994 1287 2080 quibusdam
1309 1995 1435 2080 placet,
1458 1993 1620 2076 antiquos
1638 2014 1714 2074 (³³t·›

153 2097 238 2159 viros
257 2094 561 2159 vehementissime
581 2093 775 2158 delectabat
795 2098 842 2179 ⁹);
878 2109 929 2159 est
951 2095 1174 2180 enim0lortis
1200 2096 1408 2172 admodum,
1437 2095 1620 2177 vitansque

155 2197 251 2260 etiam
266 2197 380 2260 nostri
395 2196 564 2280 temporis
580 2195 845 2273 barbarismum,
872 2198 900 2260 si
916 2217 988 2260 non
1003 2199 1105 2261 luerit
1121 2197 1276 2283 spondeo
1291 2197 1346 2260 vel
1364 2197 1527 2260 trochaeo
1540 2207 1621 2280 post

153 2297 323 2379 dactylum
348 2298 464 2375 finita,
491 2310 529 2361 ut
551 2335 591 2346 -
620 2300 789 2384 primus
820 2297 869 2362 ab
893 2299 981 2364 oris
998 2297 1084 2382 ⁴¹)-
1115 2313 1205 2364 et-
1223 2300 1271 2363 ln
1293 2319 1379 2384 quc
1400 2318 1529 2361 meam
1551 2317 1620 2384 vo-

152 2399 359 2463 luntatem
382 2399 420 2464 P.
453 2399 494 2463 R.
524 2403 779 2487 perspicere
809 2401 1009 2487 possit').
1026 2439 1068 2450 -
1091 2401 1150 2465 Sic
1166 2403 1259 2464 enim
1284 2421 1422 2465 versum
1439 2400 1619 2462 heroicum

151 2513 181 2563 et
201 2501 393 2564 trimetrum
411 2501 559 2576 iaciunt,
583 2523 671 2587 quae
700 2503 774 2567 sola
794 2503 1001 2568 versificatio
1021 2515 1072 2567 est
1095 2503 1300 2566 oratoribus*
1312 2501 1506 2574 devitanda.
1528 2500 1618 2565 Nam

152 2602 306 2665 siomnes
316 2603 434 2688 lugere
449 2603 635 2679 voluerint,
650 2602 830 2680 tacebunt3
847 2606 1012 2691 quoniam
1025 2603 1331 2668 nullamne-sine
1346 2616 1457 2667 metro
1475 2614 1618 2666 constat.

231 2709 303 2769 188.
328 2704 521 2787 Trisyllaba
536 2717 708 2770 structura
722 2719 842 2770 nostro
858 2719 1016 2792 tempore
1032 2706 1307 2792 caute-ponenda
1321 2718 1382 2782 est,
1411 2724 1455 2767 ne
1471 2715 1617 2768 autver-
1635 2715 1711 2774 tate.)

153 2826 220 2869 sum
232 2808 414 2871 heroicum
429 2806 532 2874 faciat
548 2827 592 2871 ex
607 2809 771 2872 trochaeo
787 2811 982 2894 composita
996 2823 1030 2874 et
1045 2809 1234 2874 bacchica
1247 2808 1346 2874 brevi
1364 2809 1415 2889 ¹⁰),
1444 2819 1484 2869 ut
1498 2843 1540 2854 -
1555 2827 1618 2869 ca·

102 2989 107 2998 .
151 2921 215 2993 pta
231 2909 389 2973 luisset
402 2947 446 2960 —
467 2922 536 2986 aut,
560 2921 599 2972 ut
614 2909 822 2993 quibusdam
839 2911 964 2995 placet,
987 2911 1253 2987 barbarismum,
1277 2911 1307 2974 si
1325 2930 1370 2972 ex
1387 2907 1543 2993 spondeo
1561 2906 1618 2970 vel

152 3009 277 3087 iambo,
301 3012 358 3075 vel
377 3012 501 3097 quovis
516 3011 624 3098 pede,
650 3012 747 3074 cuius
770 3012 814 3074 sit
831 3013 1020 3076 novissima
1038 3011 1169 3094 syllaba
1189 3025 1313 3076 natura
1328 3013 1448 3093 longa,
1473 3029 1620 3093 compo-

151 3125 242 3175 natur
258 3134 306 3176 ex
320 3113 440 3198 aliquo
454 3113 562 3178 verbo
581 3112 772 3194 trisyllabo,
791 3115 852 3198 qui
868 3115 1002 3198 positus
1023 3113 1112 3178 hene
1131 3126 1240 3177 sonet.
1270 3113 1360 3176 Nam
1378 3101 1407 3175 si
1424 3109 1618 3197 plausibilis

151 3231 216 3276 nou
229 3215 346 3290 fuerit,
369 3215 623 3280 barbarismum
640 3216 751 3280 nostri
766 3217 934 3302 temporis
948 3216 1071 3292 vitans,
1095 3235 1160 3279 nec
1176 3227 1382 3278 structuram
1401 3214 1503 3278 faciet
1516 3211 1617 3276 nobis

151 3315 352 3398 placentem,
376 3317 478 3404 quale
489 3330 539 3381 est
549 3317 749 3403 exemplum
765 3320 807 3402 ¹¹)
817 3330 851 3382 et
866 3318 962 3395 illud,
981 3319 1072 3381 inter
1088 3319 1128 3399 ¹²)
1143 3316 1397 3393 multesimilia,
1417 3316 1616 3380 Tullianum

152 3420 425 3484 -sententia
448 3440 521 3483 sua
542 3418 760 3483 liberat-
777 3431 866 3483 et-
884 3420 1006 3482 cuius
1030 3439 1104 3502 ego
1121 3439 1246 3482 causa
1266 3417 1481 3499 labores).
1500 3455 1541 3466 -
1630 3437 1638 3454 ’

231 3525 303 3589 189.
334 3520 510 3604 Quattuor
531 3519 738 3602 syllabarum
752 3533 925 3584 structura
940 3520 991 3582 sic
1011 3519 1135 3584 vitabit
1154 3522 1264 3584 nostri
1282 3519 1475 3605 temporis*
1491 3506 1721 3632 barlra·{33³g·)¹'·

151 3621 300 3700 rismum,
323 3624 413 3688 sicut
427 3622 607 3704 disyllaba,
632 3623 789 3707 quamvis
803 3622 903 3684 multi
917 3641 989 3684 non
1002 3623 1176 3708 sapienter
1189 3635 1223 3686 et
1237 3623 1273 3684 in
1290 3623 1351 3686 tali
1361 3622 1615 3705 compositione

149 3722 375 3790 barbarismos
390 3737 464 3790 esse
481 3725 660 3802 dixerunt,
684 3726 713 3789 si
728 3724 1002 3812 paeneultimum
1021 3723 1167 3787 verbum
1190 3723 1314 3788 habeat
1333 3724 1559 3788 novissimam
1576 3715 1615 3803 ¹³)

149 3823 309 3903 syllabam
329 3839 453 3892 natura
476 3827 635 3912 longam,
671 3826 844 3891 ut-ad
879 3845 993 3888 meas
1029 3845 1181 3912 capsas
1217 3826 1433 3892 admisero
1457 3825 1553 3907 ⁶)‚-
1582 3836 1616 3888 et

151 3928 537 4015 -industriaeque
560 3948 674 3994 meac
698 3928 999 3996 contenderem
1016 3925 1120 4012 ⁴).-

187 4303 208 4368 3)
235 4303 409 4354 occasionem
435 4332 470 4344 -
489 4304 682 4356 occansionem
702 4303 770 4356 cod.
795 4301 926 4375 ⁴),sit-
942 4302 998 4354 sint
1015 4303 1082 4359 cod.
1101 4299 1142 4374 τῷ
1158 4319 1177 4353 ιι
1196 4302 1276 4355 obelo
1295 4302 1436 4376 transfixo.
1463 4302 1485 4373 Ε)
1505 4301 1562 4354 Hae
1582 4331 1617 4340 -

249 4391 324 4441 llaec
337 4391 404 4444 eod.
422 4392 445 4462 ⁶)
466 4387 595 4444 tribrachi
616 4399 644 4444 et
663 4388 825 4444 ditrochaeo
841 4385 1028 4460 -tribrachy
1039 4399 1067 4442 et
1085 4385 1228 4442 ditrccbec
1246 4390 1313 4442 cod.
1332 4395 1371 4443 sie
1389 4402 1474 4442 const.
1493 4385 1615 4441 trocheo.

248 4481 270 4546 ³)
290 4479 356 4540 siut,
375 4481 416 4530 ita
435 4477 540 4532 Gadda.
552 4480 572 4533 l.
592 4480 614 4553 ¹)
634 4475 857 4551 atque-adque
869 4478 936 4530 cod.
952 4478 977 4549 9)
997 4475 1356 4530 delectabat-delectaret
1376 4479 1443 4528 Cod.
1462 4478 1497 4546 ¹⁰)
1517 4474 1616 4527 abrevi

245 4595 281 4608 -·
296 4574 325 4616 et
340 4562 417 4616 brevi
433 4566 499 4618 Cod.
521 4567 558 4638 ΙΙ)
582 4563 663 4620 nobis
682 4565 838 4638 placentem
857 4563 936 4636 quale
955 4573 999 4618 est
1016 4563 1170 4635 exemplum
1186 4593 1222 4606 -
1246 4563 1335 4615 nobis
1354 4563 1509 4634 placentem
1535 4563 1614 4634 qualo

245 4663 289 4706 est
307 4650 462 4724 exemplum
480 4650 562 4706 uobis
581 4651 737 4725 placentem
757 4654 824 4706 cod.
846 4655 881 4726 ¹¹)
900 4653 972 4706 iuter
993 4655 1060 4710 Cod.
1081 4675 1114 4708 ex
1132 4671 1182 4706 sm.
1200 4672 1242 4723 pr.
1262 4671 1298 4706 m.
1316 4652 1374 4706 inte
1396 4653 1462 4706 cod.
1481 4671 1558 4720 apr.
1578 4671 1613 4704 m.

249 4741 285 4810 ¹¹)
318 4740 495 4794 novissimam
506 4771 542 4783 -
560 4739 738 4794 celsissimam
758 4743 827 4796 eod.

178 4917 209 4982 a)
237 4913 297 4966 Cic.
316 4915 345 4966 iu
365 4915 442 4970 Verr.
462 4917 521 4970 scs.
542 4917 562 4969 l.
582 4921 610 4980 5,
629 4921 672 4976 ld.
699 4918 727 4986 t)
748 4916 1019 4972 CicDininVerr.
1046 4922 1073 4980 4,
1099 4921 1140 4974 lt.
1168 4915 1196 4986 e)
1216 4915 1276 4968 Cic.
1304 4915 1411 4970 Diu-iu
1429 4915 1506 4970 Verr.
1525 4920 1553 4978 8,
1570 4921 1614 4976 26.

245 4999 293 5054 nbi
311 5020 386 5056 nunc
405 5001 520 5074 legitur:
539 5007 737 5079 exstinguenda
756 5018 840 5079 atque
857 5005 975 5060 delenda
993 5009 1037 5058 sit.
1055 5005 1088 5076 d)
1108 5003 1185 5074 Virg.
1204 5005 1274 5060 heu.
1294 5005 1315 5058 1.
1336 5007 1360 5060 1.
1381 5005 1407 5077 e)
1429 5003 1488 5058 Cic.
1499 5002 1615 5059 inVcrr.

243 5091 304 5142 scr.
323 5091 348 5146 1.
369 5097 412 5154 12,
429 5098 474 5152 3¹1·
495 5089 543 5143 ubi
562 5109 651 5146 nuuc:
669 5099 822 5165 perspicere
838 5106 937 5164 posset.
946 5093 987 5164 s)
1008 5091 1068 5147 Cic.
1087 5092 1150 5151 Dis.
1170 5093 1200 5146 in
1217 5093 1296 5148 Verr.
1316 5099 1342 5150 7.
1360 5099 1404 5154 23.
1422 5097 1454 5165 ς)
1475 5091 1534 5146 cie.
1551 5091 1614 5143 Dis.

241 5177 271 5232 in
290 5177 367 5234 Verr.
388 5183 433 5244 16.
450 5183 494 5240 tt.
513 5181 545 5252 Ιι)
564 5180 625 5236 Cic.
644 5181 673 5235 iu
691 5183 770 5238 Verr·
790 5181 852 5260 Μ).
871 5180 893 5237 1.
914 5183 1020 5248 l2„.¹i5.
