4036 6068
400 501 468 572 sta
856 498 1035 556 suunt
1072 495 1414 556 essnruort

486 649 560 720 539.
582 649 772 734 Quaeritur
793 667 901 734 quare
918 645 1095 734 Vergilius
1117 648 1160 712 de
1183 647 1342 712 lunone
1363 683 1406 696 -
1427 645 1590 712 Auctor
1610 665 1692 733 ego
1714 645 1878 712 auden·

402 752 444 822 di
460 754 542 836 ⁶)·-
556 766 590 817 et
604 771 676 818 uon
699 751 871 816 auctrix
882 745 924 834 ³¹)
946 751 1198 834 pronuntiarit;
1222 752 1288 813 hac
1310 749 1353 812 de
1369 769 1482 826 causa,
1497 750 1664 834 quoniam
1681 762 1877 836 quaecum*
1897 768 1901 786 ¹

402 875 469 940 que
485 856 627 918 nomina
643 875 663 920 a
677 853 793 918 verbis
811 851 980 918 anomalis
993 853 1111 916 venire
1125 851 1375 936 intelleguntur
1389 843 1442 933 ³³),
1465 853 1550 916 baec
1564 863 1622 916 aut
1639 851 1805 917 deliciunt
1815 846 1877 934 ³³),

400 970 459 1020 aut
488 971 579 1022 certe
608 955 767 1020 anomale
797 955 1083 1043 pronuntiantur3
1114 974 1209 1018 nunc
1237 975 1316 1018 cum
1341 949 1383 1036 35)
1413 965 1447 1018 et
1469 955 1537 1018 hoc
1567 973 1696 1018 nomeu
1719 977 1739 1018 a
1759 955 1875 1020 verbo
1905 961 1911 970 ‘

398 1057 561 1124 anomale
586 1053 629 1144 ³⁶)
660 1059 746 1123 oriri
776 1059 986 1146 reperiatur,
1014 1057 1053 1124 id
1083 1069 1153 1134 est,
1185 1056 1229 1120 ab
1250 1055 1406 1131 audeo;
1429 1055 1512 1121 iacit
1533 1058 1626 1120 enim
1651 1059 1766 1143 specie
1787 1079 1873 1144 per-

398 1157 487 1224 lecta
510 1181 636 1226 ausus
659 1181 770 1238 snm;
794 1175 828 1226 et
850 1161 930 1226 ideo
952 1163 1021 1224 hoc
1042 1177 1172 1222 nomen
1192 1156 1351 1222 feminini
1372 1159 1510 1244 generis
1532 1159 1732 1224 anomalum
1756 1159 1874 1224 lacere

397 1265 654 1348 pronuntiatur.

483 1368 556 1432 eto.
581 1367 770 1451 Quaeritur
784 1387 852 1452 qna
866 1367 910 1431 rle
925 1384 1028 1431 causa
1044 1357 1087 1447 ³⁷)
1102 1363 1280 1450 Vergilius
1302 1395 1343 1416 ··
1360 1363 1424 1428 cal
1434 1383 1501 1429 ces
1518 1362 1553 1447 ⁸)
1564 1401 1607 1412 —
1624 1363 1792 1429 feminino
1807 1383 1872 1448 ge·

396 1486 480 1530 nere
507 1471 744 1554 pronuntiarit
766 1462 824 1552 31);
852 1472 917 1533 hac
950 1468 1134 1542 decanea,
1166 1467 1332 1558 quoniam
1355 1485 1595 1552 quaecumque
1624 1465 1785 1542 nomina,
1808 1481 1871 1548 roff

396 1589 500 1633 mana
522 1571 714 1647 dumtaxat,
737 1571 939 1635 inanimalia
955 1564 996 1652 ³⁹)
1019 1569 1236 1635 nominativo
1260 1589 1342 1634 casu
1363 1569 1501 1632 numeri
1523 1569 1707 1654 singularis
1730 1569 1781 1631 ·X·
1805 1568 1868 1632 lit·

395 1683 470 1736 tera
500 1675 731 1738 terminantur
760 1685 794 1738 et
821 1671 1059 1756 monosyllaba
1082 1693 1155 1736 esse
1178 1671 1415 1758 reperiuntur,
1439 1673 1525 1736 haec
1547 1670 1708 1735 feminini
1728 1671 1870 1756 generis

396 1794 468 1838 esse
491 1776 771 1861 pronuntiantur.

479 1882 552 1944 541.
577 1878 766 1962 Quaeritur
782 1874 824 1940 ab
843 1895 886 1940 eo
904 1879 999 1964 quod
1015 1877 1105 1942 dixit
1116 1875 1293 1961 Vergilius
1314 1909 1358 1924 -
1381 1875 1687 1961 cumulantque
1704 1868 1749 1959 10)
1772 1895 1866 1941 oue-

393 1981 497 2044 ratis
522 1971 566 2064 11)
594 1979 794 2045 lancibus
821 1982 964 2064 sras‘)
985 2015 1030 2030 —
1057 1977 1273 2044 nominativo
1297 1997 1379 2041 casu
1401 1979 1538 2042 numeri
1567 1977 1754 2063 singularis
1775 1978 1866 2041 lan·
1949 1969 1952 1980 ⁴

392 2101 463 2145 oes
492 2103 537 2146 an
564 2083 726 2146 lancies
751 2081 904 2158 dicatur;
934 2081 1056 2168 utique
1077 2080 1222 2144 lances
1246 2091 1279 2142 et
1295 2075 1338 2164 1’)
1361 2099 1433 2144 ιιοιι
1455 2080 1621 2144 lancisa
1645 2079 1763 2144 iacere'
1782 2101 1866 2165 pro-

389 2185 586 2263 nuntiatur,
616 2185 749 2249 scilicet
780 2187 944 2269 quoniam
983 2203 1223 2269 quaecumque
1257 2183 1401 2245 uomina
1432 2181 1583 2248 ablativo
1614 2203 1698 2246 casu
1727 2185 1868 2247 numeri

389 2285 574 2370 singularis
598 2287 649 2351 ·E·
672 2289 787 2351 littera
810 2298 970 2371 correpta
992 2286 1238 2362 terminantur,
1262 2285 1347 2347 haec
1362 2285 1398 2348 in
1422 2285 1539 2348 dativo
1555 2274 1599 2366 ⁴³)
1623 2305 1705 2348 casu
1726 2285 1869 2348 numeri
1903 2326 1910 2334 -

388 2387 532 2472 pluralis
547 2383 589 2473 ⁴⁴)
611 2411 675 2475 per
697 2387 863 2471 syllabam
887 2399 1047 2452 crescunt
1067 2377 1121 2470 45).
1149 2386 1253 2450 Nunc
1276 2407 1354 2450 cum
1381 2379 1424 2470 ⁴⁶)
1447 2399 1482 2450 ct
1503 2388 1572 2451 boc
1593 2406 1723 2449 nomen
1746 2386 1790 2450 ab
1814 2385 1869 2450 ·E·

389 2502 551 2575 correpto
584 2492 702 2554 venire
732 2491 943 2576 reperiatur,
976 2501 1010 2552 et
1039 2490 1118 2554 ideo
1147 2489 1364 2553 nominativo
1397 2508 1479 2554 casu
1509 2489 1647 2552 numeri
1677 2487 1866 2574 singularis

388 2591 536 2654 lances
558 2611 631 2656 non
653 2592 819 2656 laucius
843 2592 956 2656 lacere
978 2591 1235 2677 pronuntiatur.

332 2683 336 2693 ’
474 2695 547 2760 512.
578 2693 767 2777 Quaeritur
797 2715 866 2778 qna
894 2693 937 2758 de
974 2713 1077 2756 causa
1107 2692 1370 2756 Bomilcaris
1392 2688 1436 2778 47)
1465 2705 1626 2779 correpte
1646 2683 1691 2775 ⁴⁸)
1724 2705 1760 2756 et
1790 2711 1868 2756 non

389 2794 558 2880 producte
583 2787 629 2878 ⁴⁹)
655 2797 918 2882 pronuntietur3
948 2797 1015 2859 hac
1045 2793 1089 2858 de
1112 2814 1230 2870 eausa,
1264 2795 1429 2880 quoniam
1454 2815 1692 2881 quaecumque
1713 2796 1867 2860 nomina

377 2897 594 2962 nominativo
613 2918 694 2962 casu
706 2898 844 2960 numeri
863 2893 1047 2982 singularia
1063 2896 1146 2960 ult·
1160 2896 1284 2961 litteris
1300 2897 1522 2976 definiuntur,
1547 2900 1633 2961 haec
1650 2895 1797 2961 eandem
1813 2889 1861 2979 ⁵⁶)

379 2997 430 3061 ·A·
462 2997 613 3064 litteram
640 3019 744 3085 qnam
775 2999 904 3064 babent
931 3013 1011 3064 ante
1043 2999 1096 3064 ·ll·
1116 2993 1161 3082 51)
1187 2999 1348 3062 ultimum
1378 3021 1443 3086 per
1476 3018 1598 3065 omues
1622 3009 1636 3048 ⁵
1646 3000 1676 3082 ¹)
1701 3019 1798 3064 casus
1813 2991 1862 3081 ⁵³)

379 3101 593 3186 corripiunt,
623 3113 662 3166 ut
693 3115 794 3188 puta:
828 3099 1001 3179 Cacsar,
1033 3100 1249 3177 Caesaris,
1277 3103 1331 3166 sio
1353 3093 1531 3188 utique⁵⁴)
1554 3115 1589 3166 et
1620 3099 1865 3177 Bomilcar,

385 3201 649 3268 Bomilcaris
671 3198 716 3288 ⁵⁵)
745 3217 926 3290 correpto,
956 3225 1028 3268 non
1057 3203 1230 3290 producto
1254 3216 1398 3268 accentu
1422 3203 1546 3267 debeat
1562 3194 1605 3286 ⁵⁶)
1628 3203 1862 3288 pronuntiari.

473 3309 545 3370 543.
559 3305 800 3389 Quaeriturab
817 3326 859 3370 eo
874 3306 969 3390 quod
982 3306 1072 3369 dixit
1084 3305 1261 3390 Vergilius
1273 3305 1568 3371 -Velleribus
1582 3303 1721 3369 niveis
1733 3295 1777 3388 ⁵⁷)
1787 3301 1865 3386 ³)-

388 3407 606 3472 nominativo
625 3428 706 3472 casn
720 3408 859 3472 numeri
881 3406 1065 3492 singularis
1087 3408 1229 3473 vellus
1252 3427 1295 3470 an
1318 3408 1476 3472 vellum
1500 3409 1654 3483 dicatum
1678 3405 1739 3469 sed
1753 3425 1863 3490 quae-

393 3529 543 3594 cumque
565 3511 707 3574 nomina
730 3509 868 3594 generis
889 3508 1004 3572 neutri
1027 3509 1144 3574 dativo
1167 3511 1222 3574 vel
1238 3503 1281 3588 ⁵⁸)
1304 3509 1455 3574 ablativo
1481 3531 1562 3574 casu
1584 3510 1722 3572 numeri
1743 3507 1864 3594 plura-

278 3603 308 3658 v,
324 3610 376 3660 ¹⁵⁰·
391 3611 436 3675 lis
464 3611 574 3676 ·BUS'
604 3611 734 3695 syllaba
761 3613 1011 3688 terminantur,
1040 3612 1126 3676 haee
1154 3631 1345 3698 numquam
1374 3613 1591 3678 nominativo
1621 3631 1704 3676 casu
1725 3611 1864 3676 numeri

429 3896 466 3970 ⁸²)
486 3899 592 4042 spretui:
608 3901 642 4043 g.
661 3900 700 4045 ἴ.
717 3900 752 4040 ζ
772 3928 806 3943 -
824 3899 922 4039 ἒίοᾶῑὲἰι
937 3897 1251 4044 ι11.1”)”111111113;111ἲ
1270 3901 1305 3956 V.
1326 3901 1356 3956 1³.
1375 3931 1412 3944 ·-
1428 3897 1625 4044 iqtallpgautur
1640 3900 1673 4039 3.
1694 3901 1733 4043 AB
1751 3900 1804 4042 11)
1811 3893 1861 3950 de-

512 4001 1310 4043 erun...-euu.cum..-
1459 4025 1467 4041 .
1613 4006 1639 4039 m
1734 4016 1864 4042 ..-

492 4075 616 4129 anomale
633 4077 669 4131 A.
697 4079 732 4145 ⁸⁷)
752 4095 806 4146 qua
824 4072 859 4127 de
879 4091 959 4126 causa
977 4075 1009 4126 B.
1030 3992 1066 4128 V)
1085 4103 1121 4118 -
1139 4092 1222 4146 quare
1239 4076 1277 4130 A.
1306 3993 1549 4147 ”maceriola
1558 4005 1611 4130 ιΒΜ
1620 4076 1657 4130 V.
1667 4005 1717 4116 ⁰-
1736 4091 1863 4146 pronun-

491 4162 571 4216 tiarit
587 4165 625 4218 A.
645 4166 683 4236 ³⁹)
702 4161 858 4216 inanimalia
877 4162 914 4217 V.
932 4163 1016 4217 A.-
1032 4161 1197 4215 luuuomulia
1215 4165 1248 4218 Β.
1275 4165 1312 4232 ⁴⁰)
1332 4160 1529 4236 cumulantque
1549 4164 1585 4220 V.
1604 4165 1635 4216 P.
1653 4193 1691 4204 -
1709 4159 1864 4216 cumulant·

492 4268 545 4322 que
563 4253 642 4304 Β.-
660 4249 850 4324 tumulantque
867 4250 905 4304 A.
930 4250 966 4321 ⁴¹)
987 4250 1106 4302 oneratis
1125 4251 1159 4304 tt.
1180 4249 1215 4307 V.
1234 4279 1271 4295 -
1288 4248 1430 4306 honeratis
1448 4253 1485 4305 A.
1503 4281 1540 4294 -
1558 4249 1701 4306 honorati·
1719 4249 1752 4303 Ρ.
1777 4250 1815 4321 ⁴¹)
1835 4257 1865 4304 cl

376 4327 386 4336 ⁵
490 4339 525 4392 Β.
541 4339 579 4396 V.
604 4361 642 4390 =
665 4338 702 4393 A.
729 4339 764 4408 ⁴³)
793 4336 903 4402 dativo,
927 4341 1041 4410 supplet
1066 4335 1111 4392 vul
1135 4333 1263 4392 ablativo.
1289 4339 1329 4410 ⁸⁴)
1353 4336 1468 4410 pluralia
1486 4341 1519 4394 Β.
1540 4339 1576 4396 V.
1594 4369 1630 4380 —·
1656 4335 1804 4408 singularia
1822 4337 1862 4391 A.

492 4427 530 4498 45)
541 4423 675 4496 syllabam
691 4435 819 4480 uresmut
835 4426 870 4481 V.
882 4428 919 4481 A.
934 4421 1082 4494 -syllaba
1096 4425 1219 4480 crisconi
1231 4427 1262 4482 Β.
1283 4427 1321 4496 ⁴⁶)
1335 4443 1398 4478 eum
1412 4427 1444 4480 B.
1457 4427 1493 4482 V.
1502 4459 1537 4472 -
1549 4443 1634 4498 quum
1652 4427 1687 4480 A.
1708 4427 1743 4496 ⁴⁷)
1759 4423 1865 4480 Bomil-

493 4513 778 4570 eane-vomituris
796 4515 828 4568 B.
839 4515 875 4569 V.
886 4509 1068 4567 -Vomilcar
1085 4513 1330 4568 P.-Hamilcuria
1347 4514 1384 4568 A.
1404 4515 1440 4584 ⁴⁸)
1460 4523 1586 4586 correpto
1605 4515 1683 4569 B.V.
1696 4516 1728 4567 Ρ.
1746 4545 1784 4554 -
1800 4531 1864 4566 cor-

494 4611 587 4675 reptae
604 4603 643 4658 A.
670 4604 706 4672 4θ)
724 4599 861 4674 producte
879 4603 912 4656 Β.
932 4603 968 4658 V.
988 4603 1019 4654 Ρ.
1038 4631 1074 4644 -··
1091 4599 1244 4674 productae
1262 4603 1298 4657 A.
1325 4603 1363 4674 ⁵⁰)
1388 4599 1504 4656 eandem
1529 4604 1561 4656 Β.
1583 4604 1617 4658 V.
1643 4633 1679 4644 -
1705 4600 1803 4654 eadem
1822 4603 1862 4654 A.

494 4693 530 4762 51)
560 4692 600 4744 ·11·
626 4691 663 4746 V.
687 4692 723 4746 A.
741 4713 778 4740 =
795 4692 828 4746 Β.
857 4692 892 4758 5’)
912 4707 1007 4743 omues
1026 4691 1062 4746 V.
1082 4691 1118 4744 A.
1137 4723 1172 4734 —-
1190 4691 1279 4744 omnia
1297 4691 1331 4744 Β.
1359 4691 1396 4763 ⁵³)
1422 4708 1501 4744 casua
1526 4692 1559 4745 B.
1577 4692 1616 4745 A.
1640 4722 1677 4732 -
1700 4706 1801 4743 uacuus
1821 4690 1860 4745 V.

491 4781 530 4850 ⁵⁴)
550 4781 592 4833 aiu
612 4776 707 4851 utique
724 4780 758 4833 B.
780 4779 817 4832 V.
835 4811 869 4820 -
888 4778 970 4831 sicuti
988 4778 1024 4832 A.
1045 4781 1081 4850 ⁵⁵)
1100 4777 1244 4841 Bomilcar,
1260 4777 1420 4832 Bomilcaris
1432 4777 1626 4842 -Vomilcar,
1643 4775 1809 4834 Votuilcatia
1827 4779 1864 4832 Β.

492 4869 527 4922 V.
547 4899 582 4910 —
599 4865 753 4930 Hamilcar,
778 4865 938 4920 Hamilcaris
962 4867 1000 4922 A.
1020 4869 1055 4934 Ε1)
1076 4865 1178 4924 debeat
1194 4867 1227 4922 B.
1247 4868 1279 4922 V
1277 4906 1283 4918 .
1303 4867 1334 4920 Ρ.
1353 4897 1388 4908 -
1407 4883 1463 4919 uon
1482 4863 1583 4920 debeat
1599 4870 1637 4922 A.
1658 4867 1695 4939 ⁵⁷)
1714 4865 1804 4918 nircia
1824 4865 1864 4920 V.

491 4955 525 5006 A.
544 4955 575 5006 B.
597 4977 630 5009 ex
644 4975 692 5009 eut.
707 4977 749 5027 pr.
765 4975 800 5010 m.
819 4985 854 4998 -·
873 4953 969 5008 urbeis
988 4955 1019 5008 Β.
1039 4975 1112 5028 apr.
1129 4974 1164 5008 m.
1184 4955 1219 5026 ι1)
1239 4953 1282 5008 vel
1300 4954 1332 5008 Β.
1353 4954 1385 5012 V
1383 4993 1389 5007 .
1409 4956 1440 5009 Ρ.
1462 4983 1496 4999 -
1515 4963 1543 5008 ei
1560 4956 1597 5010 A.

430 5079 459 5148 a)
486 5078 561 5162 llirg.
580 5083 647 5133 Aen.
666 5081 728 5134 xlt.
750 5083 807 5141 159.
835 5084 862 5150 b)
885 5082 1153 5156 Quadrupedemqtte
1174 5085 1376 5147 circumferente
1393 5083 1469 5138 culce
1482 5086 1604 5157 fatigat.
1630 5081 1707 5152 Virg.
1727 5081 1795 5135 Λευ.
1814 5079 1868 5135 xl.

491 5171 552 5226 tta·
574 5170 601 5239 ο)
621 5169 695 5238 Virg.
707 5170 776 5224 Aen.
796 5169 871 5224 l'ill.
891 5175 953 5232 282.
972 5171 1002 5244 ἀ)
1023 5161 1097 5242 virg.
1116 5171 1183 5226 Aen.
1202 5169 1322 5232 1V-459.
