4036 6068
424 501 491 574 412
879 499 1442 558 nuoutsnsntnon.

424 649 557 712 utinam
579 648 789 724 nutrires,
818 648 950 712 utinam
973 649 1177 727 nutriret;
1207 650 1345 714 numeri
1367 647 1528 735 pluralis:
1558 645 1893 739 utinam-nutrire·

423 770 530 827 mus,
554 751 687 814 utinam
711 751 956 826 nutriretis,
979 752 1112 816 utinam
1135 753 1362 818 nutrirent.
1996 741 1997 746 ἵ

506 853 641 916 Eodem
665 853 788 929 modo,
813 853 934 917 eudem
959 865 1134 940 tempore,
1157 855 1273 940 specie
1289 834 1443 940 perfecta
1464 854 1537 918 sive
1559 851 1726 916 absoluta.
1748 851 1893 916 Numeri

422 953 625 1037 singularis:
654 955 786 1018 utinam
819 956 1071 1030 nutrierim,
1095 939 1478 1032 utinam-nutrieris,
1508 955 1642 1018 utinam
1670 953 1890 1030 nutrierit3
1996 1039 1997 1042 Ἴ

420 1054 749 1140 numerifpluraiist
779 1057 912 1120 utinam
943 1059 1245 1136 nutrierimus,
1283 1059 1416 1122 utinam
1447 1056 1715 1132 nutrieritis,
1758 1057 1888 1119 utinam

421 1159 669 1222 nutrierint.
767 1219 773 1232 ,

505 1259 640 1323 Eodem
671 1259 796 1335 modo,
827 1259 950 1324 eodem
969 1255 999 1341 ⁵)
1027 1273 1204 1348 tempore,
1236 1263 1352 1348 speeie
1373 1259 1713 1348 plusquamperieets
1744 1259 1816 1322 sive
1841 1279 1891 1321 re·

420 1361 598 1425 eordstiva
619 1361 676 1424 vel
699 1373 829 1424 exacta.
853 1362 999 1425 Numeri
1019 1363 1222 1448 singularist
1245 1365 1379 1428 utinam
1403 1363 1645 1434 nutrissem,
1666 1361 1799 1423 utinam
1822 1379 1891 1422 nu-

313 1471 344 1522 V.
359 1462 595 1538 misisses,
626 1464 759 1526 utinam
790 1463 1023 1540 nutrisset;
1061 1467 1198 1528 numeri
1227 1465 1387 1552 pluralis:
1424 1466 1559 1528 utinam
1587 1463 1888 1538 nutrissemns,

418 1565 551 1628 utinam
573 1566 839 1640 nutrissent,
862 1565 994 1628 utinam
1016 1568 1263 1632 nutrissent

502 1665 637 1732 Eodem
656 1667 774 1744 modo,
791 1679 949 1752 tempore
966 1667 1091 1732 futuro.
1114 1669 1261 1732 Numeri
1274 1660 1518 1753 singularis&
1540 1665 1673 1730 utinam
1695 1666 1889 1744 nutrium,

416 1767 550 1832 utinam
574 1770 757 1845 nutrias,
778 1769 911 1833 utinam
934 1771 1114 1845 nutriat;
1136 1771 1274 1834 numeri
1288 1769 1450 1856 pluralis:
1472 1769 1607 1833 utinam
1630 1769 1887 1844 nutriamus,

416 1869 550 1933 utinam
574 1872 800 1949 nutriatis,
823 1873 956 1936 utinam
980 1873 1185 1938 nutriant.

500 1971 610 2036 Modo
634 1971 857 2037 coniunctivo
880 1974 953 2036 sive
975 1974 1142 2050 iuuetivo,
1165 1986 1324 2061 tempore
1345 1973 1521 2060 praesenti
1543 1973 1615 2036 sive
1637 1971 1790 2034 instanti.
1815 1970 1887 2032 Nu·

414 2074 503 2136 meri
540 2074 742 2158 singularis:
773 2094 852 2138 eum
882 2074 938 2138 vel
967 2076 997 2140 si
1018 2076 1219 2152 nutriam,
1244 2095 1324 2141 eum
1346 2073 1402 2139 vel
1425 2075 1455 2138 si
1476 2074 1657 2150 nutrias,
1680 2092 1759 2136 eum
1782 2071 1839 2136 vel
1861 2071 1889 2134 si

413 2175 598 2252 nutriat;
620 2177 758 2240 numeri
778 2175 941 2262 pluralis:
965 2197 1047 2240 eum
1068 2178 1124 2243 vel
1148 2179 1177 2242 si
1199 2177 1457 2254 nutriamus,
1489 2193 1568 2240 eum
1590 2173 1647 2238 vel
1676 2174 1705 2238 si
1727 2175 1887 2237 nutria-

414 2277 492 2355 tis,
517 2297 595 2341 enm
618 2279 674 2342 vei
697 2279 726 2342 si
749 2279 964 2344 nutriant.

499 2378 634 2441 Eodem
658 2379 775 2454 modo,
799 2390 957 2465 tempore
979 2383 1185 2465 praeterito,
1209 2381 1325 2466 speeie
1347 2379 1539 2465 inperfecte
1561 2379 1633 2443 sive
1655 2379 1770 2442 minus
1784 2397 1885 2463 quam

413 2477 568 2566 perfecta
590 2479 646 2544 vel
674 2481 883 2546 inchoativa.
914 2481 1060 2546 Numeri
1082 2483 1284 2569 singularis:
1314 2501 1393 2546 curn
1414 2480 1472 2544 vel
1495 2481 1524 2544 si
1546 2481 1778 2556 nutrirem,
1808 2499 1884 2542 curn

415 2578 472 2644 vel
495 2582 523 2644 si
546 2581 754 2658 nutrires,
777 2603 859 2645 cum
882 2583 937 2648 vel
960 2585 988 2647 si
1010 2587 1217 2661 nutriret;
1240 2583 1377 2648 numeri
1399 2582 1562 2668 pluralis:
1585 2603 1665 2646 enm
1687 2581 1744 2646 vel
1765 2582 1796 2644 si
1816 2600 1886 2643 nn·
1996 2601 1997 2612 ¹

416 2682 637 2760 triremus,
660 2703 740 2746 eum
763 2682 819 2746 vel
842 2683 871 2747 si
894 2685 1148 2763 nutriretis,
1174 2705 1252 2749 eum
1276 2685 1332 2750 vel
1355 2685 1384 2748 si
1406 2685 1682 2767 nutrirenti).

500 2783 636 2848 Eodem
658 2785 775 2861 modo,
800 2785 922 2848 eodem
947 2800 1120 2870 tempere,
1144 2788 1260 2872 speeie
1281 2787 1435 2873 perfecta
1458 2788 1530 2850 sive
1553 2785 1720 2849 absoluta.
1742 2783 1886 2846 Numeri

416 2885 616 2970 singularis=
647 2905 727 2950 eum
757 2885 814 2950 vel
843 2886 873 2950 si
900 2888 1151 2964 nutrierim‚
1180 2908 1261 2952 eum
1288 2887 1345 2952 vei
1367 2888 1397 2951 si
1418 2887 1643 2964 nutrieris,
1671 2905 1751 2950 eum
1773 2884 1829 2949 vel
1857 2883 1885 2946 si

373 3037 382 3050 .
414 2989 643 3063 nutrierit3
666 2989 802 3052 numeri
821 2987 982 3073 pluralis:
1014 3009 1093 3054 euru
1117 2989 1174 3054 vel
1196 2991 1226 3054 si
1246 2989 1548 3066 nutrierimus,
1580 3005 1659 3052 enm
1687 2985 1744 3051 vel
1765 2987 1795 3048 si
1816 3004 1887 3048 nu·
1919 3003 1923 3011 ·

414 3090 615 3166 trieritis,
640 3109 718 3153 eum
739 3088 795 3152 vel
816 3090 845 3152 si
867 3089 1113 3153 nutrierint.
1362 3079 1364 3084 ’

498 3191 633 3256 Eodem
656 3191 774 3265 modo,
795 3190 922 3254 eodem
938 3184 967 3273 ⁸)
989 3203 1159 3276 tempore,
1183 3189 1653 3278 speeisplnsquamperieeta
1676 3189 1748 3252 sive
1771 3207 1885 3251 resor-

414 3291 530 3357 dativa
551 3291 607 3356 vel
630 3306 753 3356 exacta
765 3293 806 3374 9).
829 3291 975 3355 Numeri
998 3291 1197 3375 singularis:
1221 3313 1302 3356 eum
1324 3293 1381 3356 vel
1404 3294 1432 3356 si
1454 3293 1706 3366 nutrissem,
1730 3309 1807 3354 eum
1831 3287 1886 3350 vel

414 3395 444 3458 si
465 3395 699 3470 nutrisses,
731 3414 810 3457 eum
833 3394 889 3458 vel
912 3395 941 3458 si
971 3395 1201 3470 nutrimen
1228 3394 1365 3458 numeri
1388 3393 1549 3479 pluralis:
1580 3413 1660 3456 eum
1683 3392 1738 3456 vei
1760 3393 1789 3454 si
1811 3411 1885 3454 un-

413 3496 657 3574 trissemus,
683 3515 762 3559 cum
784 3494 839 3558 vel
863 3496 893 3558 si
914 3496 1189 3572 tenuissetis,
1214 3516 1293 3560 eum
1314 3495 1372 3558 vei
1395 3497 1424 3559 si
1446 3495 1701 3560 nutrissent.

495 3595 629 3661 Eodem
653 3596 777 3672 modo,
801 3609 958 3682 tempore
982 3596 1107 3662 futuro.
1130 3597 1277 3661 Numeri
1293 3597 1495 3681 singularis:
1517 3617 1596 3660 eum
1620 3595 1677 3658 vel
1699 3596 1729 3659 si
1750 3594 1886 3658 nntri-

411 3717 502 3773 ero,
527 3719 605 3762 eum
629 3697 685 3761 vel
708 3699 737 3760 si
758 3699 976 3776 nutrieris,
1003 3717 1081 3761 cum
1103 3700 1159 3763 vel
1182 3700 1212 3764 si
1234 3698 1456 3774 nutrierit;
1480 3698 1617 3762 numeri
1630 3697 1790 3782 pluralis:
1805 3715 1887 3758 cum

410 3797 467 3862 vel
489 3799 518 3862 si
540 3799 843 3876 nutrierimus,
867 3819 946 3864 eum
970 3799 1025 3863 vel
1049 3800 1077 3864 si
1099 3801 1376 3875 nutrieritis,
1402 3821 1480 3863 enm
1503 3800 1559 3864 vel
1582 3801 1611 3863 si
1633 3797 1887 3862 nutrierint.

318 3896 392 3950 ΜΗ)
495 3899 512 3932 *
531 3899 641 3964 Modo
664 3901 902 3985 impersonali,
925 3901 1079 3966 numeris
1103 3914 1136 3966 et
1158 3903 1319 3988 personis
1342 3901 1506 3977 confusis,
1529 3903 1688 3986 tempore
1711 3897 1889 3984 praesenti

411 4020 483 4064 sive
506 4000 665 4066 instanti:
690 4003 898 4068 nutritur.

494 4101 629 4166 Eodem
651 4105 775 4182 modo,
804 4115 963 4190 tempore
992 4105 1200 4190 praeterito,
1233 4105 1349 4189 speeie
1378 4101 1569 4188 inperfecta
1594 4103 1635 4185 ¹⁰)
1667 4101 1741 4165 sive
1771 4102 1891 4165 miuus

410 4213 514 4288 qnam
538 4205 691 4288 perfecta
709 4207 749 4288 ¹¹)
772 4205 828 4268 vel
850 4206 1066 4269 inchoativa:
1090 4205 1367 4270 nutriebatur
1384 4206 1435 4286 Ι’).

494 4304 630 4368 Eodem
654 4306 771 4382 modo,
795 4305 916 4370 eodem
941 4319 1110 4393 tempore,
1134 4306 1250 4392 speeie
1272 4304 1426 4390 perfecta
1448 4305 1521 4368 sive
1543 4301 1718 4368 absoluta:
1750 4301 1896 4366 nutri·

411 4417 495 4470 tum
520 4418 593 4468 ests

493 4507 541 4572 Et
561 4505 728 4572 ulteriore
750 4507 905 4594 perfecta
926 4508 999 4574 sive
1021 4506 1194 4572 absolute:
1217 4508 1434 4574 nutritum
1455 4505 1550 4572 init.

453 4798 476 4868 ⁸)
500 4797 601 4852 eedem
621 4800 657 4855 V.
677 4800 712 4854 A.
732 4823 769 4850 =
784 4801 818 4854 B.
845 4801 869 4869 ⁶)
888 4801 994 4852 numeri
1013 4797 1159 4870 singularis
1177 4799 1302 4854 Μία
1319 4801 1357 4854 A.
1383 4804 1406 4870 7)
1430 4797 1645 4852 nutrirem...
1666 4833 1673 4848 .
1692 4794 1839 4847 nutrirent
1860 4794 1898 4849 V.

514 4888 551 4940 A.
573 4919 607 4932 —
624 4888 791 4950 nutrierunt,
809 4888 962 4951 nutrieras,
979 4887 1130 4950 nutrierat,
1149 4887 1348 4950 nutrieremus,
1366 4887 1540 4948 nutrientis,
1566 4885 1720 4937 nutrierent
1737 4883 1771 4935 B.
1801 4885 1829 4952 ε)
1851 4899 1900 4933 eo·

517 4971 581 5026 dem
601 4975 638 5030 V.
652 4974 690 5029 A.
710 4995 747 5024 =
767 4976 797 5028 B.
821 4980 845 5046 θ)
862 4975 922 5030 sive
941 5013 948 5028 .
968 5013 975 5028 .
995 5013 1003 5028 .
1023 5013 1030 5029 .
1051 4983 1144 5028 exacta
1162 4977 1196 5030 B.
1217 4975 1252 5029 V.
1270 4997 1306 5023 =
1323 4975 1359 5028 A.
1391 4978 1425 5045 ¹⁰)
1445 4971 1553 5026 nouem
1572 5011 1580 5028 .
1598 5010 1609 5029 .
1627 5009 1634 5024 .
1655 5007 1661 5023 .
1681 4970 1845 5040 inperfecta
1866 4969 1900 5024 B.

517 5061 715 5116 ΚΒΞΛ.
737 5062 903 5134 ··)ιὶνο.“.
925 5063 1359 5137 ..μήοοῑιΒ.Ρ.;7.Α.
1381 5052 1784 5133 '‘inei....uutriebatur
1804 5057 1840 5110 B.
1862 5055 1901 5110 V.

517 5146 549 5198 P.
567 5162 604 5196 ·=
622 5147 658 5201 A.
