4042 6070
418 529 466 598 40
551 503 590 582 ii.
617 512 763 585 cmonl
788 523 1025 585 sscsanous
1048 485 1196 580 isurun
1223 521 1558 608 cusmncmcu
1582 529 1692 588 usas
1717 535 1739 589 1.

418 669 521 737 brae
543 687 643 740 sunt
664 695 753 740 nox
775 687 858 754 est,
889 673 956 740 tale
971 685 1021 750 ut,
1045 672 1081 736 si
1105 671 1244 748 lucet,
1275 671 1368 736 dies
1391 685 1473 751 est,
1497 675 1602 743 idest
1631 699 1716 746 uon
1738 701 1883 750 ueces-

419 775 590 841 sarium.
642 775 700 842 Sic
730 777 855 844 Cicero
886 778 923 840 in
952 773 1128 838 rhetorico
1156 761 1197 856 ⁷⁵)
1227 773 1268 856 ·).

504 881 575 943 185.
597 879 662 942 DE
677 875 998 946 lIEllIIASTATO.
1017 868 1059 959 ⁷⁶)
1103 874 1340 938 IIemisstaton
1354 887 1406 939 est
1421 895 1500 940 cnm
1518 876 1626 944 dictIo
1640 886 1796 950 continet
1809 910 1886 974 spe-

418 977 483 1040 ciei
506 981 738 1064 ignorantiam
761 994 795 1045 et
818 981 998 1044 scientiam
1022 977 1171 1061 generis,
1194 987 1233 1038 ut
1249 987 1357 1038 est-
1373 977 1501 1056 hunc,
1524 979 1688 1067 inquit,
1707 986 1748 1067 ⁷⁷)
1773 987 1887 1052 Iron.

416 1079 522 1144 doso
544 1084 711 1146 vertice
735 1082 899 1159 collem,
923 1081 1029 1165 Quis
1048 1078 1150 1142 deus
1172 1077 1387 1140 incertum
1406 1092 1478 1160 est,
1508 1082 1673 1147 habitat
1689 1085 1788 1152 deus
1809 1089 1886 1172 ⁶)-

416 1184 474 1246 hic
491 1184 582 1246 enim
602 1197 733 1248 certum
750 1198 802 1250 est
818 1185 1012 1270 degenere,
1037 1179 1133 1266 quod
1155 1179 1251 1242 sitin
1272 1179 1351 1244 loco
1366 1179 1469 1258 deus,
1502 1183 1563 1248 sed
1586 1185 1629 1250 de
1647 1189 1763 1273 specie
1784 1191 1885 1256 dubi·

420 1297 523 1361 tatur,
547 1286 607 1370 qui
625 1286 707 1364 deus
726 1289 780 1351 sit.
1171 1337 1185 1360 .

502 1388 572 1453 186.
595 1387 659 1451 DE
675 1387 950 1453 METANOEA.
994 1383 1179 1448 Metanoea
1202 1395 1254 1446 est
1270 1383 1325 1446 vel
1341 1387 1551 1470 metagnosis
1570 1388 1677 1454 dictio
1702 1394 1884 1458 continens

416 1492 678 1577 poenitudinem
695 1483 736 1574 ⁷⁸)
756 1494 789 1574 e)
803 1491 853 1553 rei
868 1501 926 1552 aut
941 1487 1051 1551 iactae
1067 1508 1155 1572 quae
1172 1485 1246 1549 fieri
1261 1505 1334 1548 nou
1352 1486 1491 1564 debuit,
1523 1501 1561 1553 ut
1581 1527 1625 1543 -
1640 1491 1882 1574 Insontem,

415 1593 591 1658 infando
621 1593 805 1670 iudicio,
835 1591 933 1677 quia
963 1589 1082 1652 bella
1109 1587 1303 1664 vetabat,
1343 1588 1567 1655 Demisere
1607 1595 1725 1672 neci,
1764 1617 1885 1662 nuuc

416 1715 578 1760 cassum
600 1697 762 1760 lumine
784 1689 1103 1778 lugent⁷⁹)d)-
1124 1703 1273 1753 autnon
1299 1689 1457 1767 lactare,
1482 1713 1571 1778 quae
1598 1695 1671 1758 fieri
1696 1697 1882 1778 debuisset,

413 1797 666 1884 ut-Saepe
703 1798 844 1882 lugam
877 1794 1017 1858 Danai
1052 1785 1244 1874 Troia'⁰)
1275 1793 1453 1878 cupiere
1476 1795 1638 1860 relicta
1667 1798 1885 1866 Moliriet

414 1897 547 1982 longo
570 1895 676 1964 lessi
698 1898 925 1963 discedere
942 1887 984 1978 ⁸¹)
1010 1893 1146 1969 bello,
1175 1892 1476 1980 fecissentque
1499 1898 1682 1962 utinam!
1703 1903 1735 1984 ⁶)

501 2005 570 2066 187.
593 2001 657 2064 DE
676 1999 882 2064 EXOCIIE.
926 1997 1071 2060 Exoche
1089 2006 1139 2058 est
1158 1994 1269 2058 oratio
1292 1995 1463 2080 iucipiens
1481 1997 1524 2061 ab
1550 1999 1665 2083 specie
1683 1993 1726 2083 8’)
1749 2014 1783 2065 et
1806 2023 1885 2086 gra-

413 2101 520 2165 datim
541 2102 586 2165 ad
605 2123 713 2186 genus
737 2122 816 2166 cum
841 2098 1086 2164 coniunctione
1109 2096 1273 2162 decenter
1297 2097 1521 2165 adscendens.
1556 2101 1667 2164 lluius
1686 2094 1884 2190 ⁸³)Tspecies

413 2217 493 2266 811111
509 2217 588 2268 ires.
1212 2255 1216 2262 .

499 2309 570 2371 188.
592 2305 657 2369 DE
671 2304 867 2371 EXOCIIE
885 2302 1045 2369 PRIMA.
1089 2302 1235 2365 Exoche
1251 2304 1365 2388 prima
1379 2304 1416 2366 lit
1431 2305 1498 2368 hoc
1514 2303 1632 2381 modo,
1656 2306 1796 2391 quando
1814 2327 1886 2371 una

411 2408 545 2494 species
570 2407 713 2492 ponitur
736 2419 770 2469 et
795 2408 909 2470 statim
927 2424 1037 2490 genus
1056 2423 1122 2489 per
1139 2405 1422 2469 coniunctionem
1444 2406 1585 2483 crescit,
1618 2418 1656 2469 ut
1673 2420 1776 2470 est-
1795 2410 1884 2474 leo·

410 2528 503 2571 nem
527 2521 651 2594 atque
675 2507 782 2571 alias
806 2507 822 2570 I
827 2528 979 2572 eras-
1000 2525 1080 2568 uam
1095 2504 1151 2568 leo
1169 2507 1318 2589 speciale
1344 2521 1405 2585 est,
1430 2507 1500 2570 Iera
1524 2508 1684 2591 generale
1698 2523 1757 2572 est.
1825 2541 1832 2562 ·

499 2612 568 2676 189.
591 2609 655 2670 DE
675 2606 871 2672 EXOCHE
894 2605 1125 2670 SECUNDA.
1178 2606 1324 2672 Exoche
1348 2609 1498 2672 secunda
1516 2621 1584 2686 est,
1622 2630 1700 2674 cum
1722 2610 1792 2675 duo
1816 2631 1883 2676 no·

410 2711 505 2773 mina
527 2708 691 2795 specialia
711 2722 890 2796 ponuntur
911 2722 945 2772 et
969 2709 1019 2772 sic
1039 2709 1194 2772 eminens
1219 2709 1381 2792 generale
1402 2730 1531 2773 nomen
1555 2711 1728 2790 ascendit,
1767 2725 1806 2776 ut
1830 2728 1884 2777 est

408 2811 755 2898 -probitatem,
778 2811 1045 2874 iudustriam
1069 2821 1321 2895 ceterasque
1344 2823 1461 2874 artes
1484 2811 1693 2895 boneef)

496 2917 567 2980 190.
591 2913 654 2977 DE
672 2910 869 2976 EXOCIIE
883 2911 1069 2976 TERTIA.
1113 2911 1258 2976 Exoche
1274 2913 1376 2976 tertia
1393 2913 1516 2977 eodem
1533 2915 1656 2990 modo,
1687 2935 1757 3000 quo
1774 2929 1807 2980 et
1822 2939 1881 2980 su·

408 3015 563 3101 periores
579 3015 806 3100 conponitur,
829 3035 899 3078 uno
917 3015 1158 3077 tantummodo
1178 3013 1295 3078 addito
1319 3017 1461 3079 nomine
1477 3017 1619 3101 speciali
1638 3029 1716 3080 ante
1734 3039 1880 3102 genera-

408 3118 476 3180 lem
493 3117 780 3202 appellationem,
804 3129 842 3178 ut
857 3116 1250 3201 est-Hipponem,
1281 3116 1579 3194 Adrumetnm,
1610 3118 1779 3204 Leptim
1810 3141 1878 3185 ce·
1959 3151 1964 3162 ·

409 3231 610 3304 serasque
634 3220 838 3282 civitates
851 3220 889 3299 ¹)
905 3251 948 3268 ·-
987 3217 1132 3280 Exoche
1148 3229 1261 3280 autem
1277 3217 1370 3280 dicta
1386 3231 1447 3296 est,
1465 3218 1561 3304 quod
1576 3220 1747 3303 gradatim
1764 3224 1877 3287 oratio

409 3321 574 3394 emineat;
597 3339 678 3383 nam
697 3321 849 3383 eminere
866 3338 988 3403 graece
1007 3315 1122 3395 ιἐέμιν
1140 3309 1183 3400 ⁸⁴)
1201 3319 1331 3382 dieunt.

492 3421 680 3508 Hucusque
705 3424 829 3486 artium
854 3421 1157 3504 grammaticarum
1185 3420 1327 3483 fecimus
1351 3419 1522 3498 iustituta;
1556 3421 1599 3487 de
1630 3425 1812 3491 catholicis
1833 3420 1879 3510 85)

406 3543 489 3588 vero
505 3525 688 3593 nominum
706 3537 808 3609 atque
823 3522 1011 3587 verborum
1028 3522 1130 3587 latius
1144 3541 1370 3608 exponemus.

503 3722 544 3798 TI.
577 3733 724 3804 CLAUDI
757 3737 992 3795 SACEIIDOTIS
1024 3737 1172 3791 AIlTlUbI
1204 3735 1536 3792 GRAMMATICAIIUM
1568 3739 1776 3795 FELICITER.

442 3979 478 4054 ⁷⁸)
495 3977 836 4036 rhetorico-rethorice
856 3980 923 4033 ced.
944 3975 982 4049 76)
997 3977 1032 4031 de
1057 3977 1219 4033 hemissluto
1245 4011 1280 4022 -
1300 3977 1335 4032 de
1359 3981 1501 4035 emisstslo
1523 3983 1592 4036 cod.
1617 3984 1653 4055 ⁷⁷)
1673 3985 1765 4058 iuquit
1781 4018 1818 4028 —
1835 3987 1879 4038 iu-

512 4068 579 4140 quid
598 4070 666 4124 ced.
693 4070 729 4138 77)
749 4064 965 4142 poenitudo'-
990 4065 1141 4136 paenitudo
1171 4068 1237 4120 Cod.
1265 4070 1301 4138 ⁷⁸)
1327 4069 1390 4140 quia
1414 4066 1488 4120 bellu
1505 4067 1630 4134 retsbst,
1657 4070 1794 4126 demisere
1813 4077 1878 4126 neci

511 4173 584 4207 nuuc
604 4173 710 4216 cessuras
728 4153 830 4205 lumine
849 4151 946 4222 lugent
962 4185 999 4196 -
1015 4154 1077 4224 quir
1096 4152 1123 4206 b.
1143 4173 1167 4206 r.
1188 4151 1215 4212 d.
1235 4173 1262 4208 n.
1282 4173 1308 4208 n.
1329 4173 1353 4207 c.
1373 4155 1391 4209 l.
1407 4153 1504 4226 lugent
1524 4160 1592 4210 Cod.
1612 4155 1649 4225 ⁸⁰)
1669 4161 1879 4212 Trois—Tro-

511 4245 566 4296 ism
588 4245 654 4296 Ced.
680 4243 716 4313 Ἰ)
736 4239 880 4292 dIsceders
897 4271 935 4284 ·-
953 4238 1099 4292 disdedere
1121 4242 1188 4294 Cod.
1226 4238 1265 4313 81)
1284 4245 1378 4314 speeie
1396 4275 1432 4286 -
1450 4247 1570 4316 speciem
1593 4248 1659 4299 Ccd.
1683 4243 1720 4319 ο1)
1739 4245 1822 4300 buius
1840 4279 1879 4292 ·-

510 4328 572 4385 hius
593 4327 664 4383 Cod.
684 4321 721 4400 87)
741 4321 846 4403 ι’ξὲχιεν
865 4357 899 4370 -
918 4325 1033 4381 exechin
1055 4329 1121 4382 ced.
1142 4319 1180 4400 ⁸⁵)
1200 4327 1343 4382 cstlsolicis
1361 4363 1398 4374 -
1416 4331 1540 4385 catolicis
1561 4335 1628 4388 ch.

445 4439 476 4510 a)
504 4438 547 4492 Cf.
568 4439 626 4494 Cic.
648 4435 803 4490 deiurant.
822 4435 898 4494 lae.
919 4411 955 4506 1).
965 4436 1041 4506 virg.
1061 4438 1127 4489 Aen.
1147 4433 1224 4490 VIII·
1243 4443 1305 4496 3⁵1.
1325 4443 1385 4496 352.
1406 4443 1431 4510 s)
1451 4443 1619 4504 Paenitudo,
1638 4461 1690 4494 rcx
1708 4442 1874 4505 Pacatiana,

509 4523 543 4578 ab
561 4526 693 4588 Ausonio,
712 4522 840 4586 Sidonio,
868 4523 1036 4592 Hieronymo
1055 4533 1205 4595 nostroque
1224 4525 1323 4576 iterum
1341 4536 1479 4598 usurpata.
1505 4527 1577 4580 Vide
1603 4547 1674 4600 quae
1693 4527 1728 4580 de
1752 4527 1879 4599 haspri-

509 4611 621 4667 ssorum¹
642 4609 839 4666 vocsbulcrum
866 4608 1054 4681 palingenesis
1073 4608 1201 4664 observet
1226 4607 1342 4664 doctiss.
1368 4612 1478 4665 Freund
1504 4615 1532 4666 iu
1558 4615 1628 4668 Lex.
1652 4613 1700 4669 lat.
1726 4617 1815 4687 praef.
1844 4635 1876 4686 p.

507 4701 609 4754 XXIII.
636 4699 760 4770 etvirg.
780 4701 849 4750 Aen.
869 4696 905 4751 II.
925 4703 968 4756 84·
988 4701 1031 4756 85.
1058 4699 1085 4767 ε)
1105 4697 1180 4767 Virg.
1199 4697 1266 4750 Aen.
1285 4697 1321 4751 II.
1350 4705 1500 4761 tos-110.
1518 4705 1560 4776 s)
1588 4700 1700 4758 Sallust.
1726 4701 1807 4757 Cstil.
1828 4708 1875 4761 10.

505 4786 536 4858 g)
556 4785 668 4841 Sallust.
686 4788 745 4857 lug.
766 4793 809 4847 19.
829 4787 1081 4860 Leptimjalissque
1099 4787 1181 4840 urbis.

890 5059 1356 5086 ——-·--=—--··-
