4104 6064
417 565 483 634 m
741 553 1558 613 snscurn'rscssuus'rses

418 708 532 792 legere
556 703 764 796 [debemus]
788 725 851 792 par
876 716 929 768 est
951 703 994 786 7·“)
1015 704 1071 785 ¹),
1094 703 1252 788 quamvis
1281 701 1470 786 utrobique
1486 697 1531 785 ι’)
1554 713 1678 766 ustura
1708 703 1816 790 longa
1846 707 1889 770 sit

416 809 618 894 penultima,
641 809 713 888 sed,
738 810 821 896 quia
844 825 969 894 graeca
991 817 1071 870 suut
1093 823 1258 890 germana
1275 807 1330 887 ⁷⁹),
1353 803 1542 868 lstiuorum
1563 815 1772 870 wceutuorn
1793 805 1890 894 leges

418 903 622 993 eiurant⁸⁰).

506 1015 554 1078 12.
583 1012 795 1078 Communia
812 1005 857 1094 ⁸¹)
886 1029 969 1074 vero
993 1021 1089 1086 sunt,
1119 1028 1219 1094 quae,
1243 1007 1286 1072 sb
1309 1007 1475 1072 alterutro
1498 1019 1576 1074 orta
1590 1001 1634 1090 ⁸¹)
1655 1027 1830 1086 sermone,
1853 1011 1890 1074 ln

417 1113 558 1178 ulterius
578 1113 821 1178 declinatione
851 1111 1037 1176 considunt
1060 1106 1105 1194 ⁰³)
1120 1111 1171 1194 ⁵),
1204 1109 1310 1194 idque
1338 1109 1377 1172 lit
1403 1107 1518 1174 modis
1539 1107 1687 1176 duobus.
1717 1110 1808 1176 Nam
1832 1125 1891 1176 aut

417 1213 523 1278 letina
546 1215 766 1280 declinantur
786 1226 825 1278 ut
839 1206 882 1296 ll)
904 1233 1045 1298 graeca,
1067 1226 1105 1278 ut
1127 1211 1355 1310 Scipiades
1376 1205 1431 1293 ⁸⁵),
1455 1209 1735 1290 Memmiadae
1751 1205 1809 1296 ω),
1833 1226 1891 1278 sut

415 1335 540 1402 graeca
564 1317 606 1382 de
634 1317 743 1402 stirpe
771 1337 832 1380 sus
863 1315 1077 1401 degenerant
1099 1309 1144 1398 ⁸5)
1176 1325 1210 1376 et
1231 1311 1338 1376 letius
1367 1309 1605 1390 declinantur,
1632 1325 1673 1380 ιιι
1697 1313 1890 1380 —Aeris

417 1419 653 1504 incampis
675 1417 892 1502 lstist)-
914 1429 1012 1480 et-
1034 1415 1273 1480 Evandrum
1296 1412 1554 1500 perimunt).

503 1522 553 1586 13.
575 1520 711 1596 Latina,
735 1541 824 1606 qnae
844 1539 988 1604 graecae
1002 1512 1046 1602 ⁸⁸)
1069 1515 1312 1582 declinationis
1334 1513 1488 1580 colorem
1512 1516 1700 1596 duxerunt,
1723 1535 1889 1602 precum

416 1641 558 1706 quoque
581 1623 733 1686 retinent
754 1634 954 1697 occentum
984 1637 1091 1704 qusre
1113 1631 1153 1684 ut
1174 1617 1402 1684 Miltiades
1420 1611 1484 1700 ⁸⁹),
1513 1609 1806 1705 Asclepiades
1821 1622 1888 1704 θ’),

416 1723 464 1786 ita
492 1723 759 1788 Lucidiades
790 1735 825 1788 et
850 1721 1152 1798 Memmisdes‚
1183 1719 1411 1806 Scipiades
1440 1733 1560 1798 acuta.
1595 1721 1756 1806 quamvis
1788 1719 1890 1786 brevi

414 1824 617 1910 penultimo,
640 1825 875 1911 proferuntur.
1378 1849 1383 1858 ·

503 1929 554 1992 ll.
576 1926 633 2004 At,
665 1947 753 2012 quse
772 1928 816 2009 ⁹¹)
840 1925 992 1990 redicem
1016 1924 1147 1989 ducunt
1176 1945 1195 1988 ι
1219 1923 1368 1988 Graecia
1391 1925 1530 2008 atingo
1553 1923 1740 1988 latinarum
1755 1926 1802 2008 91)
1825 1924 1887 1990 de-

415 2028 643 2093 clinationum
667 2027 874 2104 succedunt‚
897 2025 1022 2090 hilaria
1037 2019 1081 2108 93)
1104 2025 1252 2090 deducta
1274 2025 1437 2110 ambigua
1460 2037 1624 2092 tonorum
1653 2026 1712 2090 sis
1733 2046 1887 2111 sequun-

414 2139 471 2194 tur
489 2121 533 2212 θ’)
548 2130 602 2211 ·)‚
634 2141 739 2214 atque
769 2129 849 2194 ideo
879 2129 1074 2192 aetheris
1103 2139 1137 2192 et
1174 2128 1307 2202 seris,
1344 2129 1426 2213 quis
1457 2127 1593 2212 origine
1627 2147 1754 2212 graeca
1789 2141 1888 2208 suot,

413 2249 560 2316 graecae
583 2251 723 2317 quoque
745 2231 931 2317 prosodiae
966 2229 1111 2294 lormam
1134 2241 1214 2313 apte
1237 2228 1429 2315 recipiunt,
1458 2241 1499 2294 ut
1527 2231 1661 2308 seria,
1693 2231 1888 2296 aetheris

414 2332 465 2396 sio
487 2332 647 2396 dicantur
675 2332 781 2397 latine
809 2331 1022 2418 penultimae
1046 2333 1144 2417 quasi
1167 2351 1290 2415 graece
1312 2331 1402 2409 δέρον
1423 2332 1544 2410 αἰνίρον
1560 2326 1623 2414 ⁹⁵);
1655 2333 1738 2417 quia
1758 2325 1803 2415 ⁹⁶)
1825 2353 1888 2396 au-

413 2445 483 2498 tem
515 2433 748 2498 declinatione
778 2433 867 2498 laets
897 2447 977 2498 sunt
1005 2433 1131 2510 latina,
1163 2435 1292 2518 inpune
1320 2434 1389 2497 ritu
1411 2445 1531 2500 nostro
1561 2435 1597 2496 in
1619 2435 1733 2520 prima
1755 2433 1887 2516 syllaba

413 2545 585 2598 acuuntur
607 2537 670 2616 ⁹⁷),
699 2536 782 2619 quia
811 2535 928 2599 brevis
958 2547 1009 2599 est
1037 2535 1249 2620 penultima,
1278 2547 1317 2598 ut
1339 2533 1383 2599 sit
1405 2535 1539 2612 aeris,
1568 2537 1762 2600 estheris
1784 2537 1886 2620 qnasi

413 2635 603 2710 anseris,
625 2636 798 2701 asseris.
823 2636 992 2700 Similiter
1014 2630 1333 2718 Simoentis⁹⁸)‚
1366 2637 1772 2720 Thermodontiae)
1800 2658 1884 2724 pro·

413 2748 633 2821 paronytons
658 2736 715 2819 ΙΝ)
744 2749 841 2814 sunt,
871 2739 901 2801 si
928 2738 972 2802 sd
995 2737 1148 2804 Graecos
1171 2738 1354 2823 respicias,
1385 2740 1446 2823 qui
1469 2738 1519 2803 sic
1542 2739 1887 2820 incinerationem,

415 2841 632 2917 θερμώοονοον
647 2841 692 2922 ’);
714 2852 934 2924 paroxytona
950 2840 979 2923 ²)
1002 2852 1128 2916 sutem,
1152 2841 1182 2904 si
1204 2841 1248 2904 ad
1269 2851 1422 2905 nostram
1442 2840 1579 2926 rediges
1600 2837 1766 2924 regulam,
1790 2861 1885 2924 quo·

412 2939 507 3004 niem
525 2934 554 3023 ³)
576 2941 723 3005 dicimus
746 2941 978 3026 sapientis,
1003 2945 1218 3020 audentis,
1242 2944 1293 3007 sic
1316 2941 1566 3018 Simoentis,
1589 2940 1883 3006 Thermodon-

413 3033 527 3124 tisl).
550 3041 682 3106 Eadem
706 3043 841 3107 ratione
862 3043 1123 3120 Evandrum,
1146 3056 1382 3127 tyrannum,
1406 3045 1506 3131 qussi
1527 3043 1767 3120 amandum,
1789 3044 1884 3108 Bri-

412 3155 585 3206 tsnnum
608 3139 655 3226 ⁵),
690 3145 884 3230 penultima
916 3158 1037 3223 acuta,
1067 3147 1149 3231 quis
1171 3139 1200 3228 ὃ)
1231 3147 1406 3233 positione
1429 3147 1626 3231 longeest,
1657 3144 1884 3232 proferimus,

454 3499 490 3564 ⁷⁷)
510 3497 749 3575 προπαροξυτόνως
766 3495 857 3568 legere
875 3515 925 3569 psr
943 3507 1028 3552 est-
1045 3516 1110 3572 psrs
1128 3497 1235 3570 elegere
1255 3497 1387 3552 debemus
1406 3518 1456 3572 prr
1474 3505 1518 3552 est
1537 3499 1606 3552 ced.
1626 3499 1662 3569 ι’)
1681 3495 1828 3571 utrobique
1846 3531 1884 3546 ..-

516 3583 665 3656 utrubique
684 3585 752 3640 ced.
777 3589 812 3656 ⁷⁹)
832 3588 1156 3657 germana-germisuis
1176 3589 1242 3641 cod.
1258 3585 1308 3660 (τῷ
1327 3586 1438 3658 iprime
1456 3589 1557 3653 deleto)
1575 3587 1643 3640 eod.
1664 3588 1701 3657 ⁸⁰)
1719 3597 1884 3640 secentuuus

516 3669 591 3739 leges
610 3673 717 3724 sinrsut
731 3702 767 3715 -
783 3682 926 3725 recentum
937 3671 997 3744 legs
1016 3691 1046 3727 ss
1065 3676 1155 3728 iursnt
1168 3675 1235 3728 Cod.
1256 3678 1291 3744 ΙΙ)
1303 3676 1456 3728 communis
1467 3705 1500 3717 -
1512 3675 1665 3728 commonia
1686 3675 1753 3727 Ced.
1773 3674 1810 3740 ’·)
1821 3683 1883 3727 orts
1979 3727 1982 3734 ,

520 3760 586 3811 cod.
607 3779 624 3812 a
641 3780 683 3830 pr.
704 3779 738 3812 m.
758 3789 793 3801 -
811 3769 872 3812 orto
892 3781 926 3813 er
945 3781 995 3816 rm.
1013 3783 1054 3833 pr.
1075 3782 1110 3820 m.
1130 3764 1166 3831 ⁸')
1187 3759 1337 3815 considunt
1354 3795 1388 3804 -
1408 3761 1566 3816 comedunt
1585 3763 1653 3815 Cori.
1682 3763 1718 3832 ”)
1738 3759 1883 3814 decliusu-

516 3855 561 3897 tur
579 3854 662 3897 ιιι-
682 3845 836 3900 declinetur
853 3849 882 3900 iu
903 3849 970 3902 cod.
990 3851 1026 3919 ⁸⁵)
1045 3847 1191 3922 Scipisdss
1212 3851 1277 3902 Coei.
1299 3871 1332 3903 rx
1351 3870 1399 3903 em.
1418 3871 1460 3921 pr.
1480 3869 1515 3913 m.
1537 3879 1566 3891 -·
1588 3846 1734 3920 Scipiades
1754 3871 1771 3902 a
1786 3869 1829 3921 pr.
1844 3869 1881 3903 os.

519 3933 555 4006 ⁸⁶)
575 3931 753 3987 Memmisdss
772 3965 805 3979 -
824 3935 1004 3990 lllemmisdss
1026 3939 1093 3991 cod.
1113 3937 1149 4007 ⁸⁷)
1169 3935 1335 4006 degenersnt
1354 3970 1388 3979 -
1407 3945 1537 4009 genennt
1558 3937 1625 3989 ced.
1653 3936 1688 4004 ⁸⁸)
1707 3935 1792 3989 latins
1811 3957 1883 4010 quse

516 4037 626 4090 graecae
644 4051 680 4062 -
698 4019 836 4095 latiusque
861 4041 940 4094 grecs
962 4025 1029 4078 cod.
1056 4027 1092 4097 Ιι)
1115 4022 1256 4077 llliltisdcs
1274 4055 1309 4067 -
1327 4023 1476 4079 militiades
1498 4026 1566 4077 Cod.
1591 4027 1628 4092 ιἰ)
1646 4021 1826 4095 ΑνοΙορῐνιΙον
1846 4056 1882 4068 -

515 4104 679 4180 asclipisdes
700 4111 768 4164 Cod.
788 4113 826 4182 ι’)
845 4119 873 4163 st
892 4129 961 4184 quse
980 4143 1014 4152 -
1027 4122 1108 4184 stspre
1124 4113 1189 4164 Ced.
1210 4113 1246 4181 ι’)
1266 4109 1409 4165 lstinsrum
1421 4143 1457 4154 -
1472 4109 1619 4164 lstinorurn
1639 4111 1706 4164 cea.
1725 4115 1763 4183 ι’)
1783 4111 1882 4166 bilsris

514 4227 548 4236 -
567 4192 669 4247 bivsris
691 4195 758 4248 Ced.
783 4199 819 4267 ι’)
839 4208 992 4268 sequnntur
1009 4230 1045 4240 —
1063 4210 1195 4253 secuntur
1215 4200 1281 4253 Ced.
1302 4221 1336 4252 ea
1355 4219 1405 4253 em.
1423 4221 1465 4271 pr.
1485 4219 1520 4251 m.
1533 4230 1569 4242 -
1588 4197 1728 4252 secuudur
1745 4219 1763 4252 a
1780 4219 1824 4271 pr.
1844 4219 1882 4254 ns.

515 4282 552 4353 9’)
572 4273 651 4354 alipes
669 4279 780 4364 αἰθέρος
798 4315 830 4326 -
851 4301 911 4336 serr
931 4283 982 4358 (τῷ
996 4304 1010 4336 s
1024 4289 1119 4338 ultimo
1132 4289 1306 4360 superscr.o)
1327 4285 1453 4340 setheres
1472 4305 1576 4366 οιτιρος
1595 4289 1658 4352 (litt.
1672 4289 1785 4358 omisi)
1810 4289 1882 4342 cea.

514 4369 550 4437 ι“)
577 4369 640 4440 quin
658 4400 693 4408 -
713 4387 781 4440 quse
803 4371 869 4424 ced.
896 4375 934 4445 ⁹⁷)
961 4381 1095 4425 scouutur
1116 4404 1152 4415 -
1170 4383 1321 4427 secuuntur
1341 4377 1409 4428 ced.
1439 4377 1475 4445 ι’)
1499 4374 1649 4429 Simoentis
1671 4405 1707 4416 -
1732 4376 1880 4428 simoentis

516 4454 585 4509 cod.
611 4457 648 4527 ιι)
676 4453 891 4511 Thermodontis
915 4491 949 4499 —
974 4459 1152 4514 termodsutis
1182 4463 1242 4514 cod
1287 4467 1334 4532 ¹⁰⁰)
1358 4471 1579 4534 propsrorytons
1604 4493 1639 4503 -
1665 4465 1881 4534 propsruitsno

516 4543 581 4595 Corl.
606 4547 626 4614 ¹)
646 4541 786 4616 Σιρόιντος
804 4541 991 4625 Θερμώδοντος
1009 4579 1044 4589 -
1062 4547 1213 4601 simoeulos
1233 4548 1421 4602 termodestos
1442 4551 1510 4604 ced.
1538 4551 1563 4621 ¹)
1587 4557 1758 4621 psrosytons
1776 4583 1813 4591 -
1830 4569 1882 4622 pa-

514 4630 638 4683 roxitons
660 4631 728 4684 Ced.
749 4634 771 4703 ³)
791 4633 919 4706 quoniam
938 4666 972 4674 -
991 4655 1071 4708 quam
1092 4637 1159 4690 eod.
1179 4637 1202 4707 ⁴)
1221 4635 1672 4691 Thermodontis-remedendi
1694 4638 1762 4690 Cod.
1784 4641 1807 4706 ⁵)
1824 4637 1881 4690 Bri·

511 4727 623 4769 tsunnm
641 4749 674 4760 -—
694 4717 865 4774 brittsunnm
885 4722 945 4774 Ced
971 4741 1004 4776 ex
1023 4745 1076 4778 em.
1090 4745 1131 4798 pr.
1147 4744 1181 4777 m.
1199 4721 1377 4779 -lsrittsuus
1396 4745 1414 4777 a
1431 4745 1475 4798 pr.
1495 4743 1529 4778 m.
1548 4728 1572 4797 ⁶)
1589 4725 1654 4798 quia
1671 4755 1705 4764 —
1724 4741 1795 4796 quse
1809 4725 1878 4779 Ceri.

458 4857 490 4930 a)
507 4858 749 4938 προπαροξυτόνως
765 4863 856 4934 legere
871 4882 925 4932 par
944 4876 998 4931 est;
1017 4864 1059 4917 sic
1078 4863 1148 4918 Cod.
1167 4863 1259 4918 locutu
1279 4866 1531 4937 corruptissimum:
1548 4886 1616 4938 pars
1629 4867 1734 4938 elegere
1750 4866 1880 4918 dedamus

510 4963 564 5014 per
586 4959 643 5009 est,
670 4947 814 5002 emendare
840 4951 1012 5006 tsntsvimes.
1041 4955 1068 5022 b)
1100 4954 1263 5021 semum,-
1290 4953 1327 5006 its
1352 4951 1499 5008 scribimus
1524 4973 1575 5026 pre
1599 4954 1699 5008 vitioso
1728 4955 1879 5006 consedens

512 5031 599 5101 Ced.;
620 5035 712 5105 possis
732 5037 812 5090 etism
831 5035 923 5108 legere
942 5040 1109 5103 concedunt,
1134 5039 1184 5093 ubi
1201 5059 1265 5096 rere
1284 5051 1312 5094 et
1330 5043 1513 5098 declinatione
1530 5041 1692 5096 mutsndun
1711 5041 1765 5096 srit
1782 5039 1813 5094 in
1831 5045 1879 5093 de·

511 5120 695 5176 ellectionem.
714 5124 837 5194 c)=Virg.
856 5129 923 5179 Aen.
943 5127 990 5180 Vl.
1008 5133 1070 5186 887.
1090 5129 1120 5198 d)
1140 5129 1214 5198 Virg.
1234 5129 1301 5181 see.
1322 5130 1397 5183 Vlll.
1419 5135 1477 5190 119.
1497 5132 1523 5196 ν)
1542 5132 1644 5198 orfiti«
1663 5141 1878 5204 ...sequentum

511 5202 602 5258 Locus
622 5208 787 5280 impeditus,
813 5227 911 5266 seusus
931 5211 1041 5288 quidem
1062 5224 1104 5272 est
1122 5215 1151 5270 in
1170 5223 1296 5287 promtu,
1321 5225 1348 5272 st
1374 5227 1447 5272 esrts
1473 5215 1629 5274 smcudstio
1655 5235 1711 5272 neu
1730 5217 1877 5274 succurrit.
