4020 6068
373 567 430 624 m
550 531 554 538 ’
844 562 1381 620 anaararto

191 769 196 778 ,
326 671 330 680 ’
375 708 458 764 uon
477 707 525 762 ex
546 669 701 760 eodem
722 667 898 777 Codice,
922 671 977 756 ab
1000 667 1164 773 eadem,
1192 693 1240 756 ut
1262 666 1430 756 videtur
1450 697 1560 786 quae
1577 687 1772 752 tractatus
1789 665 1845 754 de

375 811 546 896 nomine
568 830 610 892 et
629 805 761 892 verbo
777 807 1005 922 scripserat,
1018 805 1190 890 saitima
1207 835 1361 890 coaeva
1378 833 1506 890 manu
1525 825 1708 910 exarata:
1731 833 1845 888 corn-

373 944 567 1060 plectitur
586 969 671 1026 una
690 971 784 1025 cum
805 937 1036 1055 appendice
1061 940 1161 1024 folia
1180 936 1471 1056 quadraginta,
1502 935 1658 1022 scilicet
1677 959 1846 1052 quater·

373 1080 546 1164 nionem
572 1077 633 1178 ll,
660 1075 742 1178 ΙΙΙ,
771 1075 835 1160 IV
856 1097 898 1159 et
926 1075 1231 1159 sexternionem
1254 1073 1483 1188 (signatum
1508 1069 1564 1179 Q.
1585 1071 1675 1185 V.).
1715 1071 1847 1158 Deest

256 1223 260 1232 '
372 1211 498 1324 igitur
516 1210 736 1326 quaternio
755 1208 1173 1324 primuslncipitscl.
1190 1239 1239 1315 17
1252 1245 1288 1292 r.
1302 1221 1375 1292 col.
1388 1245 1428 1292 a.
1451 1207 1612 1296 verbis:
1637 1204 1845 1292 ·RIMUS·

373 1344 601 1458 syllabas
633 1345 893 1459 accipiunt
923 1343 980 1462 (p.
1006 1349 1090 1430 258
1122 1342 1290 1458 unali.);
1320 1339 1462 1426 finitur
1481 1351 1565 1452 fol.
1600 1361 1655 1454 49
1684 1377 1720 1424 r.
1749 1371 1845 1426 cunt

372 1477 696 1593 subscriptione:
745 1475 909 1564 Utere
936 1477 1078 1562 Felix
1107 1473 1334 1592 Bappadi
1366 1476 1588 1560 Mercuri
1619 1474 1844 1588 Scriptor

373 1641 479 1730 curn
501 1611 736 1698 Patronis
758 1608 933 1698 Gaude
955 1611 1013 1728 (p.
1037 1610 1153 1729 456).
1184 1608 1384 1726 Sequitur
1395 1605 1602 1724 appendix
1618 1607 1672 1694 ab
1693 1604 1844 1694 eadem

371 1774 513 1852 manu,
539 1775 626 1832 uno
646 1769 811 1851 tenore,
837 1747 927 1831 sine
946 1745 1031 1830 ulla
1047 1743 1315 1859 inscriptione
1334 1766 1544 1848 exaratus3
1567 1743 1728 1856 incipit:
1751 1740 1845 1828 No-

371 1878 504 1963 mina
535 1877 866 1995 appellativa:
900 1876 1053 1965 desinit
1077 1887 1177 1988 (fol.
1202 1883 1257 1963 52
1289 1889 1352 1973 r.)
1386 1875 1547 1964 verbis:
1579 1897 1843 1992 potestate

371 2009 643 2123 iungantur
664 2045 759 2098 cnm
778 2013 1106 2130 subscriptione:
1139 2011 1175 2096 F
1182 2009 1397 2096 eliciter.

486 2147 633 2268 Artem
652 2147 761 2230 hanc
779 2147 938 2232 Probi
960 2147 1220 2248 minorem,
1245 2174 1375 2260 quam
1395 2139 1468 2229 diu
1489 2169 1585 2232 ante
1605 2145 1843 2262 impressio-

369 2308 468 2363 nem
497 2279 788 2365 Vaticanam
819 2277 995 2366 editioni
1015 2302 1200 2394 paratam
1216 2278 1460 2382 habuimus,
1488 2273 1544 2362 ad
1566 2274 1696 2363 iidem
1719 2281 1843 2362 trium

370 2408 511 2496 Codd.
539 2413 665 2516 Mss.‚
696 2413 918 2499 Bobiensis
940 2414 1137 2496 nimirum
1163 2412 1294 2495 nostri
1324 2411 1609 2525 binorumque
1639 2411 1843 2496 Parisien-

369 2543 477 2628 sium
499 2543 580 2629 No.
604 2549 715 2656 7519
739 2544 830 2630 Sec
852 2547 937 2631 XV
953 2568 995 2630 et
1010 2543 1093 2630 No.
1118 2561 1229 2655 7494
1248 2542 1339 2628 Sec.
1361 2543 1437 2648 IX,
1459 2565 1500 2632 et
1520 2540 1714 2632 editionis
1731 2547 1842 2660 prin-

369 2677 470 2792 cipis
488 2675 702 2762 Romanae
714 2677 769 2764 ab
780 2678 1062 2764 illustrissimo
1082 2675 1282 2787 Angelo
1304 2677 1437 2764 Maio
1460 2702 1718 2793 procuratae,
1730 2707 1841 2764 nunc

369 2807 601 2926 appendice
633 2843 656 2896 e
679 2809 841 2897 Codice
868 2811 1070 2896 Bobiensi
1102 2835 1266 2894 auctam
1293 2806 1435 2896 denuo
1462 2813 1529 2898 hic
1551 2812 1839 2928 proponimus.
1892 2871 1898 2882 ·

369 2941 1134 3060 ApographumCod.ParisiensisNo.
1150 2943 1341 3058 751901·
1360 2944 1634 3032 Stanislaus
1652 2946 1678 3030 J
1686 2945 1839 3050 alien,

366 3088 546 3186 Linguae
565 3090 720 3164 Sinicae
735 3089 947 3190 Professor·
964 3073 1199 3164 Parisierrsir
1217 3077 1341 3164 nobis
1362 3079 1542 3166 confecit
1573 3109 1683 3166 anno
1713 3085 1838 3184 1828,

365 3209 576 3325 simulque
590 3213 632 3296 in
646 3241 718 3298 ora
737 3213 963 3329 apographi
987 3213 1052 3306 sui
1069 3211 1201 3300 varias
1220 3211 1421 3298 lectiones
1441 3210 1611 3300 Codicis
1628 3213 1709 3300 No.
1725 3231 1836 3326 7494

366 3340 593 3429 adnotavit.

481 3478 618 3563 Pauca
629 3475 840 3595 quaedam
853 3473 907 3564 de
919 3499 1067 3582 aetate,
1078 3473 1132 3562 de
1143 3475 1342 3590 religione
1355 3501 1408 3564 et·
1421 3475 1476 3564 de
1493 3475 1691 3594 operibus
1703 3507 1837 3591 gram-
1932 3555 1943 3570 .

364 3611 524 3695 maticis
546 3611 675 3698 Probi
698 3613 918 3726 artigraphi
939 3613 1007 3696 hic
1028 3609 1207 3698 adiicere
1226 3610 1360 3696 liceat.
1400 3611 1619 3696 Probum
1644 3635 1832 3697 nostrum

363 3742 514 3830 Seculo
535 3767 686 3862 quarto
702 3747 969 3831 vetustiorem
992 3775 1078 3828 non
1093 3743 1217 3828 suisse
1239 3765 1353 3856 patet
1365 3775 1387 3827 e
1399 3755 1436 3846 S.
1449 3749 1529 3840 462
1546 3745 1641 3830 artis
1659 3745 1832 3830 minoris

363 3885 426 3958 ed.
440 3903 617 3972 nostrae,
638 3879 680 3960 in
702 3907 790 3992 quo
804 3875 964 3960 mentio
982 3875 1028 3960 fit
1049 3877 1303 3966 thermarum
1322 3877 1692 3983 Diocletianarum,
1713 3875 1834 3994 quod

365 4009 490 4092 etiam
510 4009 674 4092 monuit
693 4008 755 4090 ΙΙΙ.
779 4008 882 4093 Mai
909 4021 1063 4112 (Closs.
1080 4037 1187 4095 auct.
1211 4023 1317 4096 Tom.
1331 4023 1623 4124 Wpraesaap.
1643 4023 1833 4110 XXXV).

361 4139 515 4258 Neque
546 4142 670 4224 etiam
701 4142 974 4226 recentiorem
994 4173 1083 4230 esse
1104 4145 1186 4230 hoc
1211 4145 1375 4250 seculo,
1408 4177 1458 4231 ex
1478 4175 1529 4229 eo
1549 4144 1832 4260 colligendum

364 4304 453 4360 esse
473 4270 652 4379 videtur,
675 4271 795 4390 quod
812 4299 955 4363 auctor
971 4301 1114 4364 noster
1133 4280 1280 4364 citatur
1306 4311 1329 4364 a
1363 4279 1550 4364 Servio
1581 4276 1635 4364 ad
1655 4293 1752 4364 Aen.
1776 4293 1831 4364 Il.

368 4415 416 4494 15
439 4407 514 4492 ubi
536 4407 736 4494 habetur:
769 4421 966 4516 „Instar
985 4444 1166 4499 nomen
1194 4435 1269 4499 est
1291 4411 1684 4522 indeclinabile;
1708 4415 1832 4498 licet

360 4541 552 4628 Probus
573 4557 776 4630 irascaris
798 4540 1185 4650 declinaverit,“
1215 4547 1288 4662 qui
1319 4545 1436 4634 locus
1453 4572 1515 4632 est
1532 4548 1660 4633 Probi
1678 4549 1829 4632 cathol.

361 4689 540 4786 Segm.I.
569 4692 606 4782 S.
633 4686 686 4768 56
711 4690 775 4764 ed.
799 4689 974 4763 Lindem.
1007 4680 1198 4766 Servium
1216 4709 1315 4766 vero
1336 4682 1482 4768 vixisse
1508 4685 1612 4767 circa
1643 4683 1829 4768 Valenti-

359 4811 471 4892 niani
492 4811 690 4913 Iunioris,
720 4811 952 4900 Theodosii
973 4815 1156 4900 Senioris
1178 4837 1218 4899 et
1237 4813 1404 4900 Arcadii
1425 4839 1635 4932 tempora,
1663 4814 1828 4902 idoneis

357 4945 610 5055 argumentis
632 4947 922 5060 comprobavit
941 4949 1002 5034 Io.
1025 4945 1158 5034 Andr.
1187 4949 1369 5034 Bosius
1397 4951 1439 5034 in
1462 4953 1624 5036 exercit.
1646 4951 1740 5036 hist.
1772 4953 1827 5036 dc

355 5073 603 5192 pontificatu
625 5079 806 5174 maximo
826 5082 1131 5200 imperatorum
1143 5081 1443 5191 Romanorum,
1462 5087 1685 5203 praecipue
1706 5085 1828 5170 Chri-

356 5211 584 5298 stianorum
598 5241 687 5327 cap.
708 5214 780 5304 IV.
799 5228 837 5318 s.
859 5217 920 5305 lV
934 5228 1234 5322 (Gmeviirlrec.
1246 5234 1372 5335 antiq.
1383 5233 1544 5350 Ιζοηιιιιι.
1562 5234 1605 5308 T.
1618 5234 1667 5306 V.
1676 5259 1716 5331 p.
1742 5227 1825 5334 295
