4032 6070
387 535 457 614 294
843 533 1405 606 nuceransnttton.

390 683 472 748 licet
488 682 528 764 ¹¹)
551 680 735 766 singularis
758 680 795 748 ·l·
819 679 934 748 littera
955 683 1161 748 terminetur
1179 684 1236 766 ¹¹),
1266 681 1406 768 quando
1429 701 1449 746 e
1471 675 1672 744 nominibus
1692 668 1731 760 ¹³)
1754 693 1866 762 gene-

390 786 437 850 ris
460 785 590 862 neutri,
615 780 703 869 quae
726 785 943 849 nominativo
967 805 1048 850 casu
1065 775 1104 867 ¹⁴)
1128 785 1264 849 numeri
1286 784 1430 870 pluralis
1453 782 1521 846 tn·
1543 781 1667 846 litteris
1689 779 1865 844 deliniun-

281 889 379 996 ἰιι-ι·
390 900 456 965 tur,
479 888 598 951 venire
621 887 852 972 reperiuntur,
875 886 937 951 *nt
957 901 1057 973 puta:
1082 890 1182 952 haec
1205 887 1354 952 facilia
1376 884 1418 948 ab
1449 887 1527 949 hoc
1550 883 1694 958 facilis
1717 893 1754 946 at
1774 899 1863 944 vero

296 963 367 1000 Μ’
390 990 530 1076 quando
562 987 605 1052 ab
634 989 703 1052 illie
733 986 952 1065 nominibus,
984 1009 1072 1074 quae
1101 992 1137 1053 in
1161 989 1360 1075 supradicto
1391 1007 1517 1072 genere
1539 985 1756 1050 nominativo
1779 1001 1866 1046 casu

388 1091 525 1154 numeri
555 1090 699 1176 pluralis
720 1083 760 1174 ¹⁵)
789 1089 839 1153 ul·
868 1091 982 1154 littera
1006 1083 1047 1173 ¹⁶)
1068 1105 1148 1178 poet
1171 1103 1419 1154 consonantem
1444 1087 1718 1162 concluduntur,
1740 1085 1864 1150 venire

388 1193 603 1276 intellegitur
618 1193 675 1274 ¹⁷),
699 1203 782 1255 tnnc
803 1182 845 1274 ”)
870 1192 920 1256 ·Ε·
943 1191 1058 1257 littera
1080 1193 1303 1267 terminetur,
1325 1204 1363 1255 ut
1385 1205 1485 1277 puta:
1510 1193 1610 1254 haec
1634 1187 1789 1252 robora
1812 1183 1865 1250 ab

388 1297 468 1358 hoc
496 1293 660 1358 robore.
697 1292 767 1357 Sed
795 1295 862 1359 hoc
894 1307 1118 1380 praeceptum
1148 1314 1220 1360 non
1248 1307 1343 1358 recte
1371 1294 1529 1357 statuisse
1561 1293 1782 1377 reperiuntur
1808 1289 1865 1370 ¹⁹),

282 1405 311 1453 v.
328 1395 674 1483 211.quandcqnidern
698 1395 767 1458 sint
788 1395 931 1460 nomina
953 1398 1091 1480 generis
1114 1397 1245 1474 neutri,
1276 1415 1364 1480 quae
1388 1397 1430 1477 ²⁰)
1451 1395 1669 1458 nominativo
1692 1411 1776 1456 casu
1796 1409 1865 1452 nu-

390 1501 478 1563 meri
505 1497 649 1584 pluralis
679 1496 747 1559 ·1A·
777 1497 901 1560 litteris
931 1497 1138 1563 definientur
1154 1501 1214 1580 ²¹),
1238 1511 1272 1562 et
1294 1498 1445 1562 ablativo
1469 1517 1551 1562 casu
1572 1495 1710 1559 numeri
1725 1495 1768 1576 ²¹)
1791 1493 1865 1556 ein-

389 1601 518 1686 gularis
535 1619 607 1664 non
621 1599 658 1662 ·1·
676 1598 790 1662 littera
804 1599 1034 1664 terminentur
1046 1591 1100 1679 ¹³),
1123 1612 1161 1664 ut
1183 1611 1281 1686 puta:
1305 1601 1409 1664 haec
1432 1599 1612 1664 stateris
1628 1592 1682 1681 ¹⁴),
1706 1598 1806 1659 haec
1819 1584 1864 1676 ¹⁵)

390 1702 639 1768 cochlearia
658 1693 701 1784 ²⁶)
731 1713 765 1765 et
791 1712 904 1764 cetera
932 1701 1024 1768 talia.
1053 1703 1315 1788 Numquidnam
1337 1702 1379 1784 Ἰ“)
1409 1701 1457 1766 ab
1481 1703 1560 1765 hoc
1580 1693 1623 1783 ²⁸)
1646 1696 1799 1762 etateri
1819 1698 1862 1776 ²⁹)

389 1819 449 1870 aut
471 1803 519 1868 ab
543 1805 622 1868 hoc
646 1802 870 1866 cochleari
889 1796 930 1885 ³⁰)
947 1799 1459 1887 iacere³')demonetrant?eed
1482 1802 1624 1868 abhoc
1646 1812 1806 1864 statere
1819 1789 1864 1879 ³²)

390 1919 424 1972 et
441 1900 482 1988 ³³)
506 1905 555 1970 ab
578 1906 657 1970 hoc
680 1903 902 1968 cochleare
917 1897 958 1987 ³⁴)
981 1906 1230 1990 intelleguntur
1249 1926 1421 1972 resonare.

475 2008 548 2074 316.
576 2007 663 2070 Item
686 2017 765 2068 sunt
787 2006 907 2090 aliqui,
929 2008 989 2092 qui
1012 2001 1055 2093 ³⁵)
1086 2009 1167 2090 huic
1196 2011 1290 2072 casui
1322 2006 1521 2094 supradicto
1544 2007 1613 2068 hoc
1634 2013 1862 2090 praeceptum

390 2111 465 2176 dari
488 2108 792 2184 existimaverunt,
823 2110 890 2172 hoc
920 2121 989 2186 est,
1022 2123 1060 2174 ut
1084 2122 1166 2174 tunc
1188 2111 1245 2174 hic
1268 2110 1487 2196 supradictus
1509 2128 1607 2172 canus
1631 2105 1801 2170 ablativus
1825 2101 1864 2165 ·1·

388 2212 503 2276 littera
530 2210 752 2286 terminetur,
782 2209 933 2293 quando.
950 2209 994 2274 ab
1022 2211 1065 2275 iis
1088 2201 1131 2294 ³⁰)
1167 2211 1367 2276 nominibus
1395 2211 1513 2274 venire
1549 2209 1737 2294 reperitur,
1773 2223 1864 2290 quae

389 2312 605 2376 nominativo
635 2331 717 2375 caen
747 2313 885 2374 numeri
915 2312 1099 2397 singularis
1132 2313 1195 2378 ts·
1224 2313 1349 2402 litteris
1385 2312 1597 2376 definiuntur
1625 2323 1662 2374 et
1681 2308 1864 2394 genetivoe

391 2435 489 2478 casus
509 2409 552 2496 ³⁷)
576 2411 730 2476 eiusdem
753 2413 890 2475 nrtmeri
918 2413 1104 2498 singularis
1134 2416 1263 2479 similes
1287 2412 1415 2478 habere
1438 2413 1674 2499 reperiuntur,
1702 2422 1741 2473 ut
1763 2419 1866 2493 puta:

390 2515 459 2576 hic
488 2513 648 2598 qualis,
676 2513 798 2575 huius
830 2515 969 2598 qualis
995 2509 1037 2598 ³³)
1067 2517 1117 2580 alt
1146 2518 1224 2582 hoc
1252 2516 1365 2601 quali
1396 2515 1508 2579 lacere
1537 2513 1669 2578 debeat.
1702 2509 1773 2576 Sed
1795 2512 1866 2574 hoc

391 2635 592 2690 munemne,
623 2613 716 2698 quod
746 2615 815 2676 hoc
841 2629 1065 2700 praeceptum
1094 2637 1166 2681 non
1189 2630 1282 2682 recte
1305 2618 1462 2682 statuisse
1493 2617 1727 2703 reperiantur,
1751 2630 1864 2698 quan-

391 2717 437 2780 do
454 2709 494 2794 ³⁹)
519 2715 587 2778 sint
617 2713 685 2777 alia
707 2715 867 2793 nomina,
897 2736 995 2800 quae·
1015 2719 1230 2783 nominativo
1250 2714 1296 2802 ⁴⁰)
1326 2741 1406 2784 casu
1428 2719 1565 2782 numeri
1588 2715 1772 2800 singularis
1795 2711 1862 2778 ·lS·

390 2817 515 2882 litteris
546 2815 753 2879 definiantur
782 2829 815 2880 et
842 2819 1023 2901 genetivus
1052 2840 1150 2884 casus
1174 2821 1329 2886 eiusdem
1355 2821 1494 2885 numeri
1523 2819 1708 2904 singularis
1730 2815 1864 2880 similes

390 2918 519 2982 habere
544 2917 779 3003 reperiantur,
802 2937 868 2982 nec
889 2930 1005 2982 tamen
1024 2921 1068 3004 ¹⁸¹)
1099 2920 1250 2986 ablativo
1274 2944 1357 2988 casu
1378 2923 1515 2986 numeri
1537 2921 1722 3005 singularis
1744 2919 1782 2982 ·1·
1807 2916 1866 2980 lit-

390 3033 465 3086 tere
490 3020 699 3084 deliniantur
723 3009 788 3101 ⁴²),
817 3031 856 3084 ut
884 3032 983 3104 puts:
1015 3022 1086 3086 hic
1116 3023 1302 3103 iuvenis,
1333 3026 1477 3111 panis,
1503 3023 1628 3099 linis,
1652 3011 1864 3100 crinis⁴³),

392 3123 514 3187 huius
537 3121 719 3198 iuvenis,
741 3123 873 3206 panis,
898 3122 1013 3202 linis,
1038 3125 1186 3201 crinis,
1202 3140 1236 3192 et
1252 3118 1522 3208 celerantiatl).
1544 3123 1809 3210 Numquidnam
1821 3109 1867 3201 ⁴⁵)

440 3444 477 3515 ¹⁸)
503 3440 613 3498 scilicet
629 3444 662 3497 Β.
683 3441 719 3498 V.
738 3443 769 3496 Ρ.
787 3465 825 3494 =
841 3443 878 3497 A.
909 3448 942 3515 Ι’)
963 3446 1125 3499 terminetur
1145 3449 1180 3502 V.
1199 3449 1236 3502 A.
1256 3479 1292 3489 -
1315 3455 1483 3500 tertnenetus
1499 3447 1533 3502 Β.
1562 3448 1597 3518 ”)
1617 3464 1633 3498 s
1650 3439 1811 3496 nominibus
1827 3469 1863 3481 -

498 3549 513 3582 s
531 3530 699 3584 nominativo
717 3531 795 3583 Β.-
813 3527 971 3582 nominibus
992 3533 1039 3603 (=
1053 3535 1080 3604 s)
1101 3533 1136 3588 V.
1155 3534 1191 3586 A.
1214 3535 1249 3605 ”)
1269 3551 1333 3587 caen
1353 3535 1385 3590 V
1383 3573 1389 3585 .
1401 3535 1436 3587 A.
1454 3559 1492 3586 =
1509 3537 1541 3588 B.
1562 3537 1596 3606 ⁸⁵)
1610 3530 1724 3605 plnrslis
1743 3531 1776 3584 Β.
1788 3528 1863 3585 V.t³.

499 3649 535 3662 -·
553 3616 699 3690 singularis
717 3619 753 3671 A.
776 3619 811 3690 ¹⁶)
831 3620 872 3669 ·A·
891 3615 982 3670 litters
1000 3620 1032 3671 B.
1054 3621 1089 3674 V.
1110 3621 1139 3673 Ρ.
1158 3645 1195 3670 =
1212 3623 1247 3675 A.
1274 3625 1310 3694 ¹⁷)
1329 3619 1493 3691 intelligitur
1510 3623 1542 3677 B.
1559 3642 1593 3675 ex
1606 3641 1654 3676 em.
1670 3639 1712 3690 pr.
1727 3637 1762 3670 ιιι.
1782 3617 1814 3670 Ρ.
1832 3644 1866 3658 -

499 3703 674 3775 intellegatur
692 3706 724 3758 B.
745 3726 763 3758 n
781 3725 823 3776 pr.
844 3725 880 3760 m.
898 3735 934 3747 -
952 3703 1149 3775 intelleguntur
1168 3709 1204 3762 V.
1219 3710 1256 3763 A.
1277 3711 1312 3780 ¹⁸)
1333 3717 1400 3761 tunc
1417 3710 1451 3763 Β.
1473 3709 1509 3766 V.
1529 3711 1605 3763 Ρ.-
1618 3723 1692 3760 nunc
1709 3706 1746 3758 A.
1768 3705 1805 3774 ¹⁹)
1824 3720 1866 3755 re·

500 3793 645 3865 periuntnr
661 3793 694 3846 B.
715 3793 751 3847 V.
767 3793 803 3846 A.
822 3823 858 3834 -
877 3793 1013 3864 reperitur
1039 3796 1068 3848 Ρ.
1096 3799 1133 3864 ”)
1154 3813 1222 3866 qnno
1247 3797 1279 3849 B.
1301 3795 1337 3850 V.
1357 3798 1388 3849 Ρ.
1406 3828 1442 3839 -
1461 3799 1508 3869 qni
1527 3799 1562 3851 A.
1592 3801 1628 3868 Ἰ)
1649 3793 1816 3847 deliniuntur
1834 3791 1866 3844 Β.

502 3881 538 3935 V.
557 3881 588 3932 P.
615 3909 649 3921 -
677 3877 844 3931 deliniuntur
861 3882 898 3934 A.
926 3885 961 3946 ”)
988 3881 1094 3932 numeri
1121 3882 1155 3935 V.
1174 3883 1209 3934 A.
1227 3915 1258 3926 -
1277 3885 1396 3937 numeris
1415 3886 1447 3938 Β.
1466 3887 1502 3956 ”)
1522 3885 1703 3936 terminentur
1719 3882 1752 3935 Β.
1774 3881 1811 3937 V.
1832 3909 1867 3920 -

501 3966 664 4018 terminetur
680 3966 717 4020 A.
738 3967 774 4037 ¹⁴)
792 3967 904 4019 steteris
922 3967 953 4020 B.
972 3997 1009 4010 -
1026 3967 1137 4021 steteris
1157 3971 1193 4024 V.
1213 3971 1247 4023 A.
1268 3972 1304 4042 ³⁵)
1323 3968 1392 4023 hoec
1412 3973 1447 4027 V.
1464 3971 1501 4026 A.
1516 3973 1635 4026 =B.P.
1655 3974 1690 4040 ¹⁶)
1711 3966 1867 4022 cochlesris

380 4047 383 4056 Α
494 4048 534 4106 Β.
555 4054 592 4108 V.
611 4083 646 4094 -
665 4051 799 4106 coclearis
817 4055 853 4108 A.
881 4059 915 4126 ¹⁷)
933 4051 1128 4127 numquidnum
1150 4057 1185 4109 V.
1205 4056 1240 4110 A.
1260 4058 1292 4110 B.
1313 4078 1346 4110 ex
1370 4079 1419 4114 rm.
1437 4053 1481 4131 pr.
1501 4079 1536 4114 ιιι.
1555 4089 1592 4104 -
1614 4057 1818 4132 numquidnum
1837 4057 1867 4108 Ρ.

503 4171 538 4182 -
556 4156 630 4192 nunc
640 4137 770 4212 quidnam
789 4143 820 4194 B.
842 4165 858 4193 u
866 4163 907 4208 pr.
917 4161 952 4196 m.
973 4145 1010 4215 ²⁸)
1020 4142 1053 4192 sb
1062 4141 1130 4206 hoc,
1148 4157 1210 4214 port
1226 4145 1251 4196 lt.
1269 4166 1310 4198 νν.
1319 4147 1353 4198 Β.
1366 4150 1438 4200 male
1450 4153 1563 4218 repetit:
1582 4140 1871 4208 sternumentum

504 4233 532 4279 et
551 4235 641 4279 cetere
654 4225 727 4292 tulis,
745 4227 943 4300 numquidnum
961 4225 995 4280 eb
1014 4227 1075 4286 hoc.
1096 4232 1132 4302 ²⁹)
1143 4233 1238 4284 elateri
1257 4235 1289 4286 Β.
1304 4253 1396 4286 exem.
1410 4254 1452 4305 pr.
1462 4254 1517 4298 ιιι.,
1536 4255 1609 4307 quae
1622 4239 1740 4306 primunt
1755 4231 1870 4284 steteris

503 4319 656 4383 scripserat.
673 4343 706 4357 ·-
726 4317 825 4368 staturi
841 4317 876 4372 V.
895 4316 931 4371 A.
952 4320 988 4388 ⁸⁰)
1008 4314 1144 4370 cochleari
1161 4319 1194 4372 B.
1215 4319 1257 4396 V.
1270 4351 1306 4364 -
1325 4319 1443 4374 coclesri
1460 4325 1497 4376 A.
1517 4323 1555 4394 ³¹)
1573 4322 1663 4374 iacere
1680 4320 1714 4374 Β.
1735 4320 1771 4374 V.
1791 4320 1872 4373 Ρ.-

504 4403 597 4454 venire
614 4403 652 4456 A.
672 4403 709 4474 ¹⁸)
729 4412 829 4457 ststere
847 4406 878 4457 Ρ.
898 4404 929 4458 Β.
949 4423 984 4457 en
997 4423 1046 4457 em.
1060 4425 1102 4476 pr.
1117 4425 1153 4460 m.
1172 4437 1207 4447 -
1225 4415 1325 4461 etstsre
1343 4411 1377 4463 B.
1395 4431 1469 4479 apr.
1486 4429 1522 4464 ιιι.
1543 4410 1623 4466 V.A.
1645 4411 1681 4480 ¹⁸)
1701 4417 1729 4461 et
1746 4409 1870 4462 n.V.1².

505 4519 539 4532 -
558 4497 605 4542 eut
622 4489 659 4544 A.
679 4491 714 4560 ³⁴)
735 4488 876 4543 cochleare
899 4491 934 4546 V.
953 4492 985 4545 Β.
1005 4509 1038 4544 en
1054 4511 1104 4545 em.
1119 4512 1162 4564 pr.
1177 4513 1211 4547 ιιι.
1231 4527 1266 4546 -.-
1285 4493 1446 4550 chocltlesre
1463 4499 1496 4552 B.
1516 4518 1534 4550 ss
1543 4517 1585 4568 pr.
1601 4517 1681 4550 m.-
1700 4493 1873 4550 coclesrnA.

505 4579 544 4650 ³⁸)
562 4575 647 4650 aliqui
666 4578 713 4650 qni
733 4577 813 4634 V.A.
834 4611 870 4623 -
887 4577 987 4652 slisqui
1005 4581 1083 4632 B.--
1101 4578 1185 4653 aliqui
1205 4583 1322 4655 (=qui)
1342 4585 1371 4638 Ρ.
1393 4587 1428 4655 ³⁸)
1446 4585 1481 4638 iis
1500 4588 1537 4640 A.
1553 4615 1588 4627 -
1603 4582 1646 4635 ltis
1664 4584 1697 4638 B.
1708 4585 1745 4637 V.
1765 4586 1803 4653 ³⁷)
1823 4599 1873 4652 ge-

504 4665 606 4718 nitivos
616 4666 782 4719 cnsusB.A.
794 4697 825 4706 —
840 4667 981 4735 genetivus
992 4684 1089 4720 ceruus
1108 4668 1146 4723 V.
1166 4670 1205 4737 (Ιι.
1219 4673 1237 4723 l.
1255 4675 1447 4742 etsoepenliii
1461 4674 1621 4727 observante
1634 4674 1672 4725 A.
1688 4673 1780 4734 Mein,
1796 4671 1876 4743 qnod

506 4765 597 4806 utrum
620 4754 746 4806 mendum
766 4756 801 4806 sit
822 4755 865 4807 nel
890 4754 1067 4808 Areleinnus
1085 4775 1165 4810 casus
1173 4761 1290 4829 pisto-ulis
1306 4767 1398 4832 quarti
1417 4763 1607 4814 declinationis
1621 4771 1740 4832 quat-tre
1755 4759 1878 4830 ambegit

508 4839 549 4895 ct.
567 4841 682 4912 editor.)
702 4871 734 4883 -
755 4840 890 4911 genitivus
909 4857 988 4894 cesus
1007 4843 1036 4895 Ρ.
1054 4845 1092 4920 ”)
1113 4841 1194 4898 lutus
1213 4845 1300 4918 qualis
1320 4849 1350 4902 Β.
1369 4871 1406 4898 =
1425 4849 1461 4903 V.
1479 4849 1514 4903 A.
1535 4850 1572 4919 ¹⁹)
1591 4845 1701 4922 qusndo
1720 4846 1762 4899 sic
1781 4845 1814 4899 B.
1833 4847 1875 4901 V.

507 4929 541 4979 A.
562 4955 594 4967 -
614 4945 665 4998 pro
685 4927 908 5002 qnandoquidem
927 4931 964 5001 ⁴⁰)
984 4930 1151 4987 nominativo
1172 4934 1202 4987 ll.
1223 4935 1258 4989 V.
1278 4937 1310 4988 Ρ.
1330 4969 1362 4975 -
1381 4933 1500 4990 sblstivo
1520 4937 1555 4991 A.
1576 4937 1612 5008 ⁴¹)
1633 4945 1723 4990 temen
1742 4934 1874 4990 V.A.-

508 5019 599 5063 temen
617 5011 652 5064 sb
670 5016 704 5067 B.
723 5016 759 5082 ⁴¹)
780 5015 943 5070 definientur
961 5019 992 5070 Β.
1012 5019 1048 5072 A.
1068 5051 1102 5060 -
1122 5019 1250 5073 liniuntur
1269 5023 1300 5076 V
1299 5063 1304 5074 .
1325 5025 1364 5094 Ἰ)
1385 5023 1446 5075 linis
1466 5024 1549 5076 crinis
1568 5026 1602 5080 B.
1623 5025 1660 5079 V.
1680 5007 1714 5066 -ἶ
1733 5023 1821 5078 crinis
1841 5023 1878 5078 ii·

508 5097 552 5150 nis
570 5100 607 5152 A.
635 5105 674 5152 ite
692 5107 775 5154 etiam
792 5123 855 5156 mer
871 5110 955 5173 infir.
985 5107 1020 5175 ⁴⁴)
1040 5117 1068 5160 et
1094 5115 1185 5160 cetera
1213 5108 1275 5161 ntia
1294 5111 1326 5164 B.
1347 5144 1379 5152 -
1408 5119 1436 5163 et
1454 5121 1545 5164 ceters
1565 5113 1600 5166 V.
1618 5145 1654 5154 —
1672 5111 1714 5164 sic
1732 5119 1761 5164 et
1779 5121 1879 5167 cetere

510 5181 561 5235 elis
570 5184 607 5238 A.
617 5215 652 5230 -
661 5186 703 5239 sic
710 5195 738 5241 et
748 5189 898 5244 ceterealia
906 5193 1016 5246 contine
1024 5193 1054 5248 Ρ.
1075 5195 1111 5266 ⁴⁸)
1121 5193 1316 5268 numquidnum
1325 5199 1357 5254 B.
1370 5199 1405 5252 V.
1418 5230 1450 5240 —
1460 5197 1593 5275 numquid
1601 5201 1679 5257 A.-
1689 5196 1824 5274 qnitlnm
1840 5202 1877 5260 Ρ.
