4050 6064
404 591 471 662 aaa
734 579 1552 643 raaouaurscaanuarrca.

405 1082 519 1167 san
559 1076 1081 1168 annueramus
1130 1076 1284 1167 sno
1326 1081 1442 1166 nse
1485 1075 1883 1166 commoer-

738 1216 1137 1324 uronusos
1174 1217 1544 1306 annonas.

591 1578 622 1646 Ε
645 1579 777 1648 Codice
800 1583 884 1649 olim
906 1577 1073 1648 Bobiensi
1094 1602 1190 1650 nuno
1211 1583 1477 1650 vindobonensi
1506 1581 1574 1650 No.
1596 1575 1691 1646 xvt.

848 1699 882 1752 et
903 1685 1016 1774 Regio
1039 1685 1226 1752 Parisiensi
1253 1687 1319 1754 No.
1344 1685 1438 1754 7530.

497 1955 527 2018 l.
547 1951 835 2037 Quattuordecim
850 1959 876 2044 ’)
897 1957 962 2022 tibi
979 1963 1007 2044 ²)
1029 1975 1279 2027 structurarum
1295 1951 1323 2042 ³)
1346 1967 1532 2044 praecepta
1545 1953 1720 2020 transmisi
1735 1975 1781 2018 ex
1802 1955 1884 2040 qni-

407 2055 473 2122 bus
500 2055 596 2120 velut
626 2057 901 2141 gubernaculum
930 2065 1224 2150 compositionum
1253 2073 1388 2124 teneres
1409 2053 1450 2143 ⁴),
1482 2059 1574 2123 llinc
1603 2058 1695 2122 enim
1727 2056 1883 2142 reliquas

406 2170 468 2223 aut
488 2179 553 2244 per
580 2159 841 2244 ampliationem
872 2176 930 2228 aut
951 2186 1016 2251 per
1037 2167 1247 2231 solutionem
1277 2175 1474 2249 temporum
1490 2155 1520 2246 5)
1551 2161 1649 2224 nasci
1669 2152 1718 2242 ⁶),
1751 2160 1781 2223 si
1803 2159 1883 2222 ani·

407 2261 635 2326 madverteris
651 2263 700 2344 ⁷),
724 2265 970 2350 comprobabis
990 2263 1032 2353 ⁸).
1491 2275 1494 2278 '

493 2363 552 2427 Ex
573 2365 738 2430 trochaeo
753 2368 784 2449 ⁹)
806 2380 841 2431 et
861 2369 1118 2454 palimbacchio
1137 2369 1196 2454 ¹⁰),
1218 2380 1258 2430 nt
1280 2365 1328 2430 do
1341 2378 1441 2431 ctns
1464 2379 1631 2431 orator.

492 2465 551 2528 Ex
573 2468 737 2531 trochaeo
761 2481 796 2533 et
816 2471 987 2550 molosso,
1010 2486 1050 2537 nt
1072 2491 1196 2536 sacra
1217 2469 1421 2534 maiestas
1442 2471 1492 2552 ΙΙ).

493 2565 551 2629 Ex
573 2569 736 2634 trochaeo
760 2583 794 2636 et
815 2594 949 2658 paeone
971 2577 1012 2660 ¹²)
1036 2575 1158 2650 tertio,
1180 2587 1219 2636 nt
1240 2591 1381 2658 poena
1404 2570 1623 2657 capitalis.

494 2667 553 2731 Ex
574 2671 740 2735 trochaeo
764 2685 798 2737 et
818 2695 953 2760 paeone
974 2677 1108 2763 primo,
1131 2688 1170 2739 nt
1192 2675 1331 2739 iraota
1352 2673 1573 2738 navicula.

491 2771 550 2838 Ex
569 2774 735 2840 trochaeo
759 2787 793 2840 et
813 2777 932 2842 ionico
954 2780 1105 2857 maiore,
1128 2789 1166 2840 ut
1186 2777 1276 2841 vita
1298 2775 1490 2840 felicior.

497 2873 556 2937 Ex
576 2873 745 2940 tribrachi
768 2891 802 2943 et
821 2879 1095 2966 palimbacchio,
1118 2892 1157 2944 nt
1180 2877 1356 2944 timidus
1380 2875 1561 2940 auditor
1582 2867 1630 2958 ¹³).

495 2971 554 3041 Ex
576 2977 743 3042 tribrachi
766 2992 801 3044 et
822 2981 994 3060 molosso,
1018 2994 1057 3046 nt
1079 2983 1237 3046 misera
1259 2979 1447 3044 libertas
1468 2969 1521 3061 ¹⁴).

494 3081 553 3145 Ex
575 3081 731 3166 spondeo
752 3077 793 3166 ¹⁵)
817 3096 850 3147 et
871 3079 1037 3159 bacchio,
1060 3096 1099 3147 nt
1122 3082 1283 3146 fulmen
1305 3081 1511 3146 tonantis.

494 3183 552 3247 Ex
574 3183 711 3265 dactylo
736 3198 770 3249 et
793 3183 994 3250 ditrochaeo
1014 3179 1073 3269 ¹⁰),
1096 3197 1136 3249 ut
1156 3177 1367 3250 Romulus
1388 3181 1640 3268 amputavit.

495 3285 553 3350 Ex
575 3298 760 3372 anapaesto
778 3290 819 3371 ¹⁷)
841 3301 875 3352 et
897 3287 1118 3364 ditrochaeo,
1141 3299 1180 3352 ut
1203 3285 1354 3351 oculus
1376 3283 1619 3368 virginalis
1642 3277 1694 3366 ἐ).

494 3389 553 3453 Ex
574 3389 811 3475 amphimacro
831 3393 871 3473 ¹⁹)
895 3403 930 3454 et
951 3389 1173 3468 ditrochaeo,
1196 3400 1236 3453 nt
1257 3387 1426 3474 optime
1449 3384 1707 3450 cantitastis
1724 3383 1779 3468 ¹⁰).

494 3489 552 3553 Ex
574 3489 711 3571 dactylo
732 3503 766 3556 et
787 3491 997 3578 antispasto,
1020 3506 1059 3555 nt
1083 3491 1266 3556 dedecus
1289 3489 1541 3554 amicornm.

495 3591 552 3656 Ex
575 3605 762 3678 anapaesto
786 3606 820 3657 et
841 3596 1054 3680 antispasto,
1076 3606 1116 3657 ιιι
1139 3591 1322 3678 cupidus
1344 3590 1625 3676 voluptatum
1645 3589 1701 3673 ¹¹).

495 3693 553 3758 Ex
574 3695 813 3781 amphimacro
836 3709 871 3760 et
892 3697 1099 3782 antispasto,
1122 3709 1161 3760 ut
1184 3695 1373 3780 impetus
1395 3691 1643 3756 retardavit
1661 3691 1715 3773 ²³).

576 3809 587 3820 ⁴
948 3798 1105 3886 Explicit
1127 3796 1275 3862 feliciter
1291 3789 1347 3882 ²³).

465 4087 486 4153 ¹)
507 4082 738 4157 Quattuorslecins
756 4089 796 4139 isa
813 4083 847 4140 Β.
866 4116 902 4127 -
919 4081 1009 4140 xllll.
1028 4085 1061 4140 Β.
1080 4085 1103 4155 ’)
1123 4082 1176 4138 tibi
1193 4105 1229 4138 =
1243 4083 1278 4140 Β.
1298 4085 1543 4151 ’trememtem
1562 4082 1602 4133 ita
1619 4074 1654 4132 Β.
1672 4108 1709 4118 -
1726 4075 1883 4130 instructu-

517 4191 605 4224 rarum
630 4174 662 4225 B.
690 4172 729 4246 τῷ
746 4173 775 4224 ἰιι
798 4185 943 4243 expuncto.
967 4175 992 4243 1)
1013 4181 1121 4226 teneres
1138 4174 1171 4227 Β.
1191 4205 1226 4214 -
1243 4171 1348 4226 teneris'
1363 4171 1395 4224 Β.
1424 4170 1449 4241 ⁵)
1468 4176 1624 4240 temporum
1642 4171 1713 4220 inser
1730 4168 1779 4218 tta.
1798 4185 1817 4218 a
1834 4184 1880 4236 pr.

516 4279 551 4313 m.
570 4262 603 4313 Β.
621 4281 658 4310 =
674 4263 708 4314 Β.
728 4259 752 4332 ⁸)
770 4261 847 4313 nasci
864 4261 897 4314 B.
916 4289 953 4304 -
970 4278 1033 4314 nam
1049 4263 1083 4318 Β.
1109 4262 1133 4332 ⁷)
1152 4261 1177 4314 si
1194 4257 1417 4312 animadverteris
1435 4257 1469 4310 Β.
1488 4285 1524 4298 -
1542 4253 1631 4306 acrius
1649 4253 1675 4306 si
1693 4253 1814 4304 animum
1830 4249 1883 4303 ad·

515 4347 631 4402 verteris
648 4351 682 4402 Β.
702 4349 725 4418 ’)
745 4344 939 4419 comprobabis
957 4351 989 4402 Β.
1009 4381 1045 4391 -
1063 4344 1253 4419 compromisit
1271 4349 1305 4400 Β.
1323 4349 1347 4417 ⁹)
1366 4342 1495 4398 trochaeo
1510 4343 1543 4396 B.
1561 4373 1596 4384 —-
1612 4337 1725 4394 trocheo
1744 4341 1778 4394 Β.
1794 4353 1882 4392 masa

517 4435 552 4505 ¹⁰)
570 4431 771 4506 palimbacchio
790 4435 822 4490 Β.
841 4467 877 4478 -
894 4433 1086 4508 palinhaccbio
1104 4439 1138 4494 Β.
1162 4437 1198 4508 ”)
1216 4435 1343 4487 maiestas
1361 4434 1394 4486 Β.
1412 4461 1449 4476 -
1464 4428 1593 4483 malentes
1612 4431 1646 4482 Β.
1668 4431 1703 4498 1’)
1721 4443 1829 4500 paeone
1845 4459 1883 4468 -

515 4539 607 4595 peona
624 4522 658 4577 B.
687 4537 713 4576 et
735 4524 774 4577 lt:
786 4536 871 4577 const.
899 4529 934 4594 ¹³)
953 4525 1116 4594 Exemplum
1133 4542 1170 4575 ε
1185 4525 1220 4578 Β.
1249 4524 1284 4592 ¹⁴)
1303 4511 1414 4594 praeter
1431 4519 1585 4588 exemplum
1604 4519 1722 4570 allatum
1741 4517 1882 4568 alteram:

514 4611 604 4663 lacera
623 4620 791 4666 consuerunt
808 4613 890 4682 affert
906 4614 939 4665 Β.
961 4613 998 4685 ¹⁵)
1017 4609 1143 4683 spondeo
1161 4612 1194 4666 Β.
1213 4639 1250 4654 -·
1266 4606 1386 4680 spondis
1401 4609 1436 4662 Β.
1458 4607 1492 4678 Ι’)
1507 4601 1667 4658 ditrochaeo
1683 4633 1720 4644 -
1734 4597 1883 4654 ditroeheo

513 4699 547 4752 Β.
569 4712 594 4752 es
611 4701 645 4754 Β.
664 4713 751 4754 const.
778 4702 812 4772 ¹⁷)
832 4709 979 4772 anapaesto
997 4729 1032 4746 -·
1051 4691 1187 4772 anapesto¹
1201 4697 1233 4753 Β.
1254 4709 1281 4750 es
1297 4697 1330 4752 Β.
1350 4707 1437 4750 const
1463 4695 1498 4759 Ἰ)
1518 4690 1615 4746 oculus
1633 4689 1774 4761 virginula
1793 4691 1825 4743 Β.
1845 4719 1884 4731 -

514 4785 611 4840 oculos
637 4786 784 4858 virginales
801 4790 833 4843 Β.
854 4808 872 4841 u
889 4808 930 4861 pr.
950 4809 986 4842 m.
1005 4817 1041 4833 -
1059 4785 1156 4842 oculus
1179 4768 1320 4855 ‘virginalis
1338 4803 1372 4838 aa
1396 4802 1446 4836 em.
1464 4801 1506 4854 pr.
1526 4800 1560 4834 m.
1589 4781 1623 4850 ἰ)
1643 4776 1828 4849 amphimacro
1847 4776 1882 4830 Β.

514 4907 549 4916 -
568 4875 721 4930 amlirnacrc
747 4879 782 4934 Β.
810 4881 846 4946 ”)
873 4875 1027 4930 οιιιιίιιειὶι
1045 4877 1079 4930 Β.
1098 4903 1131 4918 ·-
1151 4872 1309 4926 cantavistis
1327 4873 1361 4926 Β.
1380 4889 1533 4944 perperam.
1553 4869 1591 4939 ¹¹)
1610 4867 1665 4922 Pro
1682 4867 1734 4920 hoc
1752 4867 1880 4936 exemplo

514 4964 607 5016 atiud.-
640 4965 746 5020 novitas
771 4963 920 5018 retardavit
946 4966 1029 5035 affers
1047 4965 1080 5020 Β.
1107 4965 1143 5032 ”)
1171 4963 1343 5016 Stracttsrum
1365 4959 1439 5014 lasso
1461 4959 1544 5012 simul
1561 4975 1623 5010 eum
1649 4956 1773 5026 exemplo
1789 4976 1827 5004 =
1846 4953 1880 5008 Β.

516 5053 551 5120 ”)
570 5049 692 5120 Explicit
709 5049 828 5106 feliciter
845 5053 876 5106 Β.
896 5076 932 5105 .-·
950 5055 982 5109 Β.

462 5157 490 5219 a)
518 5152 660 5216 Titulom,
680 5157 726 5226 qui
745 5153 823 5208 abest
843 5175 856 5207 a
877 5156 949 5211 (lod.
969 5157 1037 5212 llob.
1057 5155 1226 5213 restituimus
1246 5173 1259 5207 e
1280 5152 1350 5208 Cod.
1371 5154 1436 5222 neg.
1459 5150 1542 5206 l’sris.
