4104 6064
485 563 853 622 rnacunurs
891 565 1302 622 ceruusrrcs.
1561 577 1628 648 m

161 719 300 782 latinum
331 713 442 779 secuti
468 726 694 800 praeceptum
719 715 760 798 9).
789 713 834 779 Et
861 733 980 797 masne
1003 716 1041 779 in
1063 714 1186 780 iisdem
1205 709 1234 799 3)
1265 714 1466 782 nominihus
1489 719 1625 784 tertiam

159 820 198 886 ah
220 819 344 884 ultima
365 835 488 882 acuere
511 813 697 880 absurdum
714 817 744 898 9)
767 835 838 881 non
861 829 912 881 est
935 830 969 881 et
991 819 1040 882 ita
1060 817 1256 882 enuntiare:
1280 817 1551 897 Evandrum,
1566 832 1626 902 ty-

159 939 355 997 rannum,
377 915 393 952 3
416 931 455 984 nt
475 920 516 1002 ι’)
541 915 669 983 Graeci
691 921 853 998 Εὔανδρον
871 922 920 1002 ”).
1634 929 1681 978 ns
1698 947 1731 979 ,ι

242 1028 292 1090 15.
315 1021 398 1086 Non
419 1021 500 1085 dico
523 1020 667 1084 nomina
682 1023 722 1104 ”)
743 1020 911 1084 utrolibet
933 1032 1054 1086 tenore
1072 1013 1113 1104 ¹³)
1135 1021 1285 1108 proferri
1304 1025 1362 1105 ”);
1386 1021 1516 1088 iudicio
1535 1043 1630 1109 opus·
1649 1008 1678 1041 ⁰⁰
1696 1009 1717 1042 '¹'

156 1141 222 1204 est,
254 1145 325 1212 qno
347 1123 385 1190 id
406 1123 524 1211 potina
548 1121 698 1198 dicatur,
731 1124 827 1208 qnod
849 1123 992 1186 minime
1015 1137 1180 1208 respuant
1202 1145 1318 1200 aures,
1349 1125 1539 1191 dummodo
1563 1146 1626 1190 au-

155 1228 251 1292 ribus
273 1247 315 1292 eo
338 1225 546 1300 serviamus3
569 1225 606 1287 in
624 1223 831 1310 quibusdam
848 1225 941 1290 enim
958 1224 1159 1290 nominibus
1180 1226 1263 1292 licet
1284 1227 1403 1292 videre
1425 1227 1624 1313 plerosque,

154 1331 239 1396 recti
266 1347 365 1394 caena
393 1326 559 1411 ambiguo
585 1337 707 1390 tenore
729 1327 907 1414 dc'ceptcs,
938 1327 1105 1392 mendose
1129 1327 1291 1414 obliquos
1316 1325 1356 1412 ¹⁵)
1385 1329 1558 1415 prolerre,
1586 1341 1626 1394 ut

27 1499 28 1502 ,
153 1433 215 1518 qni
236 1433 274 1497 in
295 1431 431 1518 patrico
460 1449 542 1494 casu
568 1428 768 1493 Evandri
791 1441 825 1493 et
846 1429 1019 1511 tyranni
1045 1429 1196 1513 primam
1219 1427 1385 1513 syllabarii
1408 1445 1538 1496 acuunt
1558 1453 1626 1518 po-

153 1537 221 1602 tins
243 1525 285 1618 ¹⁶)
306 1551 411 1620 qnam
433 1531 604 1606 mediam,
626 1529 759 1594 nullam
782 1532 891 1595 wenti
913 1531 1101 1607 rationem
1128 1551 1209 1596 narn
1237 1552 1353 1618 nsque
1374 1553 1395 1598 a
1416 1536 1456 1616 ’9)
1480 1533 1625 1600 Graecis

152 1658 192 1702 ea
215 1636 378 1724 nomina,
402 1653 481 1698 curn
505 1653 587 1696 casu
608 1631 677 1696 istc
698 1645 796 1709 aunt,
818 1633 886 1698 alia
908 1653 1013 1720 φιιιιι
1034 1634 1228 1718 penultima
1249 1647 1350 1700 acuta
1369 1629 1410 1718 13)
1440 1636 1626 1722 proferun-
1721 1713 1723 1721 Ι

151 1752 226 1815 tur,
257 1742 432 1816 Εὐάνδρου,
461 1741 611 1814 τυράννου
634 1732 847 1811 dicentibus,
878 1755 945 1800 nec
967 1754 1103 1799 rursum
1127 1757 1146 1800 a
1167 1737 1289 1814 nobis,
1321 1736 1403 1822 quia
1431 1738 1630 1823 penultima·

27 1889 28 1916 ,
150 1842 327 1927 positione
354 1839 461 1924 longa
478 1855 621 1922 semper
642 1839 798 1904 acuenda
819 1839 923 1904 nohis
945 1851 1006 1903 est.
1031 1835 1171 1926 [Tertia
1193 1839 1236 1906 ab
1259 1840 1381 1906 ultima
1403 1861 1423 1906 a
1445 1841 1623 1906 nonnullis

150 1945 298 2010 acuitur.
321 1943 412 2008 Nam
434 1939 683 2026 peneultimam
714 1953 850 2004 nontam
873 1953 943 2004 tam
963 1945 1003 2025 ’9)
1030 1940 1137 2004 latina
1160 1941 1256 2006 iubet
1279 1942 1387 2018 ratio,
1420 1944 1501 2026 quia
1527 1944 1624 2030 posi·

149 2046 245 2110 tione
266 2049 309 2129 ὀ)
330 2044 436 2128 longa
458 2054 521 2118 cst,
545 2061 650 2127 quatu
673 2062 809 2126 graeca,
833 2043 917 2128 qnia
931 2044 973 2125 Ἰ)
997 2047 1216 2127 νοροξονόνωι
1230 2045 1274 2126 ”)
1297 2041 1438 2130 dicunt]
1460 2045 1504 2126 ·).
1526 2045 1621 2110 idem

149 2148 185 2211 in
210 2147 327 2212 dativo
349 2143 570 2228 ablativoqne
594 2165 675 2208 casu
691 2139 735 2225 ’3)
756 2145 964 2209 servandum
987 2157 1056 2220 eat,
1084 2158 1124 2209 nt
1146 2165 1226 2212 oum
1249 2145 1342 2230 apud
1364 2146 1560 2230 Vergilium
1579 2141 1622 2228 ’3)

149 2248 364 2334 legimus-
391 2243 609 2331 Amphion
633 2240 677 2330 ’3)
705 2247 918 2312 Dircaeus
945 2247 987 2310 in
1015 2246 1179 2312 Actaeo
1200 2246 1448 2328 Aracyntho
1471 2240 1513 2330 ²⁶)
1530 2245 1563 2330 3)
1579 2277 1629 2300 -··

26 2357 27 2440 j
147 2363 184 2415 et
206 2385 248 2402 -
278 2348 411 2432 Quod
442 2346 547 2411 lieri
577 2346 695 2414 ferro
723 2349 956 2434 liquidove
987 2362 1131 2434 potest
1159 2349 1378 2434 electro‘)
1399 2387 1443 2400 -
1472 2350 1556 2414 item
1579 2383 1624 2402 -

147 2449 376 2516 Centauro
406 2449 694 2532 invehitur¹⁷)
723 2442 925 2536 magnast)
945 2487 990 2504 -
1018 2464 1053 2516 st
1079 2487 1123 2502 -·
1150 2450 1355 2534 Sergesto
1384 2450 1624 2516 Mnesthei-

144 2573 232 2637 qne
258 2545 302 2634 ’3)
324 2552 358 2635 ’)
377 2587 422 2604 -
453 2563 489 2616 st
515 2587 560 2602 -
587 2551 859 2638 cineremque
880 2555 924 2635 ²⁹)
953 2552 1032 2617 snb
1070 2553 1168 2639 ipsa
1195 2551 1490 2636 Antandros).
1528 2553 1622 2617 Haec

144 2653 267 2717 omnia
289 2654 434 2718 nomina
454 2652 700 2734 Aracyntho
718 2647 784 2735 33),
808 2653 997 2732 electro,
1022 2653 1262 2730 Centauro,
1287 2653 1521 2738 Sergesto,
1543 2654 1623 2718 An-

144 2753 304 2820 tandro
326 2753 520 2838 penultima
533 2766 634 2818 acuta
655 2755 890 2840 proteruntur,
915 2759 1074 2842 quamvis
1090 2769 1186 2822 recto
1209 2769 1244 2822 et
1259 2749 1303 2839 ³¹)
1326 2757 1522 2823 accusativo
1539 2775 1621 2820 casn

143 2867 293 2943 possunt
315 2867 450 2919 acutam
481 2855 616 2920 tertiam
640 2855 683 2920 ab
711 2855 833 2921 ultima
855 2857 994 2924 habere.
1025 2859 1095 2924 Sed
1117 2859 1153 2923 in
1175 2872 1272 2923 recto
1296 2870 1400 2943 atque
1423 2857 1620 2924 accusativo

144 2979 228 3022 casu
251 2957 339 3022 solet
361 2957 504 3043 quidam
527 2976 625 3022 error
646 2959 832 3044 plerosque
852 2959 1022 3038 obtinere,
1046 2961 1160 3045 quiin
1182 2961 1236 3024 hia
1258 2960 1415 3026 versibus
1438 2993 1480 3012 -
1503 2957 1622 3022 'l'nnc

144 3059 272 3123 etiam
297 3059 399 3123 latis
418 3051 462 3144 ³¹)
483 3059 628 3144 aperit
651 3058 896 3125 Cassandra
921 3062 1082 3126 lutus-is
1107 3061 1303 3144 Ora¹)--
1325 3074 1360 3126 et
1380 3097 1423 3110 ·-
1445 3059 1536 3126 Huc
1553 3079 1620 3124 ca-

144 3174 212 3226 sta
234 3161 400 3244 Sibylla
415 3155 457 3242 33)
471 3158 505 3242 3)
529 3195 572 3210 -
598 3159 747 3246 inperite
773 3175 1060 3247 proparouytona
1079 3155 1123 3246 33)
1154 3163 1285 3228 iaciunt
1315 3161 1561 3229 Cassandra
1577 3153 1619 3243 ³⁵)

143 3276 179 3327 et
209 3262 384 3345 Sibylla
411 3255 474 3347 33),
501 3281 581 3326 cuna
612 3261 649 3328 id
673 3256 717 3346 ³⁷)
746 3264 861 3327 sinant
888 3283 1003 3350 ιιοφιο
1032 3264 1140 3329 latina
1160 3277 1348 3352 praecepta
1370 3259 1434 3349 33),
1463 3264 1545 3348 quia
1567 3275 1619 3328 cst

143 3364 358 3450 penenltima
381 3365 555 3452 positione
577 3364 702 3450 longa,
725 3366 948 3450 usqueadeo
971 3387 1115 3451 graeca,
1146 3387 1225 3431 cnm
1249 3367 1318 3432 siut
1339 3377 1559 3454 paroxytona
1576 3358 1619 3448 39)

197 3643 220 3706 3)
244 3645 476 3796 {arimini-
492 3644 655 3778 P't‘i‘glyn
676 3638 752 3796 3⁷⁰}
764 3635 907 3780 'talisdean
926 3669 963 3684 -
980 3635 1088 3781 iqisdepa
1099 3639 1190 3798 dC'cd.)
1203 3635 1396 3780 ⁹J.'¹³⁸¹¹'d¹f¹¹³
1414 3670 1450 3680 -
1467 3633 1617 3776 '‘imai''

276 3744 292 3776 ο
314 3763 320 3778 .
343 3733 365 3757 ”
397 3743 417 3778 u
446 3743 534 3778 -au
591 3745 608 3778 ο
629 3761 636 3776 .
658 3733 678 3758 ¹¹
737 3745 783 3780 uss
819 3745 847 3782 ts
865 3758 899 3770 -
919 3745 985 3780 esan
1009 3745 1038 3780 ra
1081 3747 1097 3780 ο
1119 3765 1127 3779 .
1155 3736 1176 3760 ”
1230 3746 1274 3782 aco
1293 3744 1456 3782 nomana-
1496 3741 1617 3776 inomaus

254 3813 321 3868 Cad.
344 3815 378 3883 ’3)
397 3819 493 3866 tenore
510 3843 546 3856 -
563 3813 658 3866 fenore
679 3813 745 3870 cod.
768 3745 938 3887 ¹⁴)pproierri
956 3816 1131 3888 -prolerre
1152 3815 1220 3868 ced.
1246 3817 1280 3884 ’3)
1307 3811 1490 3886 obliquos-
1508 3809 1616 3864 oblicos

253 3900 321 3954 cod.
347 3899 381 3972 ’3)
400 3901 495 3972 potina
513 3931 548 3943 -
565 3901 660 3971 potins
680 3903 748 3956 ced.
778 3909 812 3973 ’9)
831 3921 847 3956 ι
865 3909 894 3957 isa
915 3904 982 3956 Ccd.
1002 3908 1130 3956 omissum
1146 3905 1340 3974 supplevimus.
1368 3903 1402 3972 ’3)
1421 3909 1499 3953 acuta
1518 3930 1553 3940 —
1571 3915 1617 3950 ac·

250 3995 314 4042 suta
334 3988 404 4044 cett.
434 3993 469 4058 ’9)
493 3996 549 4042 tant
568 3993 598 4044 isa
617 3989 686 4063 Coei.
705 3996 846 4053 omissum,
873 3997 1047 4044 restituimus.
1075 3997 1110 4058 ’9)
1129 3991 1271 4063 positione
1288 4009 1369 4044 sensu
1377 3991 1534 4062 flagitante
1551 4005 1617 4058 sup·

248 4077 390 4148 piisimus.
411 4077 447 4145 ”)
466 4075 583 4148 quia-
602 4093 671 4150 qnae
692 4079 759 4132 Cod.
779 4083 814 4148 ”)
834 4077 1021 4153 παροξυτόνως
1039 4111 1073 4120 -
1091 4079 1268 4151 paraaitonos
1289 4077 1357 4134 cod.
1377 4081 1412 4140 ’9)
1434 4093 1498 4129 casn
1516 4093 1616 4127 -ca-

251 4180 299 4218 sus
319 4163 387 4220 cet.
413 4163 449 4232 ’3)
476 4161 627 4234 Vergilium
643 4195 681 4206 -
698 4163 843 4235 Virgilium
864 4167 931 4220 cod.
960 4167 997 4238 ¹⁵)
1016 4162 1153 4238 Amphion
1171 4197 1206 4208 -
1231 4162 1353 4236 anphion
1375 4164 1486 4218 Codes
1503 4181 1553 4216 em.
1572 4181 1614 4233 pr.

250 4271 284 4304 ιιι.
302 4279 340 4296 -
357 4247 478 4322 suphian
495 4273 513 4304 a
529 4271 571 4322 pr.
591 4271 627 4308 m.
648 4253 683 4324 ’3)
702 4253 732 4306 ἱιι
749 4255 852 4308 Actaeo
870 4251 1026 4325 Aracyntho
1045 4285 1079 4297 -
1098 4250 1339 4324 inaetheoracynto
1361 4253 1427 4307 Coei
1455 4257 1491 4322 ’9)
1510 4247 1616 4304 invehi·

251 4349 349 4392 tur-
372 4339 491 4394 inseitnr
517 4339 584 4394 coe.
613 4341 650 4411 ⁸⁸)
669 4338 863 4414 Mnestheique
882 4373 916 4384 -
933 4341 1089 4413 nanestiqne
1110 4341 1177 4394 Ccd.
1203 4345 1238 4410 ’9)
1259 4337 1429 4412 classemque
1446 4325 1485 4380 -'
1501 4338 1615 4394 clasem·

248 4443 302 4496 qne
323 4427 392 4480 θοοὶ.
413 4428 451 4499 ¹⁶)
468 4424 625 4496 Aracyntho
643 4458 679 4470 —
697 4425 821 4482 arahinto
842 4429 909 4482 cod.
935 4433 971 4501 ⁵¹)
991 4439 1020 4484 et
1036 4435 1066 4483 isa
1086 4429 1154 4482 eod.
1173 4432 1302 4482 emissust
1320 4432 1494 4484 restituimus.
1523 4431 1558 4495 ”)
1576 4427 1616 4478 sa·

249 4512 286 4565 tis
304 4543 340 4558 -
358 4513 425 4568 satis
446 4515 513 4571 cod.
535 4517 571 4584 33)
590 4511 697 4584 Sibylla
716 4544 749 4560 -
768 4514 873 4588 sybella
893 4518 961 4571 θοοὶ.
985 4517 1021 4587 ’3)
1040 4523 1259 4590 preparcxytona
1275 4547 1309 4558 -
1325 4515 1614 4588 prepareaitcnaCod.

247 4601 283 4672 33)
311 4599 467 4660 Cassandra
501 4634 537 4646 -
559 4600 690 4656 usandra
717 4605 784 4658 Cod-
810 4605 846 4675 Ι3)
873 4601 980 4675 Sibylla
997 4635 1034 4646 -
1058 4601 1158 4674 sybilla
1179 4603 1245 4656 Ccd.
1274 4605 1310 4672 99)
1330 4619 1391 4652 cum
1410 4599 1452 4668 id,
1471 4601 1615 4654 interduo

251 4687 419 4744 barenste
437 4693 510 4745 male
527 4695 599 4746 inter
611 4693 661 4746 ns.
670 4693 820 4748 inuaditur
835 4691 875 4748 itt.
894 4694 930 4763 33)
950 4697 1281 4764 praecepta-precepta
1302 4689 1370 4742 Ccd.
1390 4688 1427 4761 ’9)
1446 4694 1615 4759 parorytona

250 4805 286 4820 -
304 4777 467 4848 paroaitona
488 4779 556 4840 θοοὶ.

196 4883 226 4952 ιι)
253 4881 348 4937 Tertia
366 4918 410 4936 ...
427 4885 531 4938 dieunt.
560 4883 678 4939 Uncinis
698 4884 764 4940 haec
781 4883 958 4952 inclusimns;
977 4881 1048 4938 nihil
1066 4883 1139 4937 enim
1158 4881 1312 4945 continent,
1332 4877 1410 4953 qnod
1426 4897 1482 4934 non
1500 4879 1529 4932 in
1547 4897 1614 4951 pro·

248 4969 320 5024 aiere
338 4968 571 5026 antecedentibus
588 4971 723 5046 prolixius
741 4974 795 5026 iarn
814 4971 918 5028 dictum
937 4973 991 5039 sit;
1013 4970 1083 5025 male
1101 4989 1166 5026 sero
1184 4977 1252 5040 post
1275 4973 1387 5024 assutus·
1404 4968 1535 5023 crnissuru
1554 4975 1613 5022 est:

248 5063 307 5112 aitte
342 5061 401 5114 ulla
423 5065 546 5124 satisne,
574 5057 650 5134 quod
676 5059 858 5134 responderet
888 5063 927 5131 sifi
950 5063 1056 5116 nullam
1082 5063 1168 5112 seeuti
1192 5063 1327 5112 sedunens
1353 5057 1384 5110 in
1414 5053 1614 5128 superioribus.

248 5147 277 5214 t)
296 5145 375 5218 virg.
393 5145 490 5220 Ecleg.
510 5149 546 5204 ll.
565 5155 610 5210 24.
629 5153 655 5218 ο)
675 5150 827 5220 νιιμοιι.
848 5149 924 5204 vttt.
942 5155 1004 5210 tm.
1023 5150 1054 5220 d)
1074 5148 1151 5216 Virg.
1171 5146 1240 5200 Aen.
1259 5146 1292 5200 V.
1314 5151 1373 5204 122.
1400 5147 1426 5215 e)
1450 5145 1525 5215 Virq.
1545 5150 1614 5198 Aen.

251 5233 285 5288 V.
305 5239 366 5294 tes.
381 5238 425 5305 s)
444 5235 519 5307 Virp.
539 5239 606 5290 Aen.
626 5237 676 5289 lli.
696 5242 713 5295 5
733 5255 790 5310 srq.
809 5241 840 5312 Β)
859 5237 934 5309 Virq.
954 5240 1020 5291 Aen.
1040 5236 1075 5288 11.
1093 5239 1148 5295 226
1166 5249 1224 5307 seq.
1243 5234 1273 5306 1ο)
1292 5233 1447 5306 Virg.Acn.
1468 5233 1501 5288 V.
1515 5238 1578 5294 735.
