4036 6068
584 466 1140 524 encorsnsnrnon.
1528 471 1594 542 341

142 610 218 692 a'‘⁰)
247 611 465 678 nominativo
493 631 575 681 caan
602 618 739 682 numeri
761 617 946 702 singularis
969 620 1005 682 in
1033 617 1230 682 accusativo
1255 635 1335 682 casu
1358 615 1495 682 numeri
1515 615 1596 701 plu-

143 714 209 782 ralis
238 735 302 800 per
328 718 354 798 ¹)
385 715 531 798 syllabas
562 732 738 796 crescunt,
766 723 853 784 haec
882 739 1073 806 numquam
1104 719 1319 786 nominativo
1351 739 1432 784 casu
1459 720 1596 784 numeri

141 816 312 899 singularis
344 818 438 885 ’UM·
469 820 592 886 litteris
621 822 833 890 deliniuntur
860 837 896 888 et
918 823 997 888 ideo
1020 837 1214 909 tergora,
1245 825 1323 887 hoo
1346 835 1499 906 tergus
1519 825 1596 905 ot)

141 937 199 982 non
222 920 303 984 hoc
320 916 349 1003 3)
372 935 538 1007 tergum
562 923 674 989 lacere
696 928 951 1010 pronuntiatur.

213 1025 289 1090 536.
314 1024 585 1110 Quaeritnrqua
600 1027 643 1092 de
657 1049 759 1093 causa
781 1030 917 1094 Varro
937 1021 962 1112 3)
985 1029 1175 1094 masculum
1188 1027 1398 1093 esseminam
1422 1022 1597 1111 avos⁵)⁶)

143 1127 387 1207 pronuntiavit;
419 1131 484 1194 bac
515 1131 709 1208 de-causa,
742 1133 908 1216 qnoniam
932 1153 1174 1217 quaecumque
1195 1133 1332 1216 generis
1356 1130 1512 1194 feminini
1534 1151 1601 1194 no-

145 1226 226 1290 mina
248 1230 449 1294 nominibus
477 1234 615 1316 generis
638 1235 819 1298 masculini
838 1228 867 1317 ¹³)
896 1236 1117 1320 reperiuntur
1133 1236 1161 1317 ⁷)
1184 1255 1257 1297 esse
1280 1233 1484 1307 coniuncta,
1514 1235 1600 1299 haec

32 1359 33 1368 ι
143 1329 194 1392 sub
217 1351 306 1396 sono
328 1334 466 1417 generis
489 1335 834 1402 masculininecesse
857 1348 908 1400 est
929 1349 968 1400 ut
988 1331 1016 1420 ⁸)
1040 1337 1231 1424 procedant
1251 1340 1301 1420 9),
1325 1357 1393 1421 qua
1416 1335 1601 1422 disciplina

144 1445 170 1496 et
189 1433 368 1520 Vergilius
390 1435 601 1502 Priamum
625 1451 659 1502 et
680 1438 897 1504 Hecubam
917 1443 957 1522 ¹⁰)
979 1440 1171 1506 masculino
1195 1460 1323 1525 genere
1346 1439 1516 1524 appellat,
1548 1438 1602 1502 di-

32 1539 33 1546 ’
145 1553 215 1598 cens
240 1539 280 1619 ΙΙ)
309 1539 353 1604 de
380 1539 626 1606 Andromacha
652 1575 697 1592 -·-
726 1542 839 1606 terre
863 1544 905 1624 ¹²)
934 1543 1188 1608 incomitata
1216 1541 1385 1606 solebat
1406 1541 1468 1604 Ad
1490 1561 1602 1604 socc,

145 1655 201 1700 tos
218 1639 254 1716 ⁶)
274 1664 336 1716 -;
366 1642 448 1704 item
473 1643 564 1707 idem
588 1643 689 1708 Maro
713 1643 883 1708 Helenum
906 1657 941 1709 et
962 1646 1244 1710 Andromacham
1272 1681 1316 1696 -·
1338 1643 1421 1707 Hos
1445 1663 1520 1727 ego
1543 1642 1603 1706 di-

32 1739 34 1830 ᾗ
144 1740 339 1822 grediens
362 1744 552 1810 lacrimis
574 1740 613 1829 13)
635 1746 812 1810 adlabar
830 1750 869 1830 ¹⁴)
893 1747 1108 1830 obortie0)
1125 1773 1180 1825 —3
1204 1749 1286 1812 item
1310 1749 1402 1812 idem
1427 1745 1605 1830 Vergilius

32 1837 34 1872 ⁵
144 1876 179 1890 -
207 1843 425 1926 Quattuor
455 1841 495 1929 ¹⁵)
526 1847 573 1912 ab
600 1841 642 1931 ¹⁶)
670 1848 854 1914 stabulis
888 1853 1128 1937 praestanti
1161 1871 1345 1937 corpore
1377 1852 1416 1933 Ι7)
1454 1859 1604 1912 tauros

32 1971 33 1978 ¹
145 1943 323 2022 Avertit,
362 1949 546 2016 totidem
584 1949 718 2016 torma
745 1967 972 2037 superante
1006 1954 1220 2017 iuvencas.
1258 1953 1397 2037 Atque
1427 1952 1524 2024 hos,
1553 1967 1604 2010 ne

147 2067 218 2130 qua
241 2048 384 2115 iorent
403 2045 441 2133 18)
464 2052 642 2138 pedibus
664 2055 851 2138 vestigia
874 2055 1025 2134 rectis,
1050 2053 1195 2120 Cauda
1216 2055 1259 2118 in
1282 2053 1540 2140 speluncam
1564 2051 1605 2131 ¹⁹)

145 2161 300 2216 tractos
318 2156 360 2233 ²⁰)
383 2173 482 2218 saxo
505 2155 753 2220 occultabat
775 2178 907 2244 opaco
924 2156 1023 2241 Ψ).

219 2256 294 2320 537.
317 2253 421 2322 Nunc
443 2259 609 2342 qnoniam
633 2257 777 2343 longum
800 2272 852 2323 est
873 2273 909 2323 et
930 2259 998 2324 alia
1019 2259 1182 2344 exempla
1204 2257 1360 2344 prolerre
1383 2269 1418 2321 es
1440 2257 1537 2333 ideo,
1568 2267 1607 2318 ut

146 2353 306 2433 diximus,
330 2357 398 2422 hoc
420 2358 596 2426 observari
621 2381 820 2436 monemus,
843 2375 881 2424 nt
904 2362 1006 2426 sicuti
1029 2382 1132 2447 snpra
1155 2360 1352 2437 docuimus,
1383 2359 1480 2445 quod
1500 2377 1607 2442 quae-

146 2475 287 2544 cumque
319 2461 462 2524 nomina
487 2465 528 2545 ²²)
558 2463 695 2546 generis
722 2464 884 2556 teminini-
912 2485 990 2528 curn
1025 2463 1227 2526 nominibus
1256 2463 1393 2547 generis
1424 2458 1608 2523 masculini

148 2561 324 2625 coniuncta
355 2584 427 2626 esse
456 2565 695 2651 reperiuntur,
724 2567 811 2630 haec
840 2565 904 2630 sub
933 2586 1021 2630 sono
1053 2565 1237 2631 masculini
1272 2565 1411 2649 generis
1446 2581 1612 2625 resonare

148 2657 418 2746 pronuntientur.

222 2769 295 2832 538.
320 2767 511 2850 Quaeritur
533 2789 640 2854 qnare
663 2773 869 2848 monitor,
891 2773 1096 2836 monitrix
1123 2765 1184 2854 ²³),
1216 2785 1250 2836 et
1272 2771 1461 2856 genitor,
1484 2787 1608 2852 gene-

148 2867 246 2944 trix,
270 2870 356 2934 item
378 2866 595 2954 victor¹⁴),
618 2873 778 2938 victrix
800 2885 835 2936 et
855 2875 1065 2951 nutritor,
1089 2874 1256 2950 nutrix}
1284 2876 1353 2936 hoc
1376 2883 1450 2945 cst,¹
1474 2889 1543 2954 qua
1565 2868 1607 2931 de
1620 2891 1647 2940 v.
1663 2885 1714 2949 ate

149 2989 242 3036 causa
262 2967 306 3052 ²⁵)
335 2973 526 3038 monitor
556 2987 589 3038 et
612 2975 825 3039 monitrix
847 2995 910 3060 per
933 2975 970 3038 ·1·
994 2969 1037 3057 ²⁶)
1060 2975 1209 3038 litteram
1234 2975 1450 3048 scribuntur,
1482 2982 1516 3033 et
1539 2991 1607 3054 qua

148 3071 312 3138 decanea
342 3075 515 3160 genitor
537 3097 601 3162 per
623 3077 680 3155 ·t·‚
703 3091 737 3142 et
767 3079 968 3162 genetrix
986 3080 1028 3160 ²⁷)
1059 3099 1122 3164 per
1146 3077 1197 3140 ·E·
1234 3077 1384 3140 litteram
1418 3072 1614 3145 scribitur,

150 3174 222 3238 item
244 3177 378 3260 quade
402 3197 505 3242 causa
533 3179 677 3244 victor
705 3193 739 3244 et
761 3180 918 3244 victrix
948 3181 1024 3266 pari
1046 3199 1194 3243 numero
1216 3177 1423 3260 syllabarum
1447 3175 1609 3254 scribun-

147 3289 197 3339 tur
216 3291 249 3342 et
269 3281 461 3344 nutritor
483 3301 503 3344 a
524 3282 695 3351 nutrice
718 3303 783 3368 per
793 3281 960 3362 syllabam
979 3283 1091 3345 maior
1105 3303 1178 3345 esse
1199 3281 1399 3366 reperitur²
1402 3273 1452 3360 ⁸)t
1474 3276 1661 3399 lqnarereo
1651 3295 1715 3397 spe.

149 3379 210 3446 boc
230 3403 423 3459 monemus,
447 3383 544 3468 quod
560 3385 709 3465 11002'9)
700 3404 736 3447 ru
750 3385 844 3449 sonis
860 3395 1098 3469 competenter
1116 3377 1141 3416 ³⁰
1130 3385 1158 3466 ⁰)
1175 3393 1322 3446 tractare
1335 3379 1538 3445 debebimus
1553 3370 1574 3409 ³¹
1569 3349 1678 3462 Ι).ουΙΙ

1493 3550 1586 3560 ..φ-..-

183 3635 218 3661 ses
388 3649 425 3660 .-.
552 3633 558 3656 ¹
774 3651 809 3661 ...
879 3637 889 3660 ι
1016 3651 1052 3660 .-
1168 3631 1177 3661 t
1379 3650 1416 3662 ...
1481 3627 1489 3660 t
1548 3647 1554 3672 3
1593 3651 1599 3674 ι

218 3628 398 3770 ’ult
418 3626 574 3786 ..titt
588 3643 644 3788 )ῗῖ
662 3623 1613 3786 ,Vn-,mtaxarunt:alze-..Vsa‘1-..tltfzr

245 3807 341 3856 uersam
358 3821 474 3855 amanu
487 3809 635 3855 recentiore
657 3803 828 3865 „necessarie
847 3803 943 3855 ratio.“
969 3803 994 3872 ⁵)
1020 3820 1084 3855 aros
1106 3804 1136 3856 B.
1156 3799 1304 3855 —ambos
1324 3803 1360 3858 V.
1379 3801 1415 3854 A.
1442 3803 1465 3872 ο)
1492 3801 1608 3852 nomini-

248 3887 298 3943 bus
318 3891 427 3960 generis
445 3889 599 3956 masculini,
618 3895 657 3944 ita
681 3893 796 3964 legimus
810 3911 879 3960 pro:
899 3887 1044 3960 generibus
1064 3889 1223 3944 masculinis
1242 3890 1278 3945 V.
1298 3888 1335 3943 A.
1353 3920 1390 3932 -
1408 3886 1529 3958 generi-b.
1550 3890 1610 3954 (sed

247 3999 279 4032 er
294 3999 345 4037 em.
365 3979 486 4049 genesis)
508 3977 652 4030 masculini
670 3981 749 4033 B.-
767 3976 925 4031 nominibus
943 3979 1135 4050 supplevimus.
1163 3981 1186 4050 ⁷)
1213 3979 1389 4049 reperiuntur
1405 3979 1436 4032 B.
1458 3977 1493 4032 V.
1515 4007 1548 4018 »-
1568 3995 1607 4028 rc-

247 4068 388 4140 periantor
405 4067 441 4120 A.
462 4070 485 4136 ’)
504 4075 537 4120 nt
553 4068 586 4121 B.
606 4069 642 4121 A.
660 4090 697 4116 =
716 4067 752 4121 V.
778 4070 802 4137 ⁹)
821 4061 974 4138 procedant
993 4067 1028 4121 V.
1048 4064 1085 4121 A.
1104 4097 1139 4108 -
1159 4063 1275 4138 prodeat
1292 4065 1324 4119 B.
1354 4067 1391 4138 ¹⁹)
1411 4062 1550 4118 Hecubam
1573 4065 1608 4117 V.

248 4156 282 4210 A.
301 4187 337 4197 —
354 4151 511 4207 Haecnbarn
529 4157 562 4210 B.
584 4157 619 4226 ¹¹)
639 4153 736 4207 diceus
755 4155 780 4208 B
797 4153 832 4208 A.
853 4184 887 4195 -
906 4151 936 4206 id
955 4162 999 4206 est
1016 4152 1114 4208 diceus
1133 4155 1169 4210 V.
1191 4159 1227 4223 ”)
1245 4153 1316 4206 ferre
1335 4153 1366 4208 Β.
1388 4151 1424 4208 V.
1444 4183 1479 4196 —
1497 4153 1554 4204 fere
1573 4152 1608 4204 A.

217 4274 220 4280 ·
249 4249 282 4312 ¹³)
308 4241 428 4296 lacrimis
455 4245 487 4298 B.
508 4245 544 4298 V.
565 4275 599 4285 -
617 4242 756 4297 lachrimis
782 4242 819 4297 A.
849 4243 885 4316 ¹⁴)
904 4239 1016 4294 adfabar
1033 4243 1066 4296 B.
1088 4242 1123 4298 V.
1152 4243 1181 4296 Ρ.
1201 4269 1237 4285 -··
1255 4238 1341 4294 dabar
1358 4240 1394 4295 A.
1426 4242 1461 4314 ¹⁵)
1481 4249 1610 4314 quattuor

248 4333 277 4384 Β.
298 4333 333 4386 V.
353 4362 389 4374 -
407 4341 524 4404 quatuor
542 4333 578 4386 A.
601 4333 635 4403 ¹⁶)
654 4329 690 4383 ab
709 4331 741 4384 B.
762 4331 798 4386 V.
818 4362 854 4375 -
871 4350 886 4383 a
903 4332 940 4384 A.
963 4333 999 4406 ¹7)
1019 4347 1135 4402 corpore
1154 4331 1185 4384 Β.
1198 4330 1234 4383 V.
1252 4361 1289 4372 --
1307 4347 1452 4402 acorpore
1466 4330 1503 4383 A.
1526 4327 1610 4399 ¹⁸)fo·

248 4427 305 4473 rent
325 4421 360 4474 V.
380 4451 416 4463 -
434 4421 506 4473 toret
523 4422 560 4474 A.
581 4453 615 4462 -
633 4417 731 4476 l'odent
750 4420 780 4473 B.
804 4422 840 4492 ὀ)
860 4417 1021 4492 speluncam
1038 4421 1070 4472 Β.
1092 4419 1128 4473 V.
1149 4419 1179 4471 Ρ.
1194 4449 1230 4459 -
1245 4415 1377 4489 spelunea
1394 4417 1431 4470 A.
1452 4420 1488 4486 ὀ)
1509 4422 1610 4468 tractos

248 4509 278 4562 Β.
297 4509 334 4562 V.
345 4539 378 4553 ·-
398 4510 493 4562 tractis
511 4509 548 4562 A.
569 4511 607 4580 Ἰ)
627 4525 715 4580 opaco
735 4507 770 4562 V.
790 4511 825 4562 A.
846 4537 882 4567 -,
900 4525 988 4578 opago
1008 4509 1039 4560 B.
1060 4509 1098 4577 ¹²)
1116 4505 1225 4558 uomina
1244 4507 1277 4559 B.
1291 4506 1326 4559 V.
1337 4507 1368 4560 Ρ.
1387 4525 1425 4554 -.-.·
1441 4504 1478 4556 A.
1495 4501 1532 4572 ἰ)
1551 4519 1609 4552 ιιιο-

247 4597 327 4649 nitria
345 4599 371 4650 Β
390 4597 422 4650 V
446 4598 475 4650 Ρ.
494 4620 531 4648 =
548 4598 585 4651 A.
614 4599 651 4670 ”)
670 4597 759 4650 victor
776 4596 809 4651 B·
830 4596 866 4649 V.
886 4598 917 4649 Ρ.
937 4627 972 4636 -
989 4595 1078 4647 victor
1097 4601 1125 4646 et
1142 4595 1178 4647 A.
1205 4593 1240 4662 ¹⁵)
1261 4609 1342 4644 eausa
1362 4591 1397 4646 V.
1417 4592 1452 4644 A.
1472 4619 1507 4630 -
1526 4607 1556 4638 ca
1576 4589 1608 4641 B.

247 4685 282 4753 ²⁶)
301 4685 424 4755 genetrix
445 4685 527 4739 V.A.
546 4715 581 4728 ·-
600 4694 728 4756 genetrex
747 4686 778 4737 B.
799 4687 836 4755 ¹⁷)
856 4701 905 4754 per
921 4683 951 4748 Β
975 4673 1094 4736 litteram
1114 4678 1245 4734 scribitur
1263 4679 1293 4731 B.
1314 4709 1348 4720 -
1368 4695 1417 4748 por
1436 4679 1475 4730 t:-
1489 4675 1610 4728 litteram

250 4773 406 4826 scribnntor
425 4775 461 4829 V.
482 4775 512 4827 Ρ.
532 4807 566 4818 -
586 4791 636 4844 per
654 4771 684 4824 ·l·
704 4768 835 4826 scribitur
852 4770 888 4824 A.
909 4771 945 4838 ¹⁸)
964 4769 1098 4841 reperitur
1118 4770 1154 4822 V.
1173 4768 1208 4821 A.
1225 4797 1260 4810 —
1278 4767 1430 4835 reperiatur
1447 4768 1478 4818 Β.
1500 4767 1537 4836 ¹⁹)
1557 4763 1610 4816 boc

250 4861 279 4913 Β.
300 4863 336 4916 V.
356 4893 393 4904 -
409 4859 477 4914 baec
496 4863 532 4916 A.
553 4865 591 4935 ³⁰)
611 4869 799 4932 competenter
819 4860 848 4913 Β.
869 4858 904 4914 V.
916 4859 946 4911 Ρ.
966 4889 1001 4899 -
1020 4858 1214 4910 convenienter
1233 4855 1267 4908 A.
1287 4857 1326 4923 ³¹)
1346 4850 1508 4906 debebimus
1527 4853 1558 4906 B.
1577 4884 1611 4892 -

250 4947 394 5002 debeamus
414 4951 452 5006 V.
470 4951 506 5004 A.

199 5054 225 5123 ιι)
246 5055 276 5108 In
293 5053 336 5108 bis
356 5075 425 5129 quas
444 5062 551 5112 exstem
571 5053 700 5108 Varronis
719 5051 788 5106 ntlnt
807 5051 903 5108 borum
923 5051 1065 5126 reperitur.
1087 5053 1115 5124 b)
1136 5051 1210 5121 Virg.
1232 5051 1297 5102 Aera.
1317 5049 1353 5102 ll.
1373 5053 1434 5109 456.
1455 5066 1476 5102 ι.
1497 5051 1522 5138 ο)
1536 5047 1609 5118 Virg.

248 5144 310 5196 Acts.
330 5144 380 5198 111.
401 5151 461 5206 lili·
482 5147 511 5216 d)
531 5144 682 5214 Virg.rleu.
704 5143 778 5198 Vlll.
798 5147 964 5202 tot-tlt.
