4032 6070
20 10 26 232 l

578 537 1136 600 aaronitastttnon.

20 681 22 762 l
211 689 265 754 rt.
289 683 376 750 ltesn
400 705 445 750 sx
466 685 590 750 iisdem
612 687 718 754 matis
740 681 847 772 ·}1·⁸⁷)
870 691 1089 777 aspirationis
1105 702 1236 766 notam,
1260 711 1332 756 non
1355 689 1505 756 litteram
1521 711 1595 758 esse

125 791 425 868 existimaturum,
455 808 537 853 cum
564 800 599 852 et
624 791 729 867 baec,
758 791 861 856 sicuti
888 804 1023 858 ceterae
1043 786 1103 876 ⁸⁸),
1133 805 1266 857 eertum
1296 811 1420 859 senum
1449 795 1595 860 retineat

127 893 303 980 potestatis
327 911 419 968 suae,
442 902 482 954 ut
501 901 600 976 putas
623 893 775 969 bonos;
798 895 1051 979 numquidnam
1074 900 1199 960 onos?
1221 907 1280 959 aut
1302 908 1417 960 cetera
1438 895 1537 973 talia;
1561 908 1595 961 et

128 997 203 1060 ideo
226 997 295 1058 hcc
317 1012 459 1079 quoque
480 1011 553 1056 non
576 1005 669 1058 reete
692 995 907 1060 existimatae
928 998 1075 1062 notandi
1097 1009 1186 1062 suut.

207 1101 261 1163 28.
283 1095 388 1160 Nunc
410 1095 590 1181 quaeritur
612 1096 655 1160 de
678 1098 970 1176 consonantibus,
1001 1120 1109 1185 quare
1131 1101 1168 1163 in
1191 1098 1276 1163 duas
1297 1111 1414 1186 partes
1437 1099 1597 1163 dividan-

127 1213 189 1273 tur,
213 1201 281 1264 boc
302 1209 366 1274 est,
389 1197 427 1262 in
441 1197 667 1262 semivocales
689 1210 724 1263 et
745 1204 876 1267 mutas?
898 1201 972 1266 Hac
994 1201 1038 1266 de
1052 1221 1168 1274 causat
1186 1200 1352 1286 quoniam
1370 1202 1595 1266 semivocales
1604 1211 1635 1260 V.
1653 1210 1702 1273 157.

129 1303 292 1366 maiorem
313 1311 521 1384 potestatem
543 1299 673 1364 babent
694 1319 799 1386 quam
822 1315 953 1381 mutae;
981 1323 1063 1367 nam
1087 1323 1167 1368 eum
1190 1323 1310 1368 omnes
1330 1296 1374 1386 ⁸⁹)
1403 1305 1485 1368 artis
1505 1305 1596 1369 lato·

129 1425 195 1480 res,
222 1403 482 1489 praecipueque
498 1403 544 1486 9)
574 1400 745 1479 Caesar,
775 1417 921 1491 propter
947 1407 1119 1470 rationem
1142 1406 1320 1469 metricam
1350 1417 1385 1468 et
1406 1401 1610 1470 structura·'

130 1527 200 1570 rum
225 1504 408 1590 qualitates
431 1503 645 1587 singularum
668 1504 860 1571 litterarum
889 1527 994 1572 sonos
1014 1507 1265 1593 ponderatam,
1297 1508 1361 1572 bac
1384 1509 1518 1572 ratione
1541 1529 1596 1571 se-

131 1608 313 1672 mivocales
341 1605 446 1670 mutis
473 1606 717 1690 praeferendas
743 1609 1000 1686 iudicaverunt,
1031 1609 1127 1696 quod
1154 1609 1379 1674 semivocales
1402 1611 1597 1693 geminatae
1687 1594 1701 1622 “

129 1711 167 1774 ad
195 1729 323 1774 sonum
351 1707 532 1772 vocalibus
560 1724 765 1787 occurrunt,
793 1713 861 1778 boc
890 1723 958 1789 est,
987 1725 1027 1776 ut
1048 1711 1214 1794 syllabam
1244 1711 1357 1776 lacere
1383 1713 1536 1796 possint,
1559 1724 1598 1776 ut

131 1813 283 1898 putai')=
314 1811 388 1887 lla,
411 1831 499 1885 ars,
520 1830 659 1888 mons,
689 1813 804 1878 iners
826 1827 861 1878 et
883 1827 997 1880 cetera
1019 1815 1117 1891 talias
1140 1826 1282 1878 atvero
1305 1826 1420 1878 mutae
1443 1815 1600 1898 gemina-

133 1928 179 1978 tae
193 1918 251 1995 99),
274 1914 303 1978 si
314 1906 358 1995 93)
379 1913 557 1980 vocalibus
580 1926 776 1992 occurrant,
800 1937 866 1981 nec
888 1917 1071 1999 syllabam,
1095 1937 1160 1980 neo
1183 1935 1307 1980 sonum
1331 1915 1465 1980 scilieet
1486 1917 1599 1980 lacere

133 2028 289 2102 possunts
313 2017 392 2101 quis
413 2015 507 2080 enim
531 2015 582 2079 ·B·
604 2015 657 2081 ·C·
681 2016 735 2080 ·Ι)·
760 2018 813 2081 ·Κ·
838 2019 886 2082 ·Ρ·
911 2019 967 2102 ·Q·
990 2019 1043 2081 ·Τ·
1067 2017 1123 2082 ·G·
1141 2013 1184 2098 ⁹⁴)
1215 2019 1406 2102 geminatas
1422 2013 1468 2101 ⁹⁵)
1493 2036 1600 2081 voca·

133 2119 217 2184 libus
246 2119 392 2183 misceat
419 2129 454 2182 et
480 2137 603 2181 sonum
634 2117 784 2200 syllabae
810 2133 926 2206 potest
955 2121 1094 2184 audire?
1129 2131 1163 2183 et
1191 2119 1270 2183 ideo
1297 2121 1363 2183 hac
1383 2119 1599 2204 praelatione

133 2221 354 2286 semivocdes
375 2231 487 2284 mutas
509 2220 574 2283 rite
595 2221 759 2284 videntur
780 2223 995 2288 antecedere.

211 2327 265 2392 29.
287 2323 391 2388 Nunc
412 2324 481 2386 boc
502 2341 700 2399 monemus,
729 2324 826 2409 quod
848 2325 901 2388 Ἠ·
929 2325 1047 2388 iuncta
1069 2342 1149 2388 cum
1174 2322 1250 2387 aliis
1278 2323 1383 2387 mutis
1404 2323 1515 2409 possit
1536 2342 1600 2387 vc-

135 2426 195 2491 cali
225 2443 434 2490 concurrere
462 2437 497 2488 et
526 2443 649 2488 sonum
678 2424 829 2507 syllabae
859 2417 1105 2509 suscitatori),
1129 2439 1164 2488 et
1190 2414 1269 2488 ideo
1294 2425 1351 2489 bic
1380 2425 1600 2511 aspirationis

135 2541 229 2606 nota,
253 2529 381 2605 idest,
404 2547 527 2602 sonus,
549 2545 621 2608 non
644 2527 759 2592 littera
782 2529 896 2614 accipi
909 2528 1023 2603 debet,
1047 2527 1182 2592 scilieet
1198 2527 1362 2612 quoniam
1387 2539 1500 2590 mutae
1516 2544 1602 2590 ocn-

135 2631 283 2708 innctae,
305 2629 336 2695 si
357 2628 535 2694 vocalibus
558 2643 758 2707 occurrant,
780 2631 1013 2716 prohibentur
1034 2648 1157 2693 sonum
1181 2629 1331 2710 syllabae
1354 2629 1529 2693 suscitare.

216 2732 268 2796 ·Y·
290 2743 405 2795 autem
429 2743 465 2796 et
486 2732 537 2792 ·Z·
559 2743 705 2817 propter
726 2751 851 2816 graeca
873 2733 1071 2814 nominali)
1095 2731 1211 2794 Latini
1234 2732 1421 2817 accipiunt.

216 2837 267 2900 30.
290 2835 395 2897 Nunc
418 2833 522 2898 etiam
545 2833 614 2898 boc
636 2835 831 2919 quaeritur,
855 2835 990 2920 quade
1013 2854 1115 2897 causa
1138 2835 1226 2898 ratio
1250 2835 1350 2896 metri
1373 2833 1428 2897 vel
1451 2832 1604 2896 musicae

137 2937 326 3021 proclivior
356 2937 400 3000 sit
423 2934 467 2999 ad
489 2936 660 3000 rationem
684 2957 843 3022 graecam
867 2957 972 3022 quarn
994 2937 1159 3000 latinam?
1181 2935 1312 3020 Utique
1336 2937 1399 2999 bae
1423 2933 1465 2998 de
1489 2952 1602 3006 eausa,

138 3039 297 3123 queniam
326 3057 528 3124 graecarum
557 3038 750 3102 litterarum
776 3037 948 3104 vocabula
975 3039 1011 3102 in
1035 3039 1179 3102 dimidia
1201 3051 1299 3123 parte
1322 3049 1401 3100 sunt
1424 3031 1604 3114 disyllaba,

137 3153 169 3204 et
193 3142 229 3205 in
260 3140 327 3204 alia
357 3140 611 3223 monosyllaba,
641 3141 677 3206 id
707 3153 776 3218 est,
806 3153 846 3205 ut
870 3141 968 3204 XXX
997 3153 1031 3204 et
1053 3141 1103 3204 Vl
1123 3135 1168 3223 9ε’)
1197 3159 1301 3204 sonos
1325 3138 1541 3210 contineant3
1570 3147 1605 3198 at

139 3263 217 3306 vero
244 3243 438 3307 litterarum
466 3243 650 3307 latinarum
673 3245 829 3319 nomina,
854 3263 933 3306 cum
957 3243 1027 3305 sint
1049 3243 1167 3305 omnia
1197 3239 1452 3322 monosyllaba,
1476 3237 1603 3314 idest,

136 3357 173 3406 ut
193 3345 255 3408 XX
277 3357 312 3408 et
333 3365 440 3408 unum
464 3365 588 3410 sonum
612 3347 822 3421 contineant,
845 3365 986 3410 necesse
1009 3357 1071 3420 est,
1094 3356 1132 3407 ut
1155 3356 1189 3406 st
1211 3343 1247 3406 in
1271 3343 1404 3406 ratione
1427 3341 1529 3403 metri
1548 3337 1605 3402 rel

138 3445 284 3510 musicae
305 3445 384 3531 plus
408 3447 579 3512 facultatis
601 3449 689 3528 ratio
713 3467 836 3532 graeca
859 3466 963 3531 qnam
986 3446 1093 3510 latins
1115 3445 1269 3510 obtineat
1282 3447 1336 3528 99).
1369 3444 1439 3509 Sed
1460 3443 1546 3505 haec
1569 3441 1606 3504 in

138 3549 253 3612 metris
274 3549 330 3610 val
353 3549 493 3612 musicis
516 3562 755 3634 competenter
776 3550 1000 3614 tractabimus
1023 3549 1088 3629 ¹⁰⁰).

221 3651 271 3714 st.
293 3649 397 3714 Nunc
419 3661 453 3713 et
474 3651 541 3714 hoc
561 3671 752 3728 monemus,
777 3653 871 3738 quod
884 3651 986 3736 pauci
1008 3651 1121 3714 sciunt
1142 3649 1185 3730 ¹),
1218 3647 1390 3733 siquidem
1419 3665 1493 3710 non
1516 3662 1607 3708 sern-

138 3767 204 3834 per
218 3751 267 3814 ·X·
286 3750 401 3814 littera
420 3751 552 3836 duplex
571 3755 615 3818 sit
636 3755 854 3839 accipienda;
877 3753 938 3816 sed
958 3765 1041 3816 tunc
1060 3752 1191 3837 duplex
1213 3751 1435 3835 accipienda,
1465 3745 1606 3832 quando

138 3849 290 3914 subiecta
305 3854 335 3933 ²)
347 3851 513 3934 syllabam
528 3856 726 3932 confirmat,
748 3867 788 3918 ut
802 3867 902 3940 putas
926 3875 1012 3918 nox
1034 3865 1068 3919 et
1088 3871 1200 3927 noce,
1223 3851 1294 3915 lex
1317 3864 1352 3914 et
1373 3851 1462 3914 lees
1481 3843 1521 3932 ³),
1552 3847 1607 3909 ie·

137 3949 206 4014 lix
224 3966 257 4015 et
279 3953 402 4018 lelics
425 3966 459 4019 et
480 3968 594 4018 cetera
615 3956 712 4033 talia,
735 3957 909 4042 siquidem
937 3969 1020 4020 tunc
1045 3968 1079 4019 et
1100 3975 1222 4018 sonum
1248 3953 1393 4016 duarum
1413 3951 1607 4015 litterarum

137 4056 329 4133 contineam
352 4067 389 4118 at
410 4075 494 4120 raro
524 4057 664 4142 quando
688 4060 886 4145 praeposita
913 4049 1064 4140 syllabae
1093 4057 1234 4130 existat,
1265 4073 1338 4118 non
1363 4053 1510 4138 duplex,
1548 4050 1610 4113 sed

137 4155 289 4241 simplex
308 4169 360 4222 est
380 4159 601 4244 accipienda,
625 4173 664 4225 ut
684 4172 785 4247 putas
809 4161 1033 4236 maximus,
1058 4159 1226 4232 anxius3
1249 4154 1502 4240 numquidnam
1528 4171 1610 4215 ma·

135 4258 295 4326 csimus
316 4273 377 4325 aut
397 4259 568 4326 anesius
585 4274 620 4327 et
633 4253 669 4346 4)Ι
680 4275 794 4328 cetera
807 4262 909 4328 talia?
930 4273 965 4326 et
982 4262 1075 4339 ideo,
1096 4273 1135 4326 ut
1150 4259 1314 4336 diximus,
1339 4256 1500 4343 quotiens
1513 4247 1541 4335 ⁵)
1557 4251 1610 4316 ·X·

183 4579 227 4650 ⁰²)
250 4579 293 4633 di·
313 4581 395 4637 V.A.
413 4603 451 4634 =
467 4583 500 4635 P.
518 4583 559 4655 ⁸⁸)
579 4589 686 4634 ceteras
703 4580 740 4634 A.
759 4609 795 4622 -
812 4589 904 4633 setara
924 4581 960 4634 V.
986 4582 1022 4652 ⁸⁹)
1042 4595 1137 4633 omnes
1157 4579 1189 4632 V
1187 4616 1193 4629 .
1208 4578 1240 4630 P.
1259 4607 1295 4618 -
1314 4575 1404 4628 omnia
1421 4575 1458 4629 A.
1476 4573 1513 4644 9·)
1531 4589 1611 4643 prae-

249 4667 384 4742 cipueque
410 4671 446 4724 V.
466 4670 495 4722 Ρ.
514 4698 549 4714 -
567 4679 597 4722 st
613 4668 801 4741 precipueque
825 4670 861 4723 A.
888 4669 927 4739 99)
953 4677 984 4722 ιιι
1009 4677 1141 4738 puta...
1161 4665 1250 4717 lacere
1275 4670 1395 4734 possunt
1421 4663 1502 4717 V.l’.
1518 4683 1556 4711 =
1573 4661 1610 4714 A.

249 4757 285 4826 99)
304 4757 456 4826 geminatae
476 4757 511 4812 V.
526 4789 562 4802 -
579 4757 714 4828 geminata
731 4758 762 4809 P.
788 4759 825 4829 99)
845 4757 868 4808 si
888 4757 924 4809 V.
943 4785 979 4798 -
997 4762 1040 4806 est
1058 4757 1089 4807 P.
1109 4755 1146 4822 99)
1167 4751 1213 4806 ·G·
1234 4751 1269 4805 V.
1287 4769 1323 4798 -·-
1341 4751 1376 4804 A.
1406 4750 1443 4814 99)
1463 4747 1611 4818 geminatas

252 4843 286 4896 V.
303 4873 340 4886 -
366 4846 502 4915 geminata
519 4847 557 4900 A.
581 4847 620 4917 99)
639 4853 668 4898 st
693 4857 791 4896 sonunt
817 4839 939 4912 syllabae
963 4841 1096 4894 suscitare
1115 4843 1151 4895 V.
1173 4841 1203 4892 Ρ.
1222 4861 1258 4887 =
1275 4837 1311 4890 A.
1331 4839 1367 4908 99)
1388 4851 1482 4906 grassa
1501 4834 1613 4886 nomina

254 4931 287 4985 V.
305 4961 340 4974 -·-
365 4933 476 4984 nomina
495 4949 589 5003 graeca
608 4935 644 4988 A.
671 4933 710 5004 99)
728 4931 767 4984 Vl
788 4933 870 4986 V.A.
888 4961 924 4970 -
942 4929 983 4980 lll
1009 4929 1046 4982 A.
1074 4933 1109 4998 99)
1129 4924 1254 4980 obtineat
1279 4925 1307 4976 P.
1326 4955 1363 4968 -
1381 4924 1505 4996 optineat
1525 4923 1561 4978 V.
1576 4923 1611 4978 A.

256 5019 302 5088 ⁸³⁶)
320 5019 498 5073 aasentias·
518 5022 553 5075 V.
566 5019 601 5074 A.
620 5049 657 5062 -
675 5019 848 5072 tractavimus
868 5021 897 5071 Ρ.
920 5021 940 5082 ·)
955 5016 1047 5069 sciunt
1067 5016 1102 5071 V.
1116 5017 1147 5070 P.
1166 5044 1201 5058 -
1220 5019 1284 5065 snut
1302 5012 1339 5067 A.
1359 5016 1382 5083 ²)
1397 5009 1521 5064 subiecta
1532 5011 1563 5064 V
1561 5049 1567 5061 .
1577 5012 1612 5066 A.

256 5133 290 5148 -
306 5105 452 5161 subiuncta
471 5109 502 5162 P.
531 5111 557 5181 ²)
577 5106 635 5162 leca
653 5109 690 5163 A.
711 5135 744 5150 -·
762 5105 822 5178 legs
843 5107 879 5161 V.
904 5107 927 5174 ⁵)
948 5115 974 5158 ct
995 5105 1068 5160 V.l’.
1088 5111 1188 5156 -aut
1208 5105 1241 5156 A.
1267 5103 1290 5174 ⁵)
1317 5101 1446 5175 ‹puolieus
1475 5101 1510 5154 V.
1528 5111 1613 5152 conat.

255 5221 289 5234 ·-
306 5195 414 5268 quoties
432 5197 468 5252 A.
