4104 6064
515 537 880 594 FRAGMENTA
918 537 1333 595 thhildh'l'lch.

227 1039 460 1156 'nn
528 1066 1035 1156 tannaco
1103 1068 1514 1155 nunno.

548 1407 577 1470 E
603 1403 733 1470 Codice
757 1401 867 1490 Regio
890 1401 1077 1468 Parisiensi
1099 1399 1165 1469 No.
1189 1405 1283 1471 7530.

291 1682 483 1749 lambieum
514 1700 662 1751 metrum
693 1705 712 1748 a
741 1697 961 1751 monometro
999 1686 1277 1770 lrypercatalecto
1301 1686 1328 1767 1)
1359 1705 1467 1770 usque
1500 1686 1535 1748 in
1559 1699 1655 1751 octa-

181 1799 334 1850 metrum
365 1787 607 1864 acatalectum,
638 1787 768 1869 luba²)
791 1799 891 1863 teste,
920 1787 1091 1872 procedit.
1114 1787 1254 1874 Recipit
1283 1797 1397 1850 autem
1420 1787 1526 1872 pedes
1552 1791 1654 1874 quin-

180 1907 269 1971 que:
293 1886 464 1964 iambum,
488 1889 688 1970 tribrachyn
707 1881 751 1970 ³),
777 1887 970 1974 spondeum
985 1879 1031 1971 4),
1061 1888 1252 1968 dactylum,
1281 1901 1503 1972 anapaestum
1520 1885 1564 1974 ⁵);
1594 1893 1656 1955 sed

180 1989 272 2052 locis
299 1989 498 2076 inparibus,
530 1991 568 2055 id
596 2003 664 2067 est,
693 1991 827 2075 primo,
857 1991 979 2065 tertio,
1004 1988 1127 2074 quinto
1150 2002 1185 2053 et
1207 1989 1391 2075 deinceps,
1421 2009 1541 2053 omnes
1565 2011 1653 2074 quos

179 2090 337 2155 diximus
361 2091 599 2155 indifferenter
621 2091 765 2176 suscipit
787 2091 911 2176 pedes3
934 2089 1021 2154 locis
1044 2111 1126 2153 vero
1149 2090 1311 2177 paribus,
1335 2091 1371 2154 id
1395 2103 1464 2168 est,
1488 2092 1654 2166 secundo,

180 2205 327 2276 quarto,
351 2205 450 2256 sexto
475 2206 509 2256 et
532 2193 718 2278 deinceps,
751 2205 882 2256 tantum
913 2203 998 2258 tres:
1029 2192 1202 2269 iambum,
1225 2192 1428 2274 tribrachyn
1450 2205 1485 2255 et
1507 2212 1655 2278 anapae-

180 2304 286 2357 stum.
309 2294 355 2358 Et
376 2297 444 2370 hoc
467 2315 586 2358 omnes
611 2295 699 2370 iere,
723 2294 784 2378 qui
807 2293 993 2379 diligenter
1015 2293 1167 2358 iambico
1189 2295 1243 2356 usi
1262 2307 1358 2368 sunt,
1383 2294 1653 2360 custodiverunt.

180 2395 255 2461 Sed
285 2397 385 2458 latini
414 2397 556 2472 comici,
589 2396 671 2460 dnm
702 2397 784 2462 satis
814 2397 953 2461 student
976 2395 1219 2460 communibus
1251 2394 1374 2459 fabulis
1397 2407 1430 2458 et
1453 2397 1605 2480 gestiunt
1626 2389 1655 2480 6)

178 2497 382 2561 comoedias
406 2496 449 2560 ad
472 2518 665 2561 sermonem
689 2499 780 2562 vitae
802 2519 939 2574 vocare,
964 2511 1195 2584 corruperunt
1216 2497 1310 2581 leges
1335 2495 1453 2560 iambi.
1475 2496 1564 2561 Nam
1582 2498 1655 2584 pri—

180 2619 293 2673 mum,
317 2597 470 2662 secundo
494 2611 526 2662 et
550 2613 674 2684 quarto
698 2614 732 2664 et
754 2613 853 2664 sexto
877 2612 910 2663 et
932 2599 1074 2686 paribus
1098 2598 1185 2662 locis
1203 2619 1274 2662 non
1297 2599 1365 2664 illis
1389 2598 1498 2664 tribus
1521 2612 1655 2664 tentum

177 2699 331 2786 pedibus
353 2711 509 2776 utuntur,
532 2701 593 2764 sed
616 2701 778 2782 omnibus
802 2702 968 2786 quinque.
991 2702 1065 2764 Nec
1088 2700 1175 2766 illud
1198 2700 1302 2764 etiam
1324 2713 1463 2764 servant
1478 2703 1517 2782 ⁷),
1540 2714 1579 2764 ut
1600 2702 1654 2765 vel

178 2800 335 2886 quadam
357 2801 522 2866 varietate
555 2803 590 2865 in
620 2803 703 2888 ipsis
732 2803 879 2888 pedibus
901 2813 1043 2866 utantur
1063 2795 1109 2885 ⁸),
1134 2814 1168 2865 et
1190 2822 1298 2886 quum
1322 2802 1462 2887 recipit,
1494 2815 1533 2866 ut
1562 2802 1655 2867 dixi-

179 2923 273 2978 mus,
298 2902 495 2987 spondium,
513 2903 718 2988 plerumque
740 2925 860 2968 omnes
870 2905 1048 2991 'spondeos
1066 2905 1197 2968 iaciunt
1212 2907 1262 2986 ⁹);
1287 2923 1393 2987 quum
1417 2893 1653 2990 anapaestum,

179 3004 391 3089 plerumque
422 3024 543 3068 omnes
573 3019 795 3091 anapaestos,
826 3019 930 3091 atque
954 3006 1073 3069 eadem
1104 3005 1147 3068 de
1176 3004 1299 3068 ceteris
1319 3005 1358 3087 ¹⁰)
1387 3018 1534 3070 servant.
1558 3006 1655 3090 Quin
1764 3013 1766 3018 '

179 3105 288 3167 etiam
321 3107 475 3170 contenti
506 3119 584 3170 sunt
610 3106 816 3193 plerumque
848 3130 956 3172 unum
986 3119 1120 3171 tantum
1151 3107 1268 3172 locum
1291 3106 1328 3169 iu
1350 3117 1424 3170 toto
1447 3127 1550 3170 versu
1572 3108 1654 3194 pedi

178 3207 342 3290 legitimo
374 3228 559 3272 reservare.
581 3209 656 3272 Nec
678 3229 750 3274 non
773 3210 965 3274 solutiones
987 3211 1035 3274 ita
1058 3208 1196 3272 crebras
1218 3221 1427 3296 ponunt,ut
1448 3206 1654 3294 plerumque

178 3309 305 3372 decem
328 3309 450 3372 breves
473 3322 508 3372 et
529 3310 678 3396 amplius
701 3333 736 3374 se
759 3325 942 3396 sequentes
964 3311 1213 3398 deprehendas.
1236 3309 1446 3394 Plerumque
1470 3311 1572 3374 etiam
1596 3325 1655 3375 aut

179 3409 370 3495 acephalos
396 3411 526 3475 iaciunt
548 3411 687 3476 eosdem
711 3411 864 3487 iambos,
888 3427 947 3477 aut
970 3411 1281 3498 hypercatalectos,
1315 3432 1403 3496 quae
1427 3431 1481 3474 res
1504 3425 1653 3476 metrum

182 3513 271 3585 boc,
303 3512 340 3576 id
371 3525 433 3590 est,
458 3513 663 3588 iambicum,
687 3515 723 3577 in
754 3514 971 3578 trochaicum
1002 3527 1182 3579 convertat
1210 3535 1351 3578 necesse
1383 3525 1450 3589 est;
1478 3533 1558 3578 nam
1582 3515 1653 3580 sive

180 3632 289 3674 unam
313 3614 479 3695 syllabam
503 3615 620 3678 demas
643 3614 686 3678 ab
709 3615 829 3694 initio,
857 3617 1056 3682 civennam
1079 3616 1184 3682 addas
1207 3617 1250 3680 de
1273 3614 1408 3689 iambo,
1438 3616 1653 3679 trochaicum

182 3701 288 3789 lacis3
319 3735 409 3799 quae
438 3735 492 3779 res
521 3717 616 3781 dedit
638 3715 687 3781 eis
710 3719 947 3796 occasionem,
978 3732 1017 3783 ut
1039 3719 1076 3782 in
1098 3717 1257 3782 iambicis
1275 3719 1314 3800 ¹¹)
1336 3717 1454 3780 metris
1478 3717 1580 3780 etia'm
1604 3717 1654 3780 le-

179 3814 286 3898 gibus
309 3817 566 3881 trochaicorum
588 3831 767 3884 uterentur
792 3822 843 3902 ¹¹).
877 3821 988 3905 Igitur
1009 3832 1154 3906 propter
1177 3821 1237 3883 hae
1261 3838 1379 3882 causas
1402 3817 1580 3882 sciendum
1604 3833 1655 3882 est

182 3918 222 3979 in
251 3919 468 3982 comoediam
498 3913 704 4007 plerumque
731 3923 886 3986 incidere
917 3936 952 3987 et
973 3923 1143 4004 dactylica
1165 3934 1273 3986 metra
1301 3932 1447 4006 propter
1468 3919 1653 4002 dactylum,

183 4031 220 4082 et
247 4023 465 4106 anapaestica
494 4037 638 4109 propter
668 4039 911 4110 anapaestum,
942 4037 975 4088 et
998 4025 1188 4110 spondiaca
1213 4035 1362 4109 propter·
1379 4021 1590 4108 spondeum,
1620 4036 1655 4086 et

184 4142 275 4206 quae
298 4121 340 4186 de
363 4121 529 4187 tribrachi
552 4137 648 4202 sunt;
676 4146 741 4189 nec
764 4147 854 4202 non,
883 4139 922 4191 ut
944 4127 1118 4200 diximus,
1140 4139 1286 4212 propter
1306 4123 1492 4209 acephalos
1515 4125 1570 4189 vel
1593 4126 1655 4207 hy-

184 4224 436 4308 percatalectos
457 4247 596 4302 versus,
620 4228 724 4291 etiam
747 4229 934 4293 trochaica.
957 4229 1031 4293 Nee
1054 4227 1141 4292 illud
1164 4240 1304 4291 servant
1325 4225 1452 4303 Latini,
1475 4238 1515 4290 ut
1536 4227 1656 4290 trime-

184 4337 258 4388 tros
282 4337 415 4398 tantum
445 4347 563 4391 versus
593 4329 758 4405 elliciant3
789 4349 868 4394 nam
895 4343 1054 4393 crescunt
1076 4351 1095 4394 a
1124 4329 1290 4394 trimetris
1311 4349 1422 4415 usque
1445 4329 1482 4392 in
1505 4341 1656 4393 octame-

184 4437 277 4503 tros,
302 4428 338 4492 ld
361 4442 426 4505 est,
453 4429 581 4494 iaciunt
603 4451 721 4494 versus
745 4430 787 4495 de
811 4431 961 4496 sedecim
985 4431 1150 4518 pedibus;
1172 4433 1263 4495 ultra
1285 4452 1488 4518 numquam,
1511 4450 1577 4495 nec
1593 4430 1657 4494 ire-

187 4548 264 4591 rum
288 4531 458 4594 minorem
478 4526 517 4616 ¹³)
540 4553 602 4597 sex
624 4533 770 4619 pedihus
792 4554 930 4597 versum
957 4555 1030 4600 esse
1052 4533 1268 4619 permittunt.

243 4719 265 4787 Ι)
284 4717 487 4789 ypereatslecto
516 4719 583 4772 Ced.
608 4735 691 4774 const.
720 4721 827 4792 ²)1uva
847 4719 915 4773 Cori.
944 4721 967 4792 ³)
988 4717 1154 4790 tribrachym
1176 4719 1243 4771 cod.
1264 4732 1347 4772 const.
1375 4719 1397 4788 ⁴)
1417 4711 1566 4789 spondium
1587 4717 1655 4769 eod.

295 4819 379 4859 const.
398 4807 423 4878 ς)
443 4817 603 4878 anapestum
625 4808 685 4861 Cod
713 4820 798 4862 const.
824 4809 847 4878 ε)
868 4815 896 4860 el
914 4807 1045 4878 gestiunt.
1065 4809 1110 4860 Ita
1128 4807 1267 4860 scribimus
1290 4827 1341 4878 pre
1360 4805 1498 4876 egestiuut
1516 4804 1591 4878 qued
1608 4803 1657 4858 ta-

295 4893 339 4946 bet
364 4895 432 4947 cod.
459 4897 483 4966 ⁷)
511 4903 626 4960 servant.
646 4897 692 4949 Sic
710 4897 832 4949 dediturus
850 4916 900 4965 pro
920 4903 1058 4947 reservant
1079 4897 1145 4949 Cod.
1176 4895 1198 4964 Ι)
1225 4903 1345 4947 utantur.
1371 4893 1417 4948 Sic
1442 4893 1581 4946 scribimus
1606 4912 1657 4963 pm

296 4988 410 5034 utuntur
422 4985 487 5036 Cael.
508 4990 530 5052 ⁹)
551 4984 655 5037 faciunt
667 4985 916 5054 Sieedidimuspte
932 4983 998 5036 iacit
1009 4983 1074 5036 cod.
1098 4984 1255 5056 ¹¹>caeteris
1269 4984 1335 5036 cad.
1359 4987 1393 5052 ¹¹)
1413 4981 1441 5034 iu
1457 4977 1591 5033 iambicis.
1612 4982 1657 5032 Ita

291 5071 430 5125 scribimus
438 5091 488 5144 pre
499 5069 623 5125 iambicis
645 5073 711 5129 Coei.
725 5075 758 5143 ¹¹)
766 5079 877 5126 utentur
888 5071 954 5126 eod.
976 5075 1009 5142 ¹³)
1019 5073 1159 5126 minorem.
1171 5071 1216 5126 Sic
1223 5073 1362 5126 scribimus
1379 5091 1430 5144 pro
1441 5067 1580 5124 minoreiu
1590 5069 1657 5120 Ced.

613 5251 677 5262 -ψ
682 5239 1234 5270 ψ·-
