4022 6068
405 531 474 600 m
821 521 1002 580 vinnan
1029 523 1159 579 PRObI
1187 523 1242 580 DE
1269 521 1453 580 NOMINE.

352 747 355 760 Ι
409 697 498 752 esse,
529 673 631 740 sicuti
662 671 742 747 sol,
773 669 834 735 sed
861 673 1023 755 genetivo
1054 691 1135 735 casu
1166 671 1270 736 solis
1302 671 1523 758 producitur,
1551 667 1653 734 salis
1676 671 1875 756 corripitur.

409 779 566 842 Pumex
590 773 772 840 masculini
803 775 940 857 generis
968 785 1036 847 est,
1065 785 1103 834 ut
1125 773 1302 856 Vergilius
1328 809 1373 824 -
1393 772 1614 837 latebroso
1638 772 1680 836 in
1703 773 1877 858 pumice

406 881 499 944 nidi
518 881 558 961 ⁶).
586 915 627 928 ·oe
659 875 795 951 Silex,
829 886 982 937 cortex
1013 874 1205 937 masculino
1236 895 1363 958 genere
1386 876 1568 950 dicuutur,
1597 874 1690 959 apud
1712 875 1877 959 antiquos
1936 913 1938 918 ν
2007 879 2008 934 l

407 981 572 1044 feminina
596 981 626 1060 9)
656 990 771 1052 erant,
802 989 842 1038 ut
869 1011 912 1024 -
942 972 1090 1040 Stabat
1121 988 1245 1039 acuta
1280 975 1445 1060 silexl)
1466 1011 1508 1026 -
1541 987 1574 1040 et
1605 1013 1651 1026 -
1678 975 1804 1042 silice
1835 977 1876 1040 ln

404 1082 558 1162 nuda⁶)
575 1118 618 1128 —
641 1092 675 1142 et
696 1116 739 1126 —
762 1095 906 1141 musco
930 1075 1166 1139 circumdat
1189 1097 1350 1140 amarae
1375 1077 1563 1142 Corticis
1582 1073 1624 1160 1).

491 1181 564 1246 Sal
587 1181 760 1246 Fabianus
777 1181 810 1261 ·)
834 1198 1012 1243 causarum
1029 1176 1237 1240 naturalium
1260 1192 1383 1242 neutro
1407 1199 1534 1262 genere
1557 1178 1710 1243 dixit-
1733 1179 1817 1245 Cur
1837 1181 1877 1262 Ι·)

404 1282 468 1348 sal
491 1283 612 1346 aliud
635 1282 908 1366 inquinatius
938 1279 1007 1342 vel
1030 1280 1223 1363 nigrius?
1254 1282 1356 1365 quia
1378 1279 1482 1344 sale
1512 1281 1599 1344 luto
1623 1293 1876 1366 congestum

404 1383 519 1466 asts)
535 1383 682 1446 —idem
697 1385 736 1464 ΙΙ)
752 1383 944 1446 masculino
959 1381 1140 1466 pluraliter
1160 1384 1415 1466 -protinus
1439 1393 1637 1447 crescunt
1658 1383 1818 1447 eilossi
1836 1384 1877 1465 ¹¹)

355 1475 361 1484 ’
405 1485 577 1565 salsas).
600 1521 642 1534 -
669 1484 831 1548 Afranius
859 1483 1002 1548 Liberto
1023 1519 1066 1534 -
1087 1503 1224 1547 meum
1253 1483 1313 1548 sal
1331 1521 1376 1536 -
1406 1485 1435 1548 si
1464 1483 1555 1548 bene
1585 1485 1698 1548 visum
1721 1485 1809 1548 mibi
1828 1481 1875 1568 l),

404 1607 539 1671 genere
556 1600 692 1652 neutro.
1659 1661 1666 1667 ,

491 1693 541 1756 19.
565 1688 668 1775 Apud
683 1689 877 1772 Vergilium
894 1700 1059 1774 tapetas
1083 1689 1275 1752 masculino
1297 1707 1425 1772 genere
1444 1689 1639 1752 invenimus
1660 1700 1698 1753 ut
1719 1725 1763 1740 ·-·
1783 1687 1877 1774 pnl-

291 1853 295 1858 .
406 1793 617 1876 cbrosque
646 1802 811 1874 tapetas
834 1791 881 1871 ¹),
914 1809 934 1852 a
962 1790 1178 1854 nominativo
1208 1791 1266 1855 bic
1299 1801 1461 1876 tapeta,
1501 1791 1598 1854 cuius
1633 1789 1876 1855 declinationii

248 1891 253 1900 '
404 1891 573 1956 ablativus
594 1890 739 1977 pluralis
767 1891 860 1976 apud
889 1891 1003 1975 ipsum
1025 1890 1220 1975 Vergilium
1249 1903 1301 1954 est
1328 1927 1371 1944 -
1401 1891 1621 1977 pictisque
1651 1894 1811 1977 tapetis
1831 1891 1875 1975 ¹).

405 1993 492 2058 Item
515 1994 574 2058 alii
596 2015 615 2056 a
636 1993 852 2056 nominativo
880 1993 936 2056 bic
959 2004 1076 2077 tapes
1097 1989 1126 2074 ¹)
1149 1992 1287 2071 dicunt,
1311 1993 1394 2078 qnia
1419 1993 1501 2058 lacit
1519 1994 1583 2056 bos
1605 1993 1876 2078 tapetas,·sed

404 2093 532 2158 lectum
554 2115 727 2179 nusquam
749 2106 810 2158 est.
1296 2103 1302 2124 ⁸

292 2199 319 2247 Γ·
336 2218 358 2269 u
373 2217 394 2252 r.
488 2200 541 2262 20.
564 2195 580 2227 ⁴
596 2197 713 2260 Finis
735 2195 872 2280 generis
890 2208 941 2260 est
962 2197 1161 2271 masculini,
1186 2197 1266 2280 quia
1282 2217 1522 2282 quaecumque
1540 2197 1683 2260 nomina
1704 2197 1878 2283 simplicia
1937 2253 1942 2270 ,

403 2297 604 2360 inanimalia
621 2319 781 2372 romana,
806 2297 923 2374 idest,
947 2298 1062 2360 anima
1077 2299 1246 2374 carentia,
1271 2299 1369 2363 ·NlS·
1389 2298 1519 2381 syllaba
1537 2299 1714 2374 liniuntur,
1737 2299 1876 2381 generis

390 2411 483 2482 'sunt
498 2399 691 2475 masculini,
714 2411 753 2461 ut
776 2398 892 2474 linis,
924 2401 1079 2475 crinis,
1111 2399 1239 2475 cinis,
1262 2401 1400 2485 panis,
1425 2401 1574 2478 amnis,
1603 2400 1728 2485 quibus
1751 2400 1875 2463 similis

402 2519 482 2564 curn
497 2501 540 2563 sit
564 2500 678 2576 linis,
702 2501 838 2584 generis
857 2495 897 2583 13)
921 2502 985 2565 erit
1002 2502 1203 2578 maseuliui;
1227 2502 1306 2566 ideo
1328 2503 1420 2566 enim
1444 2503 1591 2567 dicimus
1613 2521 1767 2578 romana,
1792 2501 1877 2586 qnia

401 2600 568 2680 lychnis
592 2601 690 2665 ·NlS·
723 2600 851 2681 syllaba
872 2603 1007 2678 linitur,
1032 2617 1066 2666 et
1091 2616 1141 2668 est
1166 2605 1303 2687 generis
1326 2603 1500 2680 feminini,
1539 2603 1599 2667 sed
1619 2622 1780 2688 graecum
1805 2614 1873 2678 est3

401 2702 481 2768 ideo
500 2702 689 2787 simplicia,
713 2703 889 2766 invenitur
911 2705 1004 2766 enim
1027 2703 1246 2790 bipennis,
1275 2705 1405 2789 figurae
1426 2706 1658 2790 compositae,
1681 2715 1715 2766 et
1733 2703 1875 2786 generis

401 2803 561 2868 feminini
581 2817 646 2880 cst;
670 2818 704 2868 et
722 2805 801 2868 ideo
823 2805 1040 2880 inanimalia,
1065 2808 1146 2890 quia
1166 2820 1245 2870 sunt
1264 2807 1433 2868 iuvenis
1457 2819 1490 2869 et
1520 2805 1652 2880 canis,
1684 2816 1876 2888 quaesunt

401 2907 538 2989 generis
557 2907 759 2970 communis.
791 2905 967 2988 Vergilius
983 2918 1098 2970 autern
1114 2919 1263 2990 utroque
1285 2927 1411 2992 genere
1435 2907 1542 2984 dixit,
1564 2919 1603 2970 nt
1624 2941 1667 2958 -
1689 2906 1802 2970 Ilaec
1825 2905 1875 2970 ti-

399 3007 464 3096 nis
488 3006 651 3070 Priami
673 3007 958 3088 lateranio-
980 3019 1077 3070 et-
1098 3009 1177 3072 Hic
1200 3008 1303 3072 linis
1327 3009 1502 3090 fandis).

483 3112 536 3172 21.
560 3110 673 3184 Dies,
697 3109 794 3170 cuius
809 3111 945 3192 generis
961 3110 1014 3186 sit,
1040 3110 1227 3194 quaeritur.
1252 3109 1404 3193 Quidam
1419 3121 1542 3195 putant
1559 3111 1696 3194 generis
1713 3109 1874 3174 feminini

400 3231 489 3284 esse,
514 3212 595 3293 quia
616 3229 855 3294 quaecumque
877 3213 1019 3276 nomina
1043 3211 1193 3274 ablatiuo
1217 3231 1315 3287 casu,
1338 3231 1484 3275 numero
1502 3212 1670 3296 singulari
1689 3211 1738 3274 ·E·
1757 3211 1875 3274 littera

400 3310 571 3395 producta
594 3313 840 3387 terminantur,
869 3314 1006 3396 generis
1029 3327 1108 3377 sunt
1127 3313 1299 3376 feminini:
1337 3327 1376 3377 ut
1403 3313 1452 3377 ab
1480 3315 1555 3376 hac
1583 3333 1627 3376 re
1661 3315 1700 3375 et‘
1721 3311 1771 3376 ab
1795 3314 1874 3376 hac

400 3433 490 3496 spe,
513 3413 596 3474 item
620 3412 668 3476 ab
690 3415 763 3478 bac
788 3415 863 3478 die.
904 3413 1036 3481 Contra
1054 3414 1212 3500 plerique
1233 3416 1416 3480 masculini
1440 3413 1577 3499 generis
1598 3435 1673 3478 esse
1694 3414 1872 3492 dixerunt,

399 3513 481 3597 qula
497 3534 609 3598 neque
623 3515 659 3577 in
673 3535 829 3592 numero,
843 3535 956 3600 neque
974 3517 1009 3580 in
1023 3517 1195 3601 qualitate
1202 3516 1406 3580 femininum
1421 3527 1530 3600 genus
1545 3515 1680 3600 recipit.
1701 3514 1872 3590 Numero,

398 3615 449 3678 sic
465 3635 623 3700 paucos
640 3616 743 3693 dies,
760 3637 1001 3702 uonpaneas
1017 3618 1182 3694 dicimns3
1206 3617 1371 3702 qualitate
1385 3639 1453 3704 qua
1475 3619 1567 3682 dies
1591 3617 1727 3681 festos
1751 3629 1786 3680 et
1800 3635 1873 3680 non

439 3916 463 3986 9)
490 3916 634 3980 feminina,
653 3922 692 3970 ita
714 3918 780 3972 Cud.
799 3918 847 3970 sed
865 3915 903 3990 τῷ
921 3936 936 3968 a
952 3931 1055 3988 puncto
1073 3931 1169 3972 notato
1188 3933 1215 3972 et
1231 3925 1413 3991 superscripto
1432 3941 1449 3974 a
1467 3942 1509 3993 pr.
1528 3941 1564 3976 ιιι.
1584 3940 1611 3974 o.
1632 3923 1667 3993 ¹⁰)
1687 3938 1737 3972 cur
1751 3951 1789 3962 -
1805 3938 1868 3972 eum

506 4003 573 4058 Cod.
602 4009 765 4057 correximus
790 4025 805 4058 a
833 4005 938 4058 Charis.
965 4011 1008 4064 82.
1036 4007 1066 4059 Ρ.
1092 4013 1126 4078 ¹¹)
1154 4005 1228 4060 idem
1246 4008 1366 4060 -item
1396 4009 1463 4061 Cod.
1484 4010 1588 4062 Charis.
1607 4011 1626 4062 I.
1646 4029 1669 4062 a.
1687 4013 1775 4062 secuti
1793 4006 1871 4060 idam

501 4090 631 4142 dedimus.
660 4093 693 4162 ¹²)
719 4089 813 4144 effossi
831 4124 866 4132 —
885 4090 965 4144 oll'osi
995 4093 1062 4146 cod.
1087 4091 1126 4167 τῷ
1151 4095 1164 4146 f
1188 4097 1275 4148 altera
1303 4101 1374 4149 iuter
1400 4099 1486 4150 linem
1505 4101 1631 4168 aprima
1655 4115 1741 4152 mauu
1758 4097 1868 4150 additu.

505 4178 538 4249 ¹³)
559 4177 664 4246 generis
686 4178 752 4231 cod.
773 4197 807 4232 ex
825 4197 875 4232 em.
894 4200 936 4250 pr.
955 4199 990 4232 ιιι.
1010 4182 1114 4252 generit
1136 4183 1204 4236 cod.
1225 4203 1242 4235 a
1259 4204 1301 4257 pr.
1318 4203 1353 4236 ιιι.

447 4284 476 4352 a)
503 4283 577 4352 Virg.
604 4282 671 4334 Aen.
690 4283 723 4336 V.
742 4288 804 4342 als.
832 4287 859 4354 b)
878 4285 954 4355 Virg.
973 4289 1039 4338 Aen.
1061 4286 1138 4339 VIII.
1158 4292 1220 4345 233.
1247 4291 1272 4360 c)
1291 4289 1367 4358 Virg.
1395 4287 1491 4359 Eclog.
1516 4289 1649 4360 1.15.d)
1673 4288 1750 4358 Virg.
1768 4285 1869 4357 Eulog.

502 4369 551 4422 Vl.
571 4373 614 4426 62.
634 4387 655 4420 s.
675 4370 703 4444 ι)
721 4373 871 4434 Fabianus,
897 4373 1058 4443 scripsimus
1078 4393 1128 4444 pro
1147 4377 1292 4430 Fauiauus
1309 4385 1341 4428 ut
1360 4375 1431 4430 Cod.
1450 4373 1534 4428 babet
1559 4378 1631 4430 intsr
1648 4397 1667 4430 ιι
1687 4384 1714 4428 et
1732 4395 1752 4430 ιι
1769 4393 1872 4446 auper-

501 4457 606 4528 aeripto
625 4459 646 4520 l,
665 4457 738 4510 unde
757 4459 790 4510 H.
818 4458 953 4512 Columna
970 4459 990 4512 l.
1011 4479 1034 4516 c.
1055 4481 1069 4514 e
1093 4470 1188 4514 nostro
1206 4460 1278 4515 libro
1306 4466 1457 4518 Flavianus
1476 4461 1564 4518 dedit.
1593 4461 1706 4516 Fabiani
1724 4479 1873 4516 causarum

501 4541 664 4599 naturalium
683 4554 711 4598 et
730 4542 764 4598 de
790 4543 952 4598 animalibus
975 4545 1041 4600 libri
1060 4550 1169 4620 saepius
1188 4569 1202 4601 a
1223 4547 1347 4604 Charisia
1367 4560 1397 4604 et
1422 4549 1559 4604 Diomede
1576 4549 1733 4604 laudantur.
1759 4549 1873 4603 Locum

501 4641 627 4686 riostrnm
646 4631 769 4686 secundo
790 4651 930 4686 causarum
955 4633 1118 4688 naturalium
1137 4635 1264 4708 adsignat
1284 4631 1425 4692 Charisius
1444 4643 1488 4698 82.
1508 4639 1539 4691 P.
1562 4639 1608 4708 s)
1627 4644 1696 4712 quia
1712 4667 1749 4682 ·-
1767 4656 1874 4709 rouge·

498 4735 571 4775 atum
590 4734 644 4783 est,
663 4718 731 4773 haec
749 4718 831 4774 verba
850 4719 924 4792 apud
944 4717 1097 4774 Cbarisium
1115 4721 1134 4776 l.
1156 4743 1179 4777 c.
1199 4726 1240 4778 sic
1257 4723 1401 4795 leguntm:
1421 4731 1510 4799 „quia
1527 4728 1572 4780 sal
1589 4745 1624 4778 ex
1639 4725 1718 4781 arido
1737 4727 1872 4796 congelu-

501 4820 558 4862 tum
582 4819 654 4862 est.“
680 4811 712 4882 g)
737 4807 815 4862 Idem
838 4807 917 4862 locus
944 4807 1018 4880 apud
1045 4807 1199 4864 Charisium
1222 4811 1242 4865 I.
1263 4831 1285 4866 c.
1305 4814 1344 4867 ita
1370 4811 1533 4886 depravatus
1550 4810 1668 4882 legitur:
1694 4813 1873 4876 Hasreacssut

502 4897 601 4962 infusis
625 4901 700 4952 salis.
726 4897 756 4969 Is)
775 4917 864 4951 meum
881 4900 939 4960 sal,
964 4914 1065 4952 norum
1082 4898 1262 4970 fragmentum
1282 4920 1296 4954 e
1317 4901 1460 4956 comoedia
1484 4902 1599 4972 Afranii
1623 4899 1669 4952 cni
1692 4895 1790 4952 titulus
1811 4909 1876 4954 erat

502 4981 642 5048 Libertum
668 4993 759 5038 utrum
784 4983 867 5038 rerba
890 4991 914 5038 si
940 4987 1008 5040 bene
1032 4991 1116 5040 visum
1141 4987 1206 5040 usibs'
1229 4990 1396 5058 grammatici
1423 4989 1481 5042 siut
1506 5006 1540 5042 an
1568 4987 1669 5046 comici
1693 4983 1873 5055 vuillelmum

501 5066 618 5136 qvirg.
636 5070 703 5122 neu.
723 5069 763 5122 III
790 5077 851 5130 358.
877 5073 904 5146 l)
924 5074 999 5144 Virg.
1018 5075 1086 5128 Aen.
1106 5075 1167 5130 VII.
1187 5081 1248 5134 277.
1274 5079 1296 5150 l)
1317 5077 1374 5132 cn.
1395 5075 1501 5132 Charis.
1521 5081 1564 5138 45.
1585 5077 1613 5130 Ρ.
1640 5077 1681 5146 ιιι)
1699 5071 1777 5143 Virg-
1797 5074 1870 5128 Atu-

502 5152 537 5205 ll.
558 5156 618 5212 554.
639 5157 674 5238 ιι)
688 5157 764 5227 Virg.
784 5160 850 5212 Aen.
870 5159 905 5213 Χ.
927 5166 986 5220 116.
