4032 6070
405 530 473 604 290
867 525 1429 586 rnon1ansu1uou.

493 675 565 740 321.
589 674 648 738 De
671 693 825 760 genere
847 676 1101 742 masculino.
1124 675 1311 742 Masculini
1334 678 1471 762 generis
1490 677 1648 753 *nomina,
1671 691 1761 762 quac
1784 669 1881 736 abla-
1997 693 1998 696 ¹

408 778 479 841 tivo
510 795 591 840 casu
619 777 756 840 numeri
784 777 968 862 singularis
996 779 1033 844 ·l·
1062 778 1177 842 littera
1204 791 1338 842 tantum
1359 783 1399 863 71)
1428 779 1674 854 terminantur,
1704 787 1737 840 et
1759 781 1882 860 a'ptota

409 899 481 942 esse
503 899 575 942 non
598 880 820 965 reperiuntur
834 883 894 962 ⁷²),
925 882 1010 944 haec
1033 881 1071 943 in
1093 881 1310 946 nominativo
1339 903 1420 947 casu
1442 882 1579 945 numeri
1601 877 1784 963 singularis
1807 893 1881 938 una
1997 939 1998 950 ,

409 983 473 1044 hac
493 975 533 1062 7”)
565 981 676 1044 forma
705 981 916 1046 definiuntur
943 995 1075 1046 tantum
1107 982 1190 1058 ·lS·,
1220 997 1259 1046 ut
1281 997 1365 1070 puta
1384 977 1440 1068 ⁷⁵):
1471 983 1520 1048 ab
1544 985 1624 1048 hoc
1647 979 1795 1045 Tiberi
1815 971 1879 1060 ⁷⁵),

409 1085 475 1146 hic
498 1081 667 1146 Tiberis
691 1095 724 1146 et
746 1083 790 1146 ad
812 1085 879 1148 hoc
903 1084 1101 1171 exemplum
1126 1085 1361 1150 declinantur:

492 1185 638 1248 Numeri
667 1184 850 1269 singularis
876 1177 935 1268 lG):
967 1189 1032 1251 hic
1066 1187 1263 1263 Tiberis,
1294 1191 1416 1253 huius
1450 1187 1646 1262 Tiberis,
1677 1183 1782 1246 huic
1812 1179 1880 1244 Ti·

407 1287 499 1352 beri
519 1291 578 1367 77),
602 1289 711 1350 hunc
735 1284 1002 1370 'l'iberim⁷⁸),
1028 1309 1049 1354 o
1073 1289 1260 1364 Tiberis,
1285 1290 1334 1354 ab
1357 1293 1437 1355 hoc
1461 1289 1609 1355 Tiberi
1626 1289 1677 1370 ⁷⁹).

494 1389 588 1452 llaec
612 1410 733 1453 sonum
758 1389 927 1475 pluralem
951 1391 1063 1456 lacere
1085 1392 1325 1477 prohibentur.

299 1489 398 1598 ipoqiiv·
493 1489 578 1554 *Sic
602 1505 635 1554 et
657 1492 724 1554 alia
746 1494 883 1576 generis
907 1495 1089 1558 masculini
1110 1496 1264 1570 nomina,
1289 1515 1377 1579 quae
1392 1495 1543 1558 ablativo
1557 1511 1638 1557 casu
1652 1491 1791 1555 numeri
1808 1489 1880 1552 slu-

357 1585 537 1677 ''gularis
570 1593 606 1655 ·1·
637 1595 751 1658 littera
773 1606 905 1658 tautum
928 1596 1160 1660 terminantur
1181 1610 1215 1662 st
1237 1593 1281 1680 ὀ)
1304 1597 1520 1662 nominativo
1544 1615 1626 1660 casu
1646 1593 1784 1658 numeri
1808 1592 1878 1654 sin-

407 1695 536 1780 gularis
560 1695 624 1759 ·lS·
648 1696 771 1760 litteris
795 1695 1021 1774 definiuntur,
1046 1699 1089 1763 ad
1113 1701 1312 1786 exemplum
1336 1699 1511 1763 Tiberis
1531 1692 1573 1779 Ἰ)
1597 1695 1826 1760 declinantur.

493 1801 565 1864 322.
588 1799 691 1862 Nunc
714 1819 759 1862 ex
781 1801 846 1862 hac
869 1799 991 1876 forma,
1015 1821 1084 1885 qua
1100 1801 1252 1864 diximus
1270 1803 1406 1886 generis
1427 1801 1610 1864 masculini
1624 1799 1768 1862 nomina
1783 1795 1879 1859 abla-

409 1901 480 1964 tivo
511 1921 591 1964 casu
619 1903 757 1964 numeri
785 1901 968 1984 singularis
997 1902 1035 1965 ·1·
1064 1903 1178 1967 littera
1201 1916 1332 1966 tantum
1358 1905 1553 1978 terminari,
1586 1904 1653 1966 hoo
1676 1919 1878 1970 monemus,

408 2003 504 2087 quod
531 2003 609 2088 plns
633 2023 735 2087 quam
761 2003 880 2066 decem
902 2017 1034 2090 septem
1058 1997 1099 2087 ἰ)
1123 2007 1215 2082 soni,
1240 2008 1307 2070 hoc
1331 2019 1397 2081 est,
1422 2025 1526 2092 quam
1549 2003 1650 2068 xvll
1672 2003 1818 2067 uomina
1834 1995 1879 2082 ⁸³)

406 2125 478 2168 non
502 2107 636 2190 possint
654 2097 697 2188 ⁸⁴)
719 2103 890 2170 exhiberi.

492 2211 565 2274 323.
588 2209 648 2272 De
671 2228 825 2291 genere
850 2207 1065 2274 feminino.
1091 2209 1265 2272 Feminini
1282 2197 1325 2290 ⁸⁵)
1347 2208 1485 2292 generis
1500 2209 1654 2284 nomina,
1678 2226 1768 2292 quae
1784 2203 1879 2268 abla-

407 2311 479 2374 tivo
503 2331 584 2374 casu
606 2312 742 2374 numeri
765 2309 949 2394 singularis
974 2311 1010 2373 ·l·
1034 2312 1148 2376 littera
1171 2324 1303 2376 tantum
1326 2309 1572 2386 terminantur,
1602 2322 1637 2373 et
1663 2320 1781 2394 aptota
1805 2327 1877 2370 csse

306 2432 335 2477 v.
353 2427 478 2479 utnon
500 2413 732 2495 reperiuntur,
756 2413 840 2473 haec
864 2412 899 2473 in
913 2414 1130 2478 nominativo
1144 2435 1224 2478 casu
1239 2413 1376 2476 numeri
1392 2411 1575 2496 singularis
1597 2431 1666 2474 una
1688 2412 1754 2474 hac
1768 2409 1878 2474 forma

406 2513 616 2575 definiuntur
645 2524 776 2574 tantum
807 2511 870 2575 ·lS·
892 2505 950 2596 ⁸⁰),
980 2529 1017 2579 ut
1040 2529 1123 2601 puta
1144 2509 1200 2597 ’7)ε
1224 2515 1272 2580 ab
1303 2517 1378 2578 hao
1399 2512 1458 2588 vi,
1487 2513 1591 2578 haec
1612 2513 1693 2588 vis,
1717 2523 1753 2575 et
1769 2503 1812 2591 ⁸⁸)
1835 2509 1878 2574 ad

405 2615 482 2677 hoc«
495 2613 694 2698 exemplum
718 2612 952 2678 declinantur:

487 2715 634 2777 Numeri
662 2715 863 2800 singularis:
893 2718 995 2781 haec
1024 2719 1105 2792 vis,
1134 2720 1260 2784 huius
1291 2719 1369 2796 vis,
1401 2719 1500 2782 huic
1521 2718 1580 2796 ri,
1604 2718 1709 2782 hanc
1729 2715 1877 2790 vim,o

394 2803 491 2894 uis,
515 2815 565 2882 ab
588 2819 665 2881 hac
686 2818 737 2882 vi.

490 2918 586 2982 Haec
617 2938 740 2981 sonum
768 2917 938 3005 pluralem
961 2918 1072 2985 iacere
1096 2922 1336 3008 prohibentur.

494 3022 568 3086 324.
583 3019 674 3084 Sane
696 3022 764 3083 hoc
780 3041 972 3098 monemus,
997 3024 1172 3108 quodsint
1188 3025 1294 3109 aliqui
1315 3025 1375 3110 qui
1390 3015 1431 3108 ⁸⁹)
1453 3024 1585 3101 vires,
1613 3019 1655 3086 ab
1679 3021 1755 3083 hac
1775 3020 1820 3082 vi
1834 3019 1878 3100 θ’)

407 3141 591 3185 numerum
620 3120 789 3206 pluralem
820 3145 892 3187 esse
925 3126 1124 3188 existiment
1146 3129 1201 3209 71).
1232 3127 1301 3190 Sed
1324 3129 1391 3190 hoc
1419 3143 1620 3198 monemus,
1649 3121 1744 3207 qnod
1772 3139 1879 3206 quae·

408 3243 557 3307 cumque
572 3225 714 3286 nomina
737 3227 873 3308 generis
898 3223 1053 3289 feminini
1071 3229 1232 3311 genetivo
1257 3249 1338 3292 casn
1355 3228 1491 3290 numeri
1522 3225 1705 3310 singularis
1734 3223 1800 3287 Ἰὸ·
1823 3223 1877 3286 lit·

407 3325 489 3386 teris
514 3324 798 3410 definiuntur⁰¹),
829 3329 913 3390 haec
936 3347 981 3390 ex
1011 3329 1132 3391 eodem
1163 3331 1325 3413 genetivo
1355 3349 1438 3392 casu
1470 3327 1608 3392 numeri
1632 3323 1877 3411 singularisl·

405 3425 570 3503 litteram,
601 3449 705 3512 quam
719 3419 763 3512 ⁹³)
784 3428 913 3493 habent
935 3443 1013 3494 ante
1029 3430 1186 3493 ultimam
1204 3444 1453 3496 consonantem
1473 3431 1681 3516 oppositam
1697 3419 1739 3508 θ’)
1764 3427 1803 3488 in
1826 3425 1876 3488 ·E·

406 3542 612 3592 convertunt
636 3544 669 3594 et
690 3532 943 3594 nominativum
973 3553 1089 3596 casnm
1108 3533 1244 3596 numeri
1268 3533 1413 3618 pluralis
1437 3533 1623 3596 ostendunt
1645 3523 1701 3612 ⁹⁵).
1722 3527 1830 3590 Nunc
1849 3525 1878 3588 si
1997 3601 1998 3604 Ἴ

315 3624 326 3636 ’
403 3629 466 3693 vis
490 3633 558 3694 hoc
581 3632 694 3710 iaciat,
717 3633 970 3718 numquidnam
989 3627 1033 3716 76)
1057 3635 1093 3697 in
1110 3653 1256 3697 numero
1270 3637 1311 3717 77)
1336 3629 1462 3720 plurali
1485 3635 1599 3696 vires
1614 3624 1658 3714 ⁹⁸)
1682 3631 1796 3694 lacere
1820 3629 1879 3693 de·

404 3745 574 3796 monstrat
589 3736 654 3814 ⁹9)?
678 3747 711 3798 et
733 3735 812 3797 ideo
837 3737 897 3798 vis
919 3737 1056 3800 numeri
1079 3748 1211 3798 tantum
1236 3735 1419 3819 singularis
1443 3755 1516 3798 esse
1539 3734 1797 3820 pronuntiatur.

491 3837 565 3899 325.
590 3834 648 3898 Sic
671 3849 705 3900 et
727 3836 795 3899 alia
817 3838 954 3920 generis
977 3838 1135 3900 feminini
1152 3843 1206 3920 ¹⁰⁸⁸)
1228 3838 1391 3912 nomina,
1422 3857 1510 3922 quae
1534 3835 1685 3900 ablativo
1708 3852 1792 3898 casu
1814 3852 1881 3895 nu·

450 4139 486 4207 ²¹)
513 4145 623 4192 tantum
635 4139 668 4191 Β.
690 4139 726 4192 V.
744 4161 780 4188 =
799 4138 834 4191 A.
862 4141 897 4207 ⁷¹)
918 4138 1091 4210 reperiuntur
1109 4139 1140 4192 Β.
1161 4141 1198 4194 V·
1220 4139 1249 4191 P.
1268 4166 1304 4180 -
1322 4138 1499 4192 inveniuntur
1515 4133 1553 4196 A.
1578 4139 1614 4207 2¹)
1633 4153 1686 4188 uua
1713 4131 1766 4186 hae
1786 4135 1824 4188 V.
1842 4135 1881 4189 A.

398 4263 400 4268 .
513 4243 587 4276 ussus
605 4242 637 4275 sc
655 4225 686 4277 B.
714 4225 751 4294 ⁷⁴)
768 4235 836 4296 puts
855 4227 886 4280 B.
908 4227 945 4282 V.
965 4227 996 4280 Ρ.
1015 4249 1053 4276 =
1069 4227 1106 4280 A.
1136 4228 1172 4297 ²⁵)
1192 4223 1226 4277 sb
1246 4223 1299 4276 hoc
1318 4223 1414 4277 Tiberi
1435 4227 1471 4280 V.
1489 4259 1524 4269 -
1543 4222 1577 4276 ab
1597 4221 1651 4276 lsoc
1670 4220 1772 4276 Teberi
1792 4223 1825 4276 Β.
1845 4253 1883 4268 -

513 4309 547 4364 ab
567 4309 621 4364 hcc
639 4308 734 4364 Tiberi
754 4322 782 4365 st
799 4313 834 4365 A.
861 4315 897 4383 7’)
915 4313 1029 4366 Numeri
1047 4310 1194 4384 singularis
1214 4313 1249 4368 V.
1274 4342 1312 4354 -
1329 4312 1363 4365 N.
1384 4311 1413 4366 S.
1433 4313 1469 4367 A.
1488 4343 1525 4354 -
1542 4310 1643 4381 singul.
1663 4313 1695 4366 Β.
1723 4311 1760 4383 77)
1781 4308 1882 4365 Tiberi

514 4401 549 4456 V.
569 4403 659 4453 A.·-·
677 4397 780 4452 Tuberi
798 4402 829 4454 Β.
856 4401 893 4472 7’)
913 4398 1038 4453 Tiberim
1057 4401 1093 4456 V.
1113 4404 1149 4454 A.
1168 4432 1204 4445 -
1222 4397 1351 4454 Tiberesn
1371 4401 1402 4453 B.
1429 4405 1464 4468 ⁷⁹)
1492 4396 1589 4452 Tiberi
1610 4399 1646 4454 V.
1664 4401 1755 4452 1.-
1773 4396 1882 4452 Teberi

514 4489 546 4541 Β.
567 4489 603 4556 ⁸⁹)
623 4497 650 4540 st
668 4489 700 4540 B.
721 4487 753 4542 V
751 4523 758 4540 .
781 4489 810 4542 P.
829 4494 865 4539 ’π
882 4489 918 4543 A.
946 4490 984 4558 ⁸¹)
1002 4487 1113 4542 Tiberis
1134 4491 1216 4544 ΚΛ.
1238 4517 1270 4530 -
1290 4485 1408 4541 Teberis
1426 4489 1458 4541 B.
1487 4489 1524 4559 ⁸⁸)
1544 4486 1641 4539 decens
1660 4496 1767 4559 septem
1788 4487 1824 4540 V.
1843 4517 1883 4528 -

514 4576 593 4629 xvlt
611 4578 642 4631 Β.
662 4576 700 4630 A.
718 4581 758 4630 ita
773 4589 799 4629 et
813 4595 877 4628 nso:
893 4581 977 4646 infra.
997 4579 1032 4647 ”)
1052 4573 1106 4630 hoo
1125 4586 1166 4630 ast
1176 4613 1253 4630 .....
1264 4576 1375 4628 nomina
1395 4577 1427 4632 V
1450 4575 1485 4628 A.
1505 4597 1541 4626 ν..-
1558 4576 1590 4629 Β.
1611 4575 1649 4645 ”)
1666 4575 1777 4646 possiul
1795 4573 1827 4627 Β.
1844 4575 1882 4626 V.

513 4667 544 4718 Ρ.
564 4697 599 4710 -
617 4673 737 4736 possunt
754 4663 790 4716 A.
816 4663 997 4733 ⁸⁵)fs1niniui
1024 4664 1057 4716 Β.
1077 4663 1114 4718 V.
1136 4665 1166 4719 Ρ.
1184 4695 1221 4706 -
1239 4664 1390 4716 communis
1409 4663 1444 4717 A.
1471 4665 1507 4731 ¹⁶)
1534 4663 1588 4716 ·1s·
1607 4665 1640 4717 B.
1661 4664 1698 4718 V.
1717 4663 1749 4716 Ρ.
1769 4691 1805 4706 -
1824 4659 1886 4716 28ι

513 4763 545 4806 ut
563 4753 617 4808 ·lS·
636 4753 672 4805 A.
693 4753 729 4818 ’7)
748 4757 779 4802 nl
796 4761 862 4822 puta
881 4752 912 4805 Β.
934 4752 971 4806 V.
990 4751 1021 4804 Ρ.
1041 4783 1076 4792 -
1094 4758 1126 4802 nl
1140 4751 1176 4804 A.
1197 4753 1234 4823 ⁸⁸)
1253 4759 1282 4804 st
1299 4753 1332 4808 B.
1354 4753 1389 4806 V.
1410 4751 1445 4804 A.
1464 4773 1500 4800 =
1519 4753 1549 4804 Ρ.
1568 4752 1606 4823 ’7)
1626 4751 1673 4822 qui
1693 4751 1729 4804 V.
1749 4747 1881 4806 A.=B.

514 4843 551 4910 ⁹⁰)
570 4841 642 4892 uires
660 4837 694 4890 ab
713 4835 764 4890 hac
781 4839 809 4891 vi
828 4840 905 4891 B.—
920 4835 954 4890 ab
972 4837 1058 4889 lsacvi
1078 4839 1237 4895 viresVA.
1257 4839 1294 4910 71)
1308 4839 1465 4892 existimant
1485 4841 1515 4892 Β.
1528 4836 1775 4892 V.-sxistimaul
1794 4838 1825 4891 Ρ.
1845 4868 1884 4878 --

513 4928 737 4980 existimaverunt
761 4928 790 4981 A
825 4931 861 4996 71)
889 4923 1059 4980 definiuntur
1080 4928 1116 4979 A.
1143 4956 1179 4970 -
1204 4923 1339 4978 deliniunt
1364 4928 1395 4979 Β.
1425 4930 1461 4997 77)
1489 4945 1569 4998 quarn
1589 4927 1626 4982 V.
1646 4925 1682 4979 A.
1701 4955 1737 4966 -
1755 4943 1825 4996 qnae
1845 4925 1883 4979 Β.

513 5013 549 5080 7’)
570 5015 726 5083 oppositam
744 5016 776 5068 B.
798 5017 832 5068 A.
852 5037 886 5064 ==
907 5017 942 5066 V.
962 5017 998 5080 77)
1018 5011 1171 5068 ostendunt
1189 5015 1220 5067 Β.
1241 5016 1276 5069 V·
1298 5015 1333 5068 A·
1352 5045 1387 5058 ·-
1406 5013 1555 5068 ostendant
1573 5015 1604 5067 Ρ.
1624 5015 1660 5084 ⁹⁶)
1679 5009 1886 5084 nunquidnam

513 5099 544 5150 B.
567 5099 602 5151 V.
623 5101 654 5153 P.
674 5129 707 5146 -
726 5099 860 5172 numquid
880 5104 914 5154 A.
940 5104 977 5175 77)
997 5119 1109 5154 numero
1129 5103 1165 5156 V.
1185 5103 1219 5154 A.
1240 5135 1275 5144 —
1293 5120 1405 5154 numero
1425 5105 1455 5154 B.
1482 5104 1517 5168 7’)
1537 5101 1608 5154 viret
1627 5101 1659 5154 Β.
1681 5101 1717 5155 V·
1735 5102 1772 5153 A.
1791 5121 1830 5148 =
1849 5101 1884 5152 P.

512 5187 550 5252 77)
573 5183 743 5241 domonstrat
760 5192 791 5244 B.
804 5191 1028 5242 V.—monstrst
1045 5191 1081 5243 A.
1104 5193 1151 5261 ¹⁰⁰>
1171 5190 1277 5260 generis
1296 5189 1420 5242 lensiuiui
1440 5191 1474 5245 Β.
1483 5190 1519 5246 V.
1530 5188 1699 5243 -tuniniui
1718 5187 1829 5258 generis
1844 5188 1885 5240 A.
